3544 5506
465 278 575 333 122
1363 288 1515 329 raus
1553 288 1693 331 Gan.
1735 289 1852 331 un.
1893 288 1966 330 n.
2006 288 2083 330 nn
2120 286 2391 330 anninus.

464 421 584 463 nec
615 418 720 462 ne.
745 401 1050 479 Quoniam
1083 406 1294 457 tamen
1319 400 1571 473 saepius
1588 400 1763 475 jura,
1788 406 1854 459 et
1880 400 2153 458 aliorum
2167 399 2710 473 usurpationibus,
2737 408 2802 459 et
2825 404 2961 461 solo
2984 417 3110 461 non
3140 419 3258 463 usu

465 503 880 570 amittuntur,
926 500 1072 557 ideo
1099 498 1339 557 factum
1370 506 1497 565 est.
1543 506 1616 559 ut
1642 497 1772 558 JCti
1803 501 2196 559 recentiores
2241 515 2321 559 ea
2360 501 2622 573 quidem
2658 502 2840 575 jura,
2891 502 3118 575 quibus
3151 512 3262 563 aut

461 600 682 657 utendi
702 603 816 655 aut
834 611 963 655 non
992 597 1213 654 utendi
1236 596 1666 670 plenissimum
1689 603 1787 654 est
1816 596 2147 653 hominum
2178 596 2510 655 arbitrium
2531 639 2545 667 ,
2570 612 2786 655 rerum
2815 612 3033 657 merae
3062 598 3262 658 facul-

461 700 608 757 tatis
631 697 888 756 nomine
916 697 1289 768 insignirent
1323 693 1388 768 ¹).
1433 697 1612 755 Ratio
1655 702 1895 765 autem,
1939 696 2265 768 quomodo
2296 696 2435 768 quis
2475 698 2668 755 rebus
2708 697 2835 755 suis
2861 696 3038 770 justo
3069 700 3262 758 modo

459 805 702 871 utatur,
731 798 825 857 his
854 797 987 855 fere
1010 797 1254 868 legibus
1281 796 1650 855 continetur
1683 814 1699 852 ε
1723 796 1783 870 1)
1810 796 2046 855 Nemini
2088 803 2202 854 aut
2225 802 2453 855 contra
2472 796 2634 871 juris
2659 798 2891 870 publici
2917 797 3226 857 rationem
3244 839 3260 867 ,

462 901 574 952 aut
613 909 759 952 cum
789 894 1020 970 injuria
1053 893 1328 952 aliorum
1356 894 1503 967 jure
1536 908 1655 952 suo
1693 893 1787 950 uti
1820 892 2213 965 permittitur
2237 889 2306 959 ²).
2333 896 2547 965 Neque
2587 908 2745 952 vero
2779 891 2858 967 2)
2901 909 3015 970 eo,
3049 896 3187 968 quis
3223 913 3257 954 a

455 990 617 1064 juris
651 991 745 1049 sui
785 989 1089 1049 exercitio
1119 988 1442 1062 prohiberi
1467 995 1718 1060 potest,
1761 987 1937 1061 quod
1962 988 2068 1045 alii
2102 989 2409 1046 damnum
2439 989 2697 1062 aliquod
2737 989 2883 1047 inde
2905 988 3258 1067 inseratur;

456 1107 606 1149 nam
635 1092 743 1165 qui
757 1091 906 1164 Jure
937 1105 1055 1148 suo
1082 1090 1289 1148 utitur
1309 1132 1325 1157 ,
1363 1089 1602 1147 nemini
1650 1088 1799 1147 fac-it
1824 1088 2120 1163 injuriam
2145 1085 2215 1154 ³).
2258 1090 2393 1164 Qua
2426 1089 2683 1161 quidem
2722 1089 2785 1145 in
2825 1103 2899 1147 re
2925 1090 3120 1164 judici
3153 1106 3229 1149 ca

456 1190 767 1257 rendum,
804 1193 876 1245 ut
897 1187 1076 1245 nullo
1099 1186 1291 1245 modo
1321 1184 1645 1257 indulgeat
1677 1184 1928 1243 malitiis
1955 1181 2021 1257 ⁴).
2055 1184 2116 1258 5)
2139 1188 2271 1244 Non
2294 1186 2487 1243 debet
2520 1184 2748 1253 etiam,
2794 1186 2896 1244 cui
2927 1187 3065 1258 plus
3089 1188 3259 1257 licet,

459 1284 629 1360 quod
656 1289 862 1346 minus
890 1294 1017 1357 est,
1044 1302 1175 1345 non
1210 1287 1402 1345 licere
1425 1282 1492 1359 3).
1538 1290 1875 1343 Praeterea
1917 1286 1976 1357 4)
2007 1285 2529 1359 existimandum,
2570 1285 2664 1352 ei,
2696 1287 2776 1342 ad
2799 1301 2991 1358 quem
3020 1287 3126 1363 jus
3152 1287 3264 1345 ali-

458 1387 634 1460 quod
658 1385 969 1459 pertinet,
1000 1384 1384 1442 adminicula
1421 1399 1677 1456 quoque
1718 1397 1857 1440 esse
1887 1396 2186 1440 concessa
2212 1427 2228 1452 ‚
2258 1398 2425 1456 quae
2458 1382 2724 1456 hujusce
2750 1382 2843 1440 rei
2882 1384 3024 1441 usui
3059 1384 3258 1444 inser-

457 1487 632 1544 viant
658 1482 725 1558 ⁶).
769 1488 908 1543 Jam
930 1498 1085 1542 vero
1110 1482 1170 1557 5)
1202 1483 1308 1556 qui
1337 1483 1483 1542 ideo
1505 1483 1613 1555 ,ius
1641 1476 1905 1554 aliquod
1938 1482 2050 1540 sibi
2080 1481 2271 1540 tribui
2312 1482 2492 1550 velit,
2533 1481 2709 1554 quod
2738 1496 2820 1541 eo
2841 1482 2920 1539 sit
2956 1498 3107 1540 usus
3126 1525 3144 1551 ‚
3171 1483 3257 1549 is,

459 1585 576 1643 nisi
595 1591 919 1656 tamquam
945 1597 1062 1640 suo
1085 1581 1231 1655 jure
1253 1581 1318 1639 id
1341 1579 1583 1649 fecerit,
1627 1578 1862 1638 frustra
1883 1585 2027 1650 aget
2047 1577 2128 1654 ⁷).
2179 1612 2262 1623 —
2293 1582 2623 1638 Caeterum
2670 1578 2775 1652 jus
2815 1585 3106 1638 nostrum
3151 1588 3265 1639 aut

462 1698 578 1754 per
617 1685 864 1739 nosmet
907 1679 1072 1751 ipsos
1102 1692 1503 1745 exercemus,
1551 1681 1667 1733 aut
1711 1690 1829 1748 per
1873 1675 2030 1734 alios
2056 1670 2146 1751 ⁸);
2198 1675 2280 1735 de
2322 1689 2452 1747 quo
2495 1674 2753 1749 quidem
2783 1690 2928 1734 mox
2973 1675 3263 1749 pluribus

457 1782 724 1840 dicetur.

642 1958 669 2031 ς
691 1958 821 2015 150.
856 1959 939 2014 De
950 1958 1208 2020 jurium
1231 1970 1359 2027 per
1379 1954 1539 2012 alios
1556 1951 2048 2012 exercendorum
2073 1952 2315 2010 ratione
2338 1953 2689 2026 qenemtim
2710 1954 3070 2015 dissen’tnr.

541 2145 692 2199 Cum
720 2137 1162 2211 antiquissimis
1186 2137 1441 2209 quidem
1462 2136 1885 2210 temporibus,
1909 2148 2334 2209 quaecunque
2354 2139 2756 2206 gererentur,
2780 2150 2859 2194 ea
2882 2137 3266 2212 plerumque

458 2252 575 2310 per
596 2251 666 2294 se
688 2250 1009 2307 quemque
1039 2249 1125 2313 ac‘
1141 2238 1544 2305 praesentem
1582 2238 1915 2306 oporteret
1940 2245 2166 2305 agere,
2207 2231 2322 2290 nisi
2357 2232 2530 2304 quod
2555 2246 2669 2303 per
2714 2232 3031 2306 subjectas
3070 2233 3268 2307 ipsius

461 2327 759 2400 potestati
810 2341 1117 2400 personas
1147 2332 1215 2385 et
1234 2325 1387 2399 jura
1429 2326 1765 2398 acquirere
1805 2330 1872 2382 et
1913 2324 2330 2396 obligationes
2382 2324 2768 2384 contrahere
2812 2327 3269 2398 paterfamilias

459 2435 674 2502 posset
694 2471 711 2499 ,
753 2427 1061 2501 paulatim
1107 2433 1315 2486 tamen
1363 2440 1439 2485 ex
1472 2422 1673 2486 nimio
1717 2425 1950 2483 veteris
1993 2425 2157 2498 ,iuris
2186 2424 2396 2497 rigore
2428 2424 2631 2483 multa
2656 2430 2808 2484 sunt
2842 2427 3160 2501 relaxata,
3190 2435 3272 2488 ut

452 2529 587 2602 J’am
608 2528 839 2601 cuique
865 2533 1031 2586 esset
1061 2520 1353 2594 liberum,
1383 2528 1638 2598 negotia
1662 2541 1779 2584 sua
1806 2524 2084 2599 privata,
2115 2532 2374 2599 praeter
2394 2540 2495 2593 ea,
2523 2540 2692 2598 quae
2719 2527 2801 2583 ad
2822 2525 2988 2600 ,iuris
3015 2528 3269 2603 antiqui

460 2624 891 2683 solemnitates
912 2621 1275 2695 peragenda
1296 2628 1505 2681 essent
1520 2619 1585 2694 ¹),
1606 2621 1922 2680 extraneis
1944 2634 2202 2698 quoque
2223 2620 2510 2694 personis
2527 2621 2925 2681 committere
2945 2625 3266 2682 curanda.

462 2722 680 2792 Neque
698 2734 856 2779 vero
889 2733 1198 2792 umquam
1227 2717 1461 2777 veteris
1476 2717 1641 2791 ,iuris
1664 2717 1830 2776 ratio
1859 2730 2122 2791 prorsus
2154 2717 2447 2788 evanuit,
2480 2717 2716 2790 quippe
2757 2733 2925 2792 quae
2951 2733 3156 2793 usque
3185 2734 3274 2781 eo

464 2826 715 2877 servata
744 2820 823 2877 sit
842 2862 859 2893 ‚
887 2824 963 2875 ut
985 2819 1063 2875 ad
1088 2817 1290 2890 ipsum
1322 2817 1905 2876 administratorem
1942 2818 2145 2876 omnis
2169 2816 2304 2875 fere
2334 2817 2568 2889 negotii
2591 2818 2681 2876 vis
2707 2825 2997 2891 spectare
3020 2820 3276 2880 videre-

461 2921 595 2984 tur,
624 2929 746 2973 nec
769 2915 979 2989 aliter,
1012 2914 1133 2971 nisi
1170 2929 1287 2986 per
1314 2914 1612 2985 ambages
1632 2928 1711 2972 ac
1747 2912 2157 2980 deverticula,
2184 2913 2265 2970 ad
2291 2928 2440 2971 eum
2457 2959 2474 2985 ‚
2505 2913 2687 2987 cujus
2711 2928 2814 2972 res
2841 2920 3176 2986 ageretur,
3204 2923 3280 2975 et

464 3015 873 3075 commodum
902 3021 969 3078 et
1013 3014 1491 3073 incommodum
1519 3013 1612 3072 rei
1659 3019 1875 3086 gestae
1899 3012 2231 3073 transferri
2264 3019 2484 3086 posset
2502 3011 2577 3087 ²).
2618 3017 2851 3074 Gerere
2894 3022 3109 3076 autem
3149 3032 3277 3075 ne-

1034 3261 1062 3315 s
1107 3256 1214 3306 129.
1905 3254 2634 3314 retvind.(Vl,l.)-L.t.
2671 3259 3281 3322 §12.D.deaq.pluv.

1902 3329 2016 3366 am.
2039 3322 2146 3366 act.
2167 3319 2433 3374 (Marcellus
2454 3320 2649 3378 scribit,
2669 3333 2781 3367 cum
2804 3333 2890 3377 eo,
2906 3324 2989 3381 qui
3010 3326 3058 3369 in
3080 3338 3175 3373 suo
3199 3326 3286 3374 so-

536 3382 584 3438 1)
619 3382 698 3426 Est
718 3385 884 3427 tamen
904 3395 999 3429 non
1024 3394 1148 3436 una,
1178 3385 1238 3428 de
1259 3393 1422 3427 rerum
1444 3393 1608 3427 merae
1630 3382 1841 3428 faculta-
1903 3382 2041 3427 diens
2061 3382 2204 3428 vicini
2225 3380 2409 3426 fontem
2432 3381 2608 3428 avertit
2623 3416 2638 3438 ,
2679 3383 2800 3429 nibil
2824 3395 2963 3440 posse
2983 3383 3057 3443 agi
3081 3412 3139 3421 -—
3180 3414 3246 3423 —-
3270 3423 3289 3443 ,

469 3445 532 3492 tls
552 3449 602 3488 et
623 3444 819 3490 notione
835 3480 849 3506 ,
866 3451 915 3491 et
934 3446 977 3490 vi
995 3478 1009 3500 ‚
1033 3445 1287 3491 doctorum
1308 3443 1562 3489 hominum
1581 3445 1837 3490 sententia.
1903 3443 1948 3489 si
1978 3455 2085 3490 non
2109 3441 2285 3489 auimo
2306 3443 2480 3490 vicino
2511 3446 2759 3506 nocendi,
2784 3445 2882 3491 sed
2900 3459 3055 3494 suum
3076 3461 3289 3510 ayt-um

471 3532 533 3541 —
554 3505 627 3551 ef.
673 3508 810 3564 Any.
861 3508 1057 3562 leyser-
1090 3507 1150 3551 da
1197 3507 1339 3552 rebus
1385 3517 1546 3549 mei-ae
1587 3506 1832 3552 facultatis
1898 3506 2161 3552 meliorem
2183 3505 2419 3556 faciendi
2440 3505 2848 3566 &seciam-1..
2872 3509 2920 3555 2.
2943 3512 2968 3566 ς
2988 3509 3036 3557 5.
3059 3514 3288 3561 eodem,

475 3569 868 3624 (meditationum
911 3571 973 3615 ad
1014 3570 1165 3615 Pand.
1187 3571 1428 3626 specimen
1468 3566 1618 3624 ma).
1650 3593 1709 3600 —
1744 3571 1832 3614 Jo.
1898 3591 1958 3600 —-
1981 3569 2089 3614 vid.
2118 3571 2196 3615 W
2194 3568 2320 3614 eber
2343 3581 2387 3614 v.
2408 3568 2458 3615 d.
2485 3573 2586 3613 nat.
2607 3572 2751 3617 Verb.
2774 3571 2799 3625 S
2823 3570 2933 3618 101.

471 3634 688 3678 Ernest.
715 3632 859 3678 Just.
887 3629 1076 3677 Mamer
1095 3631 1453 3676 observationes
1492 3630 1734 3685 practicae
1776 3630 1836 3676 ad
1962 3627 2010 3688 5)
2038 3632 2087 3676 L.
2113 3632 2189 3675 21.
2214 3628 2293 3677 26.
2316 3629 2426 3677 163.
2453 3628 2626 3677 155.st
2648 3633 2714 3680 de
2737 3635 3111 3693 re9.jur.-—Pr.
3142 3639 3189 3684 1.
3218 3639 3297 3687 de

470 3692 688 3748 Lesa-eri
707 3694 896 3740 meditt.
922 3694 981 3739 ad
1004 3693 1153 3738 Pand.
1173 3694 1232 3739 Τ.
1256 3694 1312 3739 V.
1338 3692 1444 3737 obs.
1466 3689 1562 3736 740
1585 3716 1639 3723 —-
1663 3690 1839 3738 747.--
1903 3694 2084 3740 servit.

474 3756 633 3803 Glaeick
655 3755 802 3801 Pand.
822 3756 963 3801 nach.
990 3753 1233 3806 Hellfeld.
1256 3757 1312 3801 T.
1338 3756 1373 3799 1.
1394 3755 1420 3808 s
1446 3751 1585 3799 15.-
1614 3754 1839 3801 Tlu'bcmt
1962 3753 2013 3814 6)
2048 3756 2099 3800 L.
2124 3755 2171 3800 2.
2196 3756 2252 3801 D.
2275 3754 2676 3811 ‹lesuram—1..
2699 3754 2780 3804 56.
2804 3756 2885 3804 62.
2913 3760 2966 3807 D.
2986 3762 3054 3809 de
3071 3775 3295 3821 procu.

468 3817 720 3864 ub.Besitz
740 3817 1185 3873 u.Verjahr.P.tl.§
1203 3816 1831 3863 22.not.t.-Unterlzolz-
1899 3821 2004 3864 rat.
2032 3817 2138 3874 (lli,
2160 3815 2344 3874 5.)—1..
2371 3817 2447 3863 10.
2474 3822 2530 3866 D.
2554 3821 2622 3867 de
2642 3831 2782 3865 serv.
2807 3822 2948 3874 (vill,
2975 3825 3171 3881 t.)-1„
3201 3829 3294 3875 20,

473 3892 575 3928 ner
622 3879 857 3926 ausftthrl.
901 3881 1056 3925 Entvv.
1088 3881 1138 3925 d.
1161 3878 1622 3934 Verjahrnngsieh1·e
1644 3879 1667 3932 S
1690 3877 1768 3926 25.
1897 3881 1983 3934 51.
2007 3880 2143 3926 [λάε
2165 3892 2303 3927 serv.
2326 3891 2412 3937 pr.
2437 3884 2555 3930 urb.
2582 3883 2986 3940 (Vlll,2.)—L.3.
3008 3889 3034 3943 s
3051 3890 3098 3934 3.
3131 3893 3197 3936 D.
3223 3891 3303 3940 de

536 3944 585 4002 2)
620 3944 670 3988 1..
695 3940 744 3987 7.
769 3945 823 3989 C.
845 3942 912 3989 de
935 3942 1077 4003 reliq.
1103 3945 1322 3988 etsumt.
1350 3939 1472 3993 fun.
1499 3940 1617 3995 (lli,
1651 3938 1729 3987 44.
1751 3945 1833 4001 )-
1896 3954 2034 3989 serv.
2056 3953 2144 4000 pr.
2167 3946 2301 3989 rust.
2323 3943 2472 4000 (vlu,
2492 3947 2560 4002 3.)

475 4007 533 4051 T.
555 4007 609 4052 C.
634 4005 700 4051 de
722 4003 977 4062 aedificiis
1006 4004 1200 4061 privat.
1245 4004 1260 4058 (
1290 4004 1418 4050 vill.
1444 4001 1550 4058 10.)
1586 4026 1643 4035 —
1691 4005 1741 4048 L.
1791 4005 1835 4051 1.
1962 4004 2012 4060 7)
2048 4006 2099 4051 Ι..
2117 4003 2194 4051 25.
2221 4007 2273 4050 D.
2298 4009 2596 4063 quemadm.
2618 4017 2762 4054 serv.
2787 4008 2954 4054 amite.
2973 4011 3215 4072 (vnto.)
3235 4041 3298 4049 -—

473 4070 500 4122 s
525 4066 600 4115 11.
633 4069 685 4113 D.
709 4066 775 4113 de
796 4080 883 4124 aq.
906 4068 1052 4123 ptuv.
1078 4078 1189 4113 arc.
1215 4069 1318 4114 act.
1341 4065 1543 4118 xxxtx,
1566 4067 1612 4111 3.
1641 4067 1840 4122 (uPi-od·
1905 4070 1957 4114 L.
1981 4067 2029 4115 7.
2061 4070 2113 4114 D.
2141 4068 2209 4113 de
2231 4069 2404 4113 imere
2426 4076 2662 4131 actuque
2684 4070 2826 4129 priv.
2848 4071 2865 4127 (
2889 4072 3058 4123 thlt,
3084 4075 3205 4132 19,)
3236 4104 3304 4111 .-

474 4143 581 4176 esse
602 4131 730 4175 enim
753 4130 843 4176 sibi
868 4132 1193 4188 unumquisque
1211 4163 1225 4177 .
1247 4128 1371 4174 dum
1396 4126 1515 4172 alie’s
1531 4140 1637 4174 non
1660 4134 1840 4192 nocet,
1905 4131 1980 4176 Cf.
2002 4132 2068 4176 cle
2092 4130 2325 4190 Saw'qny
2342 4131 2427 4177 das
2451 4133 2600 4180 Recht
2621 4135 2706 4178 des
2731 4133 2934 4179 Besitzes
2955 4135 2980 4188 S
3000 4134 3078 4185 46.
3104 4150 3164 4196 p.
3196 4138 3309 4187 540

475 4203 572 4239 uon
614 4191 913 4251 prohibetur.
938 4209 959 4233 n
982 4195 997 4250 )
1022 4216 1082 4224 —
1106 4194 1157 4238 L.
1203 4190 1279 4238 13.
1321 4191 1347 4245 S
1383 4188 1432 4236 7.
1483 4193 1534 4237 D.
1568 4191 1634 4237 de
1673 4192 1842 4249 injur.
1905 4192 2003 4249 (ed.
2027 4191 2112 4249 5.).

474 4256 650 4314 (van
670 4288 686 4312 ,
712 4252 809 4308 10.)
1962 4252 2011 4311 8)
2045 4269 2088 4301 c.
2113 4251 2193 4300 68.
2216 4254 2283 4300 de
2302 4267 2410 4314 req.
2432 4257 2546 4311 jur.
2573 4260 2622 4303 in
2641 4255 3134 4315 610(V,15.)·‹Potest
3182 4268 3312 4323 quis

536 4320 585 4372 3)
618 4321 669 4364 L.
693 4314 770 4361 26.
795 4319 848 4362 D.
867 4316 935 4362 de
966 4317 1161 4362 damno
1184 4313 1280 4368 inf.
1305 4316 1536 4372 (XXXIX.
1558 4316 1624 4371 2.)
1647 4318 1762 4362 —L.
1786 4316 1834 4364 9.
1903 4330 1986 4377 per
2010 4319 2157 4364 alium
2173 4352 2187 4374 ,
2221 4317 2350 4374 quod
2373 4325 2530 4375 potest
2550 4321 2709 4367 facere
2728 4334 2814 4380 per
2836 4333 2887 4367 se
2910 4335 3088 4380 ipsum.
3119 4341 3147 4364 n

476 4383 532 4427 D.
549 4380 616 4426 de
635 4391 774 4426 serv.
793 4391 877 4434 pr.
900 4378 1041 4433 τινὰ(
1061 4380 1179 4434 vili,
1196 4379 1263 4433 2.)
1291 4404 1343 4411 —-
1369 4380 1418 4423 L.
1446 4376 1532 4432 LS
1556 4377 1631 4423 1⁹2.
1655 4378 1723 4424 de
1744 4392 1829 4438 aq.

473 4442 548 4499 pl.
576 4454 689 4488 arc.
712 4445 818 4489 aet.
841 4440 961 4498 (not.
979 4442 1225 4497 sqq.)-—L.
1249 4439 1329 4486 55.
1352 4444 1402 4487 L.
1428 4439 1537 4488 151.
1562 4442 1614 4485 D.
1639 4440 1705 4485 de
1726 4454 1834 4502 req.
2484 4446 2509 4499 S
2532 4443 2643 4492 130.

467 4507 586 4559 jur.
611 4503 825 4559 (uNemo
845 4504 1075 4547 damnum
1100 4503 1234 4558 facit,
1257 4505 1347 4548 nisi
1372 4505 1452 4562 qui
1472 4504 1520 4549 id
1545 4503 1679 4565 fecit,
1699 4507 1831 4562 quod
2470 4552 2477 4558 ,

479 4567 638 4611 facere
653 4566 734 4623 jus
756 4577 852 4610 non
875 4564 1092 4620 bahem)
1118 4591 1173 4599 —
1204 4566 1253 4610 L.
1279 4565 1387 4613 155.
1411 4567 1501 4622 31.
1531 4566 1649 4611 eod.
1960 4565 2004 4621 1)
2045 4566 2096 4612 L.
2135 4563 2215 4611 00.
2243 4579 2314 4623 pr.
2363 4570 2415 4615 D.
2453 4568 2520 4616 de
2541 4582 2592 4614 a.
2618 4582 2667 4616 v.
2690 4583 2740 4616 ο.
2768 4570 2821 4614 ln.
2857 4572 3065 4634 (xxix,
3097 4575 3158 4620 2.
3189 4579 3212 4634 )
3247 4604 3314 4612 -

542 4624 592 4684 4)
626 4642 649 4668 ιι
685 4628 730 4672 Si
750 4633 944 4684 paratus
965 4632 1037 4670 est
1059 4628 1280 4671 dominus
1301 4635 1491 4674 tantum
1514 4631 1657 4688 dai-e,
1683 4641 1836 4686 quan-
1898 4628 1952 4674 Ι..
1981 4627 2055 4674 15.
2081 4630 2106 4683 S
2131 4630 2207 4676 10.
2233 4631 2285 4674 D.
2308 4630 2376 4677 de
2395 4633 2632 4686 acceptu.
2656 4632 2672 4687 (
2693 4632 2865 4682 va1.
2887 4631 2934 4679 ⁴.
2965 4635 2981 4690 )
3017 4659 3072 4667 --
3122 4639 3189 4685 t..
3219 4639 3315 4688 17,

483 4697 584 4736 tum
608 4689 861 4735 habitui-us
875 4693 999 4733 esset
1011 4690 1354 4748 posnam-,his
1374 4693 1518 4737 rebus
1538 4691 1730 4748 ablatis,
1751 4691 1836 4736 flat
1898 4691 1924 4744 8
1953 4690 1996 4738 1.
2019 4692 2070 4736 D.
2098 4693 2166 4739 de
2189 4694 2380 4747 appell.
2411 4694 2586 4750 (xmx.
2611 4695 2676 4750 1.)
2700 4719 2758 4727 -
2779 4696 2829 4740 L.
2849 4693 2958 4742 123.
2984 4698 3041 4743 D.
3068 4696 3152 4745 de
3181 4713 3321 4763 reg.

479 4756 524 4800 ei
558 4757 785 4810 potestas.
829 4752 992 4808 Neque
1029 4751 1226 4796 malitiis
1265 4754 1613 4810 indulgendum
1651 4760 1753 4804 est..
1793 4754 1832 4798 si
1885 4754 2000 4808 jur.
2025 4777 2085 4785 ——
2109 4756 2161 4800 1..
2181 4752 2639 4804 5.C.devind.lib.
2653 4760 2805 4813 etap.
2827 4757 3323 4812 Concil.mernum.

482 4815 765 4868 tectorium,
787 4814 916 4872 quod
940 4813 1183 4858 induxeris
1199 4847 1213 4870 ,
1247 4815 1557 4872 picturasque
1577 4816 1835 4861 corradere
1899 4818 2018 4868 (Vll,
2041 4814 2107 4871 1.)

481 4880 624 4939 velis,
646 4875 765 4925 nihil
788 4877 1000 4934 laturus,
1021 4876 1112 4921 uisi
1147 4880 1199 4921 ut
1227 4875 1466 4925 efficias.»
1510 4879 1562 4924 Ι..
1584 4875 1665 4924 58.
1690 4880 1744 4924 D.
1768 4878 1837 4924 de
1962 4878 2010 4936 Ξ)
2033 4880 2139 4925 vid.
2165 4879 2292 4924 iuti-a
2316 4886 2418 4926 not.
2435 4877 2484 4927 6.
2507 4884 2557 4927 et
2575 4882 2601 4936 ς
2620 4878 2728 4929 131.
2756 4905 2808 4913 —-
2834 4881 2911 4929 Cf.
2938 4884 2963 4936 ἓ
2989 4880 3107 4930 120.
3163 4888 3231 4935 in
3283 4893 3330 4938 f,
