3544 5506
542 337 658 394 450
1249 374 1254 382 -
1301 350 1455 396 rus
1477 343 1652 394 'eram
1693 348 1815 390 ma.
1855 347 1954 391 ιιι.
1993 345 2072 389 mi
2112 344 2644 391 osucsnomus.

539 469 750 534 sole'nt
783 465 1175 534 recentiores
1213 474 1295 550 ⁹),
1337 474 1450 532 sed
1474 471 1662 530 latius
1686 459 1881 530 etiam
1905 475 2088 543 patet
2118 469 2440 541 delegatio
2465 466 2558 543 ¹⁰).
2593 465 2868 530 Omnino
2896 471 3072 529 enim
3094 466 3346 530 utilissi-

538 584 716 626 mum
758 575 856 626 est
896 569 1227 640 negotium
1258 569 1339 626 ad
1369 581 1666 627 versuras
1696 566 2063 632 faciendae,
2095 571 2162 623 et
2184 607 2200 633 ,
2243 565 2789 636 quemadmodum
2828 562 2961 624 fieri
2992 573 3248 641 potest,
3290 572 3350 623 ut

540 666 592 724 is
608 709 624 735 ‚
651 668 732 724 ad
756 681 951 739 quem
971 666 1196 738 aliquis
1221 667 1557 737 delegatur
1573 705 1589 734 ,
1614 664 1767 722 nihil
1797 679 1951 722 vere
1971 663 2205 721 debeat
2225 663 2543 734 deleganti
2566 707 2582 734 ‚
2609 665 2719 722 sed
2742 679 2820 723 ex
2845 664 3032 739 hujus
3052 666 3347 724 mandato

540 760 996 833 obligationem
1024 776 1173 817 cum
1217 755 1617 831 delegatario
1647 758 1952 831 suscipiat
1979 757 2492 816 contrahendam
2529 753 2592 831 ¹¹)
2615 758 2741 816 :sic
2767 773 2917 817 eum
2964 759 3346 831 potissimum

540 854 607 915 in
648 857 840 913 linem
886 855 1273 913 adhibentur
1309 855 1744 928 delegationes
1766 896 1783 924 ‚
1819 859 1893 911 ut
1938 853 2202 911 nomina
2236 850 2686 910 tranierantur
2727 854 2810 910 ad
2846 849 3078 920 alium,
3107 854 3243 912 sive
3283 869 3347 912 ex

540 955 941 1027 donationis,
972 954 1103 1013 siv'e
1130 969 1523 1028 quacunque
1554 955 1679 1011 alia
1711 968 1787 1011 ex
1830 966 2022 1011 causa
2046 990 2063 1020 ,
2097 951 2269 1009 unde
2286 950 2437 1024 Jura
2466 965 2785 1023 quaerere
2810 952 2960 1010 licet
2979 993 2996 1027 ,
3025 953 3086 1010 id
3119 953 3235 1010 ilat
3260 951 3343 1026 12).

542 1057 752 1131 Quare
773 1053 973 1125 magis
993 1069 1131 1112 esse
1158 1054 1545 1113 conveniens
1572 1053 1864 1110 duximus
1882 1095 1899 1127 ,
1923 1053 2007 1110 de
2030 1051 2450 1123 delegationis
2476 1049 2536 1107 vi
2566 1065 2642 1108 ac
2670 1056 2992 1124 potestate
3020 1066 3101 1110 eo
3124 1052 3189 1109 in
3211 1053 3345 1111 loco

540 1155 855 1227 tractare,
889 1148 1001 1222 qui
1031 1157 1129 1208 est
1148 1151 1228 1210 de
1255 1149 1719 1223 obligationum
1744 1148 1827 1205 ad
1857 1145 2017 1205 alios
2053 1145 2477 1204 translatione
2504 1143 2693 1223 (Cap.
2728 1147 2852 1203 XV.
2881 1149 2908 1222 ς
2944 1143 3109 1219 404).

1634 1347 1778 1408 ⁴77.
1805 1345 1869 1425 b)
1895 1345 2231 1408 namatio
2262 1344 2361 1424 (⁴¹).

621 1563 995 1624 Transactio
1025 1570 1122 1625 est
1146 1564 1495 1626 conventio
1508 1564 1591 1622 de
1607 1562 1804 1621 rebus
1822 1563 2206 1639 ,furibusque
2235 1561 2442 1623 dubiis
2466 1557 2932 1634 componendis
2958 1555 3134 1615 inita.
3162 1554 3347 1628 Igitur

541 1664 586 1736 Ι)
614 1663 696 1720 ab
711 1663 804 1722 his
834 1664 1188 1722 transactio
1212 1664 1282 1721 nt
1302 1706 1319 1734 ‚
1351 1664 1522 1724 inter
1546 1677 1710 1736 quos
1746 1677 1823 1720 ea
1847 1662 1926 1721 de
1965 1678 2037 1721 re
2066 1662 2412 1735 ambigitur
2441 1661 2539 1720 vel
2564 1660 2963 1731 disceptatur
2981 1700 2998 1728 ‚
3028 1662 3171 1714 tum
3194 1671 3233 1712 a
3260 1669 3346 1713 re·

542 1773 688 1817 rum
710 1761 1064 1818 alienarum
1089 1761 1718 1820 administratoribus
1734 1803 1749 1829 ,
1778 1762 2005 1833 quibus
2028 1758 2284 1835 quidem
2310 1759 2728 1817 alienationes
2754 1756 2966 1815 iacere
2985 1766 3346 1812 concessum

558 1865 655 1916 est
684 1855 746 1925 ι).
775 1858 852 1933 Π)
888 1859 1167 1918 Pertinet
1197 1860 1549 1920 transactio
1587 1861 1671 1918 ad
1698 1875 1802 1919 res
1829 1862 2056 1920 dubias
2092 1857 2170 1935 ²),
2200 1876 2438 1934 easque
2478 1861 2674 1925 tales,
2708 1859 2790 1916 de
2839 1855 3072 1929 quibus
3100 1852 3346 1915 omnino

537 1962 822 2016 statuere
843 1953 991 2017 licet
1017 1958 1276 2032 privatis
1296 1955 1659 2022 hominibus
1678 1957 1750 2033 ³),
1781 1966 1917 2018 tum
1941 1976 2109 2034 quae
2129 1973 2253 2020 nec
2281 1958 2664 2020 nominatim
2692 1957 2938 2027 legibus
2958 1954 3347 2027 excipiuntur

536 2069 578 2111 a
599 2052 1104 2115 transactionum
1121 2057 1271 2131 jure
1299 2055 1375 2132 ⁴).
1408 2056 1512 2130 111)
1552 2059 1887 2118 Perflcitur
1910 2060 2262 2119 transactio
2291 2075 2367 2118 ex
2401 2056 2669 2118 Romani
2694 2056 2954 2128 quidem
2976 2053 3144 2126 juris
3175 2064 3345 2125 prae·

538 2154 741 2225 ceptis
770 2170 901 2214 non
931 2155 1050 2213 nisi
1081 2161 1193 2214 aut
1237 2155 1650 2234 stipulatione
1696 2156 1980 2215 adhibita
2004 2201 2019 2225 ‚
2056 2163 2169 2215 aut
2210 2172 2289 2215 eo
2313 2197 2330 2224 ,
2362 2156 2538 2229 quod
2584 2155 2667 2213 ab
2698 2154 2903 2211 altero
2923 2191 2940 2220 ,
2971 2151 3107 2208 sive
3149 2148 3344 2207 dando

537 2246 666 2306 sive
698 2251 1118 2319 remittendo,
1162 2250 1538 2323 praestitum
1569 2248 1652 2308 sit
1685 2246 1879 2320 illud,
1922 2252 2002 2309 de
2045 2267 2174 2326 quo
2216 2251 2605 2323 praestando
2645 2241 2951 2308 convenit
2997 2250 3220 2317 partes
3258 2239 3340 2315 ⁵);

539 2362 617 2405 ac
645 2357 983 2422 praeterea
1016 2352 1098 2408 de
1127 2352 1443 2410 alimentis
1463 2392 1480 2419 ,
1507 2351 1736 2409 suturis
1766 2348 1886 2411 illis
1915 2353 2173 2425 quidem
2192 2392 2209 2422 ,
2238 2369 2373 2412 non
2398 2349 2512 2412 nisi
2544 2367 2662 2426 per
2676 2349 2962 2424 Judicem
2990 2346 3337 2416 transigere

535 2440 684 2499 licet
715 2438 791 2516 ⁶).
834 2442 934 2517 IV)
966 2439 1070 2501 Vis
1114 2451 1209 2502 est
1247 2446 1699 2505 transactionis
1733 2448 1882 2521 jure
1915 2447 2242 2521 perfectae
2281 2449 2472 2522 haec,
2520 2453 2593 2505 ut
2629 2443 2874 2521 pristini
2904 2442 3071 2515 juris
3098 2439 3343 2498 novatio

538 2538 651 2596 ssat
669 2537 744 2612 ⁷),
777 2556 897 2599 nec
918 2556 957 2597 a
991 2544 1428 2601 transactione
1458 2544 1787 2603 discedere
1817 2545 2003 2604 alteri
2030 2547 2219 2605 liceat
2240 2588 2255 2613 ,
2289 2547 2487 2605 invito
2510 2546 2725 2603 altero
2750 2539 2824 2615 ⁸),
2848 2537 2966 2599 nisi
2995 2540 3161 2598 i'orte
3183 2552 3343 2596 com-

540 2636 826 2695 missoria
851 2638 949 2696 lex
970 2639 1224 2715 adjecta
1250 2641 1330 2698 sit
1356 2643 1799 2702 conventioni.
1831 2647 1917 2703 Ac
1943 2661 2025 2704 ne
2052 2652 2189 2704 tum
2213 2645 2471 2719 quidem
2491 2686 2508 2720 ,
2539 2643 2621 2716 si,
2654 2642 2886 2702 omissa
2913 2634 3339 2711 stipulatione,

601 2855 650 2917 9)
671 2860 782 2907 vid.
801 2872 849 2909 v.
871 2873 916 2909 c.
938 2860 1491 2918 Hoeprnercommsnt.
1514 2865 1542 2920 ς
1561 2860 1676 2910 900.
1971 2866 1997 2920 ς
2017 2863 2067 2912 5.
2089 2866 2135 2920 (ιι
2146 2866 2261 2913 Post
2283 2877 2389 2912 rem
2407 2864 2678 2921 judicatam
2700 2866 2899 2922 pactum
2923 2897 2938 2921 ‚
2959 2861 3055 2908 nisi
3079 2855 3344 2908 donationis

607 2921 686 2976 10)
721 2922 772 2968 L.
798 2922 875 2969 11.
898 2936 974 2981 pr.
999 2924 1055 2969 D.
1079 2924 1131 2970 Ιι.
1157 2928 1196 2971 t.
1235 2923 1251 2978 (
1275 2927 1539 2983 uuelegare
1583 2930 1656 2969 est
1680 2923 1782 2971 vice
1820 2938 1910 2974 sua
1972 2938 2119 2973 causa
2141 2928 2509 2985 interponatur,
2532 2925 2713 2972 servari
2738 2935 2835 2970 non
2868 2926 3133 2982 oportetm)
3156 2946 3213 2955 —
3237 2920 3345 2976 Qui-

541 2980 693 3031 alium
729 2995 865 3031 reum
902 2987 1020 3032 dare
1041 2987 1298 3039 creditori,
1342 2988 1417 3033 vel
1455 2983 1547 3033 cui
1573 2987 1821 3041 jusserit.
1847 3007 1868 3029 ιι
1893 2990 1910 3047 )
1974 2988 2065 3034 bus
2085 3001 2181 3035 non
2201 2989 2401 3035 obstant
2426 2989 2475 3033 t..
2507 2985 2557 3033 7.
2578 3000 2651 3045 pr.
2679 2990 2728 3032 et
2750 2988 2804 3031 1..
2831 2983 2908 3033 11.
2936 2988 2990 3031 D.
3030 2984 3082 3030 Ιι.
3108 2988 3144 3030 t.
3161 3008 3222 3017 —
3240 2981 3342 3027 Vid.

541 3046 653 3092 Vid.
694 3049 742 3090 et
779 3052 923 3093 notae
959 3057 1092 3107 seqq.
1133 3070 1195 3082 --
1245 3046 1494 3098 Auctoris
1529 3049 1722 3095 Cession
1760 3055 1789 3108 s
1830 3052 1908 3099 18.
1977 3051 2138 3096 Glti'ck
2160 3051 2312 3098 Pand.
2338 3052 2396 3096 V.
2414 3050 2440 3104 S
2460 3047 2554 3095 350
2580 3061 2655 3106 sq.
2677 3071 2734 3082 ——
2757 3048 2983 3105 inprimis
3004 3048 3172 3092 autem
3191 3046 3251 3090 de
3269 3054 3345 3088 ar·

541 3109 650 3154 not.
672 3103 786 3154 427.
802 3120 851 3165 p.
878 3105 995 3153 225.
1977 3117 2208 3169 gumento
2232 3112 2478 3169 proposito
2517 3110 2799 3156 conferendi
2832 3113 2949 3154 sunt
2972 3124 2984 3154 ε
3015 3107 3239 3155 meant
3269 3107 3347 3149 Ar·

605 3167 684 3225 11)
717 3168 776 3213 V.
800 3181 844 3215 c.
869 3171 921 3216 L.
941 3166 1020 3214 53.
1049 3170 1103 3216 D.
1129 3164 1181 3216 Ῐι.
1206 3172 1245 3216 t.
1268 3194 1330 3204 —
1353 3168 1471 3221 1..5.
1499 3171 1552 3217 C.
1578 3169 1634 3219 Ιι.
1661 3173 1704 3216 t.
1978 3172 2089 3219 chiv
2123 3172 2158 3219 i.
2191 3173 2285 3219 civ.
2328 3174 2406 3218 Pr.
2434 3172 2494 3217 T.
2519 3171 2643 3216 vlit.
2678 3171 2761 3215 ΝΡ.
2783 3170 2886 3216 ΧΠ.
2914 3193 2971 3201 -
2996 3165 3351 3215 Gotdsclmiae

605 3230 683 3287 12)
716 3229 775 3276 V.
797 3242 843 3276 c.
868 3232 921 3276 1..
945 3228 1026 3277 41.
1052 3244 1129 3289 pr.
1156 3234 1209 3278 D.
1234 3230 1302 3280 dc
1325 3242 1385 3281 re
1401 3231 1529 3291 jud.
1551 3232 1705 3289 (XLll
1725 3232 1832 3292 ,1.)
1864 3259 1917 3271 -
1982 3233 2153 3280 Archiv
2168 3234 2207 3280 f.
2231 3234 2325 3280 civ.
2348 3232 2513 3279 Praxis
2531 3233 2590 3278 T.
2606 3233 2682 3278 lx.
2705 3232 2877 3286 Nr.v.,
2894 3231 3115 3288 itemque
3129 3228 3349 3276 Thibaat

541 3292 596 3338 1..
618 3292 668 3351 2.
692 3292 745 3336 C.
769 3291 836 3338 de
859 3294 917 3338 0.
939 3294 995 3337 et
1014 3295 1082 3339 A.
1128 3293 1250 3349 (lv,
1276 3290 1381 3349 10.)
1409 3318 1461 3326 -
1485 3295 1538 3340 1..
1560 3294 1607 3341 1.
1634 3298 1688 3344 C.
1713 3297 1766 3343 Ιι.
1794 3300 1834 3343 ι.
1859 3320 1920 3331 -
1983 3295 2053 3341 ib.
2108 3296 2189 3341 Νι.
2245 3297 2389 3341 xxti.
2424 3317 2484 3327 —-
2515 3294 2593 3340 Cf.
2644 3293 2890 3338 Francke
2940 3291 3055 3349 eph.
3106 3291 3237 3337 Tub.
3271 3289 3344 3338 lv.

543 3353 596 3399 1..
620 3353 699 3399 11.
723 3352 773 3398 in
796 3352 834 3399 i.
854 3352 1190 3402 udedonae.
1215 3355 1358 3417 (vill,
1375 3352 1477 3415 54.)
1980 3368 2031 3415 p.
2054 3352 2117 3402 42
2141 3380 2198 3390 -
2220 3353 2301 3403 47.
2368 3412 2375 3417 ,
2754 3415 2759 3420 .

1128 3440 1288 3498 ⁹⁴⁷⁷·
1980 3415 2416 3538 Gssiaviisss‘izilz
2437 3410 3349 3535 }÷.5‚5‘.”20”:33512”52.5¹;.³3i.‘551

601 3535 664 3593 (')
699 3537 805 3595 Dis.
829 3536 910 3595 (ΙΙ,
931 3535 1033 3592 15.)
1050 3541 1102 3583 et
1121 3539 1242 3586 Cod.
1266 3539 1354 3599 (ll,
1377 3537 1448 3598 4.)
1489 3540 1557 3588 de
1591 3539 1913 3590 transactio·
1977 3541 2031 3587 C.
2054 3540 2108 3586 Ιι.
2134 3544 2171 3586 t.
2196 3540 2386 3596 (Noodt
2406 3563 2463 3573 -
2485 3540 2545 3586 de
2582 3541 2815 3585 transact.
2839 3540 2888 3582 et
2910 3541 3044 3594 pact.
3077 3538 3345 3583 criminum

539 3595 714 3645 nibus.
736 3622 799 3636 -
823 3599 930 3645 vid.
976 3601 1043 3645 11.
1083 3600 1290 3651 Donclli
1323 3606 1590 3649 comment.
1625 3605 1686 3650 ad
1728 3606 1905 3661 quosd.
1971 3602 2059 3648 lib.
2082 3602 2210 3659 sing.
2237 3625 2293 3635 —-
2315 3613 2429 3660 opp.
2454 3601 2491 3646 Ι.
2512 3612 2561 3658 p.
2581 3596 2677 3647 233
2695 3598 2960 3657 sqq.)—b)
2982 3601 3010 3656 ς
3034 3596 3146 3645 142.
3170 3604 3281 3645 not.
3301 3594 3349 3644 ⁹.

538 3659 653 3706 libr.
675 3662 792 3707 cod.
816 3661 1068 3718 (Francoi‘.
1094 3658 1264 3721 1590.)
1292 3674 1342 3723 p.
1369 3661 1432 3709 78
1449 3689 1509 3697 -
1528 3664 1636 3710 120.
1661 3687 1722 3697 ——
1744 3667 1813 3710 Η.
1837 3668 1905 3712 Ν.
1971 3668 2022 3710 et
2044 3674 2190 3721 supra
2211 3666 2238 3719 s
2258 3662 2370 3710 351.
2395 3666 2500 3709 not.
2526 3659 2576 3708 4.
2597 3659 2647 3707 5.

539 3720 802 3781 Gundliny
817 3723 876 3769 de
898 3722 1213 3769 transaction.
1234 3724 1499 3771 stabilitate
1520 3731 1568 3771 et
1585 3726 1909 3773 instabilitate
2032 3721 2082 3781 4)
2117 3725 2223 3772 vid.
2244 3727 2295 3771 L.
2318 3723 2368 3772 0.
2390 3726 2447 3770 D.
2470 3721 2520 3768 li.
2550 3726 2588 3769 t.
2609 3726 2660 3768 et
2679 3723 2736 3769 1..
2759 3721 2805 3768 1.
2825 3722 2853 3777 s
2877 3722 2922 3768 1.
2942 3723 3001 3769 D.
3024 3725 3149 3769 test.
3168 3731 3351 3780 quen·

536 3783 697 3839 capita
719 3784 905 3839 (Exere.
928 3784 1065 3829 acad.
1088 3795 1165 3829 nr.
1187 3785 1308 3834 vlit.
1337 3797 1389 3844 p.
1407 3784 1717 3844 517-358.).
1970 3781 2765 3844 adm.aper.(xxix‚5.)-Cujus
2776 3784 3353 3842 praeceptirationcmut

599 3843 647 3899 1)
679 3846 753 3891 Cf.
794 3846 847 3892 1..
879 3844 961 3891 00.
993 3848 1047 3890 1).
1084 3843 1152 3890 de
1179 3858 1328 3902 proc.
1364 3846 1465 3903 (ill,
1493 3845 1561 3906 ὅ.)
1601 3848 1717 3905 (vid.
1742 3850 1795 3894 L.
1818 3846 1899 3896 03.
1966 3848 2299 3907 exquirerent,
2314 3849 2527 3894 multum
2550 3856 2727 3904 operae
2747 3849 3018 3904 posuerunt
3035 3846 3348 3904 interpretes.

534 3904 695 3962 θαι).
728 3930 781 3939 -
804 3908 857 3954 L.
881 3903 993 3954 117.
1015 3908 1042 3962 ς
1064 3904 1111 3951 1.
1138 3905 1184 3952 2.
1208 3906 1260 3955 D.
1287 3908 1604 3965 dejurejur.
1641 3909 1786 3969 (xli,
1816 3910 1865 3957 2.
1885 3911 1902 3967 )
1966 3910 2076 3955 vid.
2100 3909 2320 3967 inprimis
2340 3905 2611 3966 Gundle'nq
2628 3919 2789 3954 exerc.
2814 3908 2896 3953 Nr.
2923 3908 2959 3952 1.
2982 3919 3034 3963 p.
3059 3907 3084 3952 1
3118 3929 3184 3940 --
3203 3905 3353 3952 80.-

535 3967 622 4020 (ct'.
647 3968 700 4014 1..
718 3966 769 4014 2.
792 3969 953 4025 eod.).
975 3990 1035 4002 -
1056 3969 1110 4013 i..
1135 3966 1213 4017 40.
1235 3970 1285 4016 in
1324 3970 1362 4015 f.
1409 3973 1464 4016 1).
1508 3971 1575 4017 de
1613 3970 1755 4017 adm.
1799 3971 1901 4018 tut.
1967 3969 2144 4017 Noodt
2166 3970 2226 4015 de
2249 3975 2381 4029 pact.
2404 3975 2454 4016 et
2474 3973 2710 4016 transact.
2733 3982 2780 4017 c.
2799 3967 2878 4016 18.
2901 3970 3038 4026 (opp.
3062 3968 3103 4013 1.
3125 3981 3178 4027 p.
3204 3965 3353 4023 405.)

535 4028 720 4091 (xxvi,
738 4026 812 4086 7.)
834 4054 895 4065 -
916 4032 968 4078 L.
983 4027 1062 4075 20.
1087 4029 1136 4074 in
1161 4031 1197 4077 i.
1222 4033 1278 4078 D.
1301 4030 1370 4076 de
1392 4037 1573 4080 novat.
1596 4031 1764 4087 (xtvt
1780 4068 1795 4091 ‚
1812 4033 1860 4080 2.
1885 4035 1902 4090 )
1969 4054 2027 4065 —
2051 4032 2117 4077 A.
2138 4031 2406 4092 Schulliny
2425 4032 2486 4077 de
2509 4034 2741 4077 transact.
2780 4043 2888 4088 sup.
2924 4033 3152 4077 controv.
3168 4063 3187 4088 ‚
3227 4038 3352 4088 quae

533 4088 619 4143 (cf.
659 4091 711 4137 L.
745 4090 825 4138 12.
848 4093 874 4146 S
899 4090 945 4140 1.
987 4090 1056 4138 de
1086 4090 1229 4140 adm.
1270 4096 1326 4139 et
1361 4094 1498 4150 tut).
1522 4118 1583 4128 —
1603 4095 1656 4141 1..
1685 4092 1767 4142 54.
1789 4096 1837 4142 in
1860 4095 1897 4140 f.
1965 4104 2028 4139 ex
2046 4094 2140 4140 ult.
2162 4096 2350 4141 volunt.
2371 4091 2780 4152 proficiscuntur,
2803 4093 2956 4138 etiam
2980 4102 3080 4137 non
3113 4090 3355 4149 inspectis

531 4149 586 4196 L.
609 4149 689 4198 50.
712 4155 739 4210 s
756 4150 804 4200 4.
830 4154 886 4199 D.
926 4153 994 4199 de
1027 4149 1161 4206 furt.
1201 4154 1399 4214 (XLVII,
1434 4153 1504 4215 2.)
1525 4182 1586 4192 -
1610 4157 1663 4203 L.
1682 4153 1732 4204 4.
1754 4158 1812 4206 C.
1834 4156 1904 4204 de
1968 4154 2042 4200 vel
2064 4155 2271 4211 cognitis
2291 4167 2460 4202 earum
2480 4153 2639 4199 verbis
2655 4159 2789 4200 recte
2812 4152 3025 4199 ineunda
3046 4152 3355 4207 (comment.

526 4213 720 4269 praed.
744 4216 798 4260 ce
814 4215 888 4261 at.
914 4215 1028 4263 reb.
1052 4214 1186 4263 nun.
1210 4215 1289 4275 (V,
1310 4214 1413 4273 71.)
1964 4216 2105 4262 acad.
2131 4217 2170 4262 1.
2195 4218 2313 4263 Diss.
2338 4218 2459 4274 tv.).
2485 4238 2547 4249 -
2571 4215 2739 4262 Getis-k
2761 4216 2915 4261 Pand.
2942 4214 3001 4259 v.
3026 4216 3053 4268 s
3072 4213 3199 4261 349.

592 4272 642 4332 2)
675 4276 729 4322 1..
756 4274 801 4321 1.
823 4277 882 4322 D.
904 4277 955 4324 Ιι.
979 4279 1016 4322 t.
1039 4278 1086 4335 (ιι
1108 4277 1198 4334 Qui
1222 4279 1467 4339 transigit,
1494 4278 1632 4337 quasi
1653 4278 1716 4325 de
1738 4290 1792 4325 re
1812 4278 1902 4325 du·
2025 4276 2073 4335 5)
2105 4277 2182 4324 Ct'.
2204 4280 2255 4327 1..
2279 4278 2330 4326 6.
2354 4276 2504 4325 1,.28.
2528 4279 2584 4324 1..
2605 4274 2686 4323 33.
2710 4277 2763 4322 1..
2783 4273 2863 4322 38.
2888 4276 2945 4321 D.
2967 4274 3026 4321 Ιι.
3046 4277 3086 4320 t.
3109 4277 3256 4334 (vid.
3280 4286 3356 4321 su·

528 4333 610 4382 bia
627 4339 685 4383 et
699 4336 792 4383 lile
811 4337 1019 4386 incer-m
1041 4348 1217 4396 nsque
1234 4338 1388 4395 finita
1411 4341 1635 4397 transigit
1649 4354 1663 4399 ς
1677 4341 1762 4398 qui
1784 4352 1899 4388 vero
1961 4349 2049 4398 pra
2072 4342 2099 4395 s
2116 4337 2231 4388 342.
2259 4340 2319 4386 sd
2339 4344 2441 4386 not.
2464 4338 2575 4398 0.)..

528 4398 792 4454 paciscitur
807 4431 822 4457 ‚
854 4401 1132 4448 donationis
1153 4410 1300 4447 causa
1338 4413 1441 4448 rem
1462 4407 1647 4448 certam
1666 4407 1717 4447 et
1753 4403 1900 4449 indu·
1979 4436 1983 4442 .
2024 4398 2073 4457 0)
2105 4403 2158 4448 i..
2181 4399 2365 4451 8.D.1..
2386 4400 2434 4450 8.
2458 4401 2582 4451 cdi.
2601 4399 2854 4457 t-‚ffloode
2878 4398 2942 4445 de
2955 4400 3093 4456 pact.
3113 4404 3170 4447 et
3194 4403 3358 4446 traus-

528 4456 783 4506 bitabilem
801 4462 1061 4508 donatione
1080 4463 1353 4519 remittitm)
1377 4464 1497 4510 -ι,
1519 4462 1569 4509 2.
1589 4465 1642 4510 C.
1667 4463 1786 4511 eod.
1815 4463 1899 4521 (ci.
1962 4467 2063 4509 act.
2084 4475 2132 4510 c.
2155 4460 2273 4517 17.).

528 4520 673 4567 Voel
689 4523 752 4569 ad
774 4521 825 4568 h.
849 4526 886 4568 t.
911 4523 1063 4571 Pand.
1087 4526 1114 4580 ς
1137 4523 1318 4582 10.).-
1334 4525 1486 4582 igitur
1501 4526 1564 4571 de
1583 4537 1636 4571 re
1655 4524 1894 4585 iudicata,
2021 4521 2070 4581 7)
2102 4526 2213 4572 vid.
2239 4526 2291 4571 L.
2314 4523 2406 4582 7.s
2428 4526 2477 4572 1.
2498 4526 2557 4572 D.
2577 4521 2629 4571 Ιι.
2655 4527 2694 4571 t.
2709 4548 2772 4559 --
2795 4525 2848 4573 L.
2870 4521 2954 4571 08.
2975 4523 3026 4570 in
3048 4522 3084 4570 i.
3109 4523 3171 4569 D.
3195 4522 3269 4570 dc
3289 4522 3360 4579 fi-

529 4584 780 4641 tamquam
803 4583 863 4629 de
886 4584 968 4630 lite
989 4585 1174 4632 incerta
1191 4618 1206 4644 ‚
1229 4586 1429 4644 transigi
1453 4586 1624 4645 nequit
1643 4620 1658 4644 ‚
1678 4588 1898 4645 quamvis
1959 4583 2156 4642 dejure.
2177 4587 2375 4645 (XLVI,
2400 4586 2467 4645 1.)
2495 4611 2552 4622 --
2575 4588 2817 4633 Avemn.
2842 4588 3050 4644 interpr.
3084 4585 3174 4631 tlt.
3214 4597 3275 4632 c-
3308 4582 3359 4632 8.

531 4641 582 4689 id
602 4645 800 4701 quidem
829 4645 934 4692 lieri
957 4649 1148 4705 potest,
1174 4651 1230 4693 ut
1248 4648 1398 4694 etiam
1416 4652 1526 4705 post
1547 4649 1682 4695 litem
1706 4649 1898 4695 finitam
1960 4659 2038 4693 nr.
2059 4646 2237 4694 2--18,
2263 4672 2320 4682 --
2340 4648 2416 4695 Cf.
2440 4652 2490 4695 et
2516 4646 2780 4709 Gundlinq
2798 4651 2831 4695 l.
2856 4648 2890 4694 l.
2917 4650 2945 4704 ς
2964 4646 3047 4694 5³.
3068 4644 3161 4693 54.

531 4708 697 4760 partes
720 4707 921 4753 inter-*se
939 4707 1248 4766 paciscantur
1269 4709 1331 4756 de
1348 4720 1402 4756 re
1419 4713 1564 4756 antea
1585 4710 1638 4755 in
1655 4709 1898 4765 judicium
2022 4707 2072 4766 8)
2106 4710 2157 4755 1..
2183 4706 2262 4756 10.
2290 4715 2342 4756 et
2368 4708 2450 4757 59.
2482 4714 2537 4759 C.
2565 4710 2618 4757 Ιι.
2650 4710 2701 4755 t.
2727 4711 2846 4765 (vid.
2869 4712 2920 4755 et
2942 4714 3049 4756 not.
3073 4720 3189 4767 seq.
3216 4710 3269 4753 et
3290 4708 3361 4754 ct.

529 4764 737 4812 deducta
766 4771 911 4826 atque
939 4770 1066 4817 alter
1099 4771 1159 4817 de
1186 4771 1297 4826 jure
1317 4780 1407 4818 suo
1428 4774 1626 4829 paulum
1651 4773 1884 4819 decedatz
1964 4781 2112 4830 supra
2133 4774 2159 4828 s
2178 4769 2291 4818 3⁴⁴.
2316 4776 2419 4819 not.
2457 4771 2548 4830 7.).
2574 4772 2872 4819 peculisi-em
2893 4771 3044 4817 etiam
3066 4782 3293 4827 poenam
3316 4772 3365 4816 ei

534 4824 571 4870 t'.
597 4825 647 4873 1..
671 4825 754 4877 25.
781 4829 808 4884 S
835 4831 880 4877 1.
902 4831 960 4876 D.
989 4828 1058 4879 de
1090 4830 1249 4879 cond.
1284 4831 1396 4880 ind.
1419 4833 1519 4890 (xli
1536 4867 1552 4893 ‚
1574 4830 1644 4891 0.)
1688 4845 1777 4880 nec
1804 4845 1902 4880 non
1961 4834 2450 4894 lexcomminataest,
2461 4835 2545 4893 qui
2568 4844 2598 4881 a
2616 4833 2781 4892 iurata
2802 4833 3137 4882 transactione
3163 4833 3365 4880 resilire

534 4886 669 4938 1,.32.
691 4890 746 4940 C.
769 4890 821 4940 Ιι.
843 4895 881 4941 t.
925 4916 981 4926 —
1026 4894 1104 4943 Cr.
1120 4896 1172 4942 et
1189 4894 1368 4946 Paulli
1386 4899 1510 4945 sent.
1541 4907 1639 4945 rec.
1673 4896 1713 4945 1.
1743 4895 1843 4945 Tit.
1866 4898 1902 4946 l.
1969 4896 2169 4957 audeat,
2190 4895 2243 4944 l..
2266 4892 2347 4945 41.
2369 4896 2425 4944 C.
2444 4897 2497 4944 Ιι.
2524 4900 2562 4943 t.
