<?xml version="1.0" encoding="UTF-8"?>
<!DOCTYPE html PUBLIC "-//W3C//DTD XHTML 1.0 Transitional//EN"
    "http://www.w3.org/TR/xhtml1/DTD/xhtml1-transitional.dtd">
<html xmlns="http://www.w3.org/1999/xhtml" xml:lang="en" lang="en">
 <head>
  <title>
</title>
<meta http-equiv="Content-Type" content="text/html;charset=utf-8" />
  <meta name='ocr-system' content='tesseract 3.04.00' />
  <meta name='ocr-capabilities' content='ocr_page ocr_carea ocr_par ocr_line ocrx_word'/>
</head>
<body>
  <div class='ocr_page' id='page_1' title='image "./doctrinapandect03mhgoog_0625.png"; bbox 0 0 3544 5506; ppageno 0'>
   <div class='ocr_carea' id='block_1_1' title="bbox 968 335 3044 396">
    <p class='ocr_par' dir='ltr' id='par_1_1' title="bbox 968 335 3044 396">
     <span class='ocr_line' id='line_1_1' title="bbox 968 335 3044 396; baseline 0.002 -6"><span class='ocrx_word' id='word_1_1' title='bbox 968 346 1102 390; x_wconf 66' lang='lat' dir='ltr'><strong>car.</strong></span> <span class='ocrx_word' id='word_1_2' title='bbox 1141 347 1240 390; x_wconf 83' lang='lat'><strong>111.</strong></span> <span class='ocrx_word' id='word_1_3' title='bbox 1280 347 1357 390; x_wconf 74' lang='lat' dir='ltr'><strong>un</strong></span> <span class='ocrx_word' id='word_1_4' title='bbox 1394 346 1758 391; x_wconf 67' lang='lat' dir='ltr'><strong>pneumata</strong></span> <span class='ocrx_word' id='word_1_5' title='bbox 1797 346 2308 396; x_wconf 68' lang='lat' dir='ltr'><strong>namin-risus.</strong></span> <span class='ocrx_word' id='word_1_6' title='bbox 2931 335 3044 394; x_wconf 74' lang='lat'><strong>60³</strong></span> 
     </span>
    </p>
   </div>
   <div class='ocr_carea' id='block_1_2' title="bbox 199 454 3050 2303">
    <p class='ocr_par' dir='ltr' id='par_1_2' title="bbox 199 454 3050 2303">
     <span class='ocr_line' id='line_1_2' title="bbox 199 454 3045 537; baseline 0.001 -20"><span class='ocrx_word' id='word_1_7' title='bbox 199 456 456 531; x_wconf 77' lang='lat' dir='ltr'><strong>,scripti</strong></span> <span class='ocrx_word' id='word_1_8' title='bbox 484 463 668 532; x_wconf 90' lang='lat' dir='ltr'><strong>sunt,</strong></span> <span class='ocrx_word' id='word_1_9' title='bbox 692 456 913 533; x_wconf 85' lang='lat' dir='ltr'><strong>aequis</strong></span> <span class='ocrx_word' id='word_1_10' title='bbox 939 473 1017 517; x_wconf 83' lang='lat' dir='ltr'><strong>ex</strong></span> <span class='ocrx_word' id='word_1_11' title='bbox 1055 454 1343 532; x_wconf 85' lang='lat' dir='ltr'><strong>partibus</strong></span> <span class='ocrx_word' id='word_1_12' title='bbox 1371 458 1692 519; x_wconf 78' lang='lat' dir='ltr'><strong>dividetur</strong></span> <span class='ocrx_word' id='word_1_13' title='bbox 1715 459 2039 519; x_wconf 87' lang='lat' dir='ltr'><strong>hereditas</strong></span> <span class='ocrx_word' id='word_1_14' title='bbox 2074 455 2152 537; x_wconf 78' lang='lat'><strong>⁶),</strong></span> <span class='ocrx_word' id='word_1_15' title='bbox 2179 459 2269 518; x_wconf 87' lang='lat' dir='ltr'><strong>ita</strong></span> <span class='ocrx_word' id='word_1_16' title='bbox 2295 454 2533 519; x_wconf 76' lang='lat' dir='ltr'><strong>scilicet</strong></span> <span class='ocrx_word' id='word_1_17' title='bbox 2554 502 2574 535; x_wconf 92' lang='lat'><strong>,</strong></span> <span class='ocrx_word' id='word_1_18' title='bbox 2603 466 2711 536; x_wconf 91' lang='lat' dir='ltr'><strong>ut,</strong></span> <span class='ocrx_word' id='word_1_19' title='bbox 2742 455 2852 534; x_wconf 89' lang='lat' dir='ltr'><strong>qui</strong></span> <span class='ocrx_word' id='word_1_20' title='bbox 2889 476 3045 521; x_wconf 81' lang='lat' dir='ltr'><strong>vere</strong></span> 
     </span>
     <span class='ocr_line' id='line_1_3' title="bbox 229 556 3043 634; baseline 0.002 -19"><span class='ocrx_word' id='word_1_21' title='bbox 229 563 381 615; x_wconf 90' lang='lat' dir='ltr'><strong>sunt</strong></span> <span class='ocrx_word' id='word_1_22' title='bbox 427 556 791 634; x_wconf 82' lang='lat' dir='ltr'><strong>conjuncti,</strong></span> <span class='ocrx_word' id='word_1_23' title='bbox 837 573 959 631; x_wconf 88' lang='lat' dir='ltr'><strong>pro</strong></span> <span class='ocrx_word' id='word_1_24' title='bbox 987 574 1117 617; x_wconf 91' lang='lat' dir='ltr'><strong>una</strong></span> <span class='ocrx_word' id='word_1_25' title='bbox 1157 559 1513 618; x_wconf 76' lang='lat' dir='ltr'><strong>habeantur</strong></span> <span class='ocrx_word' id='word_1_26' title='bbox 1546 574 1830 632; x_wconf 88' lang='lat' dir='ltr'><strong>persona</strong></span> <span class='ocrx_word' id='word_1_27' title='bbox 1867 559 2037 633; x_wconf 90' lang='lat' dir='ltr'><strong>(not.</strong></span> <span class='ocrx_word' id='word_1_28' title='bbox 2068 559 2131 617; x_wconf 79' lang='lat'><strong>2.</strong></span> <span class='ocrx_word' id='word_1_29' title='bbox 2154 557 2198 632; x_wconf 93' lang='lat'><strong>).</strong></span> <span class='ocrx_word' id='word_1_30' title='bbox 2245 563 2449 632; x_wconf 80' lang='lat' dir='ltr'><strong>Atque</strong></span> <span class='ocrx_word' id='word_1_31' title='bbox 2491 560 2659 618; x_wconf 88' lang='lat' dir='ltr'><strong>idem</strong></span> <span class='ocrx_word' id='word_1_32' title='bbox 2700 561 3043 621; x_wconf 89' lang='lat' dir='ltr'><strong>dicendum</strong></span> 
     </span>
     <span class='ocr_line' id='line_1_4' title="bbox 232 657 3048 735; baseline 0.002 -21"><span class='ocrx_word' id='word_1_33' title='bbox 232 663 370 732; x_wconf 86' lang='lat' dir='ltr'><strong>est,</strong></span> <span class='ocrx_word' id='word_1_34' title='bbox 411 657 460 715; x_wconf 94' lang='lat' dir='ltr'><strong>si</strong></span> <span class='ocrx_word' id='word_1_35' title='bbox 492 657 659 716; x_wconf 78' lang='lat' dir='ltr'><strong>forte</strong></span> <span class='ocrx_word' id='word_1_36' title='bbox 706 672 929 717; x_wconf 88' lang='lat' dir='ltr'><strong>omnes</strong></span> <span class='ocrx_word' id='word_1_37' title='bbox 969 665 1221 717; x_wconf 89' lang='lat' dir='ltr'><strong>tantum</strong></span> <span class='ocrx_word' id='word_1_38' title='bbox 1268 665 1382 718; x_wconf 89' lang='lat' dir='ltr'><strong>aut</strong></span> <span class='ocrx_word' id='word_1_39' title='bbox 1426 674 1504 718; x_wconf 85' lang='lat' dir='ltr'><strong>ex</strong></span> <span class='ocrx_word' id='word_1_40' title='bbox 1548 660 1740 719; x_wconf 87' lang='lat' dir='ltr'><strong>rebus</strong></span> <span class='ocrx_word' id='word_1_41' title='bbox 1785 658 2021 726; x_wconf 81' lang='lat' dir='ltr'><strong>certis,</strong></span> <span class='ocrx_word' id='word_1_42' title='bbox 2068 664 2178 716; x_wconf 89' lang='lat' dir='ltr'><strong>aut</strong></span> <span class='ocrx_word' id='word_1_43' title='bbox 2208 673 2286 717; x_wconf 80' lang='lat' dir='ltr'><strong>ex</strong></span> <span class='ocrx_word' id='word_1_44' title='bbox 2319 657 2607 735; x_wconf 79' lang='lat' dir='ltr'><strong>ejusdem</strong></span> <span class='ocrx_word' id='word_1_45' title='bbox 2637 659 2728 717; x_wconf 90' lang='lat' dir='ltr'><strong>rei</strong></span> <span class='ocrx_word' id='word_1_46' title='bbox 2759 660 3048 732; x_wconf 90' lang='lat' dir='ltr'><strong>partibus</strong></span> 
     </span>
     <span class='ocr_line' id='line_1_5' title="bbox 230 750 3047 828; baseline 0.002 -20"><span class='ocrx_word' id='word_1_47' title='bbox 230 750 502 810; x_wconf 83' lang='lat' dir='ltr'><strong>heredes</strong></span> <span class='ocrx_word' id='word_1_48' title='bbox 543 751 760 825; x_wconf 89' lang='lat' dir='ltr'><strong>scripti</strong></span> <span class='ocrx_word' id='word_1_49' title='bbox 790 759 972 828; x_wconf 86' lang='lat' dir='ltr'><strong>sunt;</strong></span> <span class='ocrx_word' id='word_1_50' title='bbox 1020 769 1151 827; x_wconf 89' lang='lat' dir='ltr'><strong>quo</strong></span> <span class='ocrx_word' id='word_1_51' title='bbox 1202 753 1465 826; x_wconf 91' lang='lat' dir='ltr'><strong>quidem</strong></span> <span class='ocrx_word' id='word_1_52' title='bbox 1498 753 1667 813; x_wconf 80' lang='lat' dir='ltr'><strong>iacto</strong></span> <span class='ocrx_word' id='word_1_53' title='bbox 1698 753 2047 827; x_wconf 90' lang='lat' dir='ltr'><strong>unicuique</strong></span> <span class='ocrx_word' id='word_1_54' title='bbox 2076 752 2383 811; x_wconf 87' lang='lat' dir='ltr'><strong>heredum</strong></span> <span class='ocrx_word' id='word_1_55' title='bbox 2405 796 2423 828; x_wconf 89' lang='lat'><strong>,</strong></span> <span class='ocrx_word' id='word_1_56' title='bbox 2457 759 2803 826; x_wconf 90' lang='lat' dir='ltr'><strong>praecepta</strong></span> <span class='ocrx_word' id='word_1_57' title='bbox 2847 770 2920 812; x_wconf 92' lang='lat' dir='ltr'><strong>re</strong></span> <span class='ocrx_word' id='word_1_58' title='bbox 2947 758 3047 814; x_wconf 81' lang='lat' dir='ltr'><strong>vet</strong></span> 
     </span>
     <span class='ocr_line' id='line_1_6' title="bbox 227 850 3050 930; baseline 0.001 -22"><span class='ocrx_word' id='word_1_59' title='bbox 227 858 415 924; x_wconf 89' lang='lat' dir='ltr'><strong>parte</strong></span> <span class='ocrx_word' id='word_1_60' title='bbox 443 851 799 924; x_wconf 88' lang='lat' dir='ltr'><strong>designata,</strong></span> <span class='ocrx_word' id='word_1_61' title='bbox 851 854 1136 925; x_wconf 88' lang='lat' dir='ltr'><strong>aequatis</strong></span> <span class='ocrx_word' id='word_1_62' title='bbox 1179 850 1553 912; x_wconf 88' lang='lat' dir='ltr'><strong>hereditatis</strong></span> <span class='ocrx_word' id='word_1_63' title='bbox 1603 869 1750 927; x_wconf 89' lang='lat' dir='ltr'><strong>pars</strong></span> <span class='ocrx_word' id='word_1_64' title='bbox 1793 854 2114 911; x_wconf 91' lang='lat' dir='ltr'><strong>tribuatur</strong></span> <span class='ocrx_word' id='word_1_65' title='bbox 2143 852 2213 925; x_wconf 85' lang='lat'><strong>⁷).</strong></span> <span class='ocrx_word' id='word_1_66' title='bbox 2257 853 2491 930; x_wconf 79' lang='lat' dir='ltr'><strong>Quodsi</strong></span> <span class='ocrx_word' id='word_1_67' title='bbox 2525 859 2735 930; x_wconf 90' lang='lat' dir='ltr'><strong>partes</strong></span> <span class='ocrx_word' id='word_1_68' title='bbox 2779 860 3050 913; x_wconf 89' lang='lat' dir='ltr'><strong>testator</strong></span> 
     </span>
     <span class='ocr_line' id='line_1_7' title="bbox 227 947 3046 1025; baseline 0.002 -19"><span class='ocrx_word' id='word_1_69' title='bbox 227 950 633 1020; x_wconf 69' lang='lat' dir='ltr'><strong>expresserit,</strong></span> <span class='ocrx_word' id='word_1_70' title='bbox 665 950 814 1008; x_wconf 84' lang='lat' dir='ltr'><strong>ticet</strong></span> <span class='ocrx_word' id='word_1_71' title='bbox 832 952 1213 1023; x_wconf 89' lang='lat' dir='ltr'><strong>plerumque</strong></span> <span class='ocrx_word' id='word_1_72' title='bbox 1236 951 1389 1010; x_wconf 88' lang='lat' dir='ltr'><strong>assis</strong></span> <span class='ocrx_word' id='word_1_73' title='bbox 1406 947 1470 1010; x_wconf 91' lang='lat' dir='ltr'><strong>in</strong></span> <span class='ocrx_word' id='word_1_74' title='bbox 1494 952 1834 1011; x_wconf 83' lang='lat' dir='ltr'><strong>duodecim</strong></span> <span class='ocrx_word' id='word_1_75' title='bbox 1855 952 2077 1011; x_wconf 91' lang='lat' dir='ltr'><strong>uncias</strong></span> <span class='ocrx_word' id='word_1_76' title='bbox 2100 948 2609 1010; x_wconf 77' lang='lat' dir='ltr'><strong>distributionem</strong></span> <span class='ocrx_word' id='word_1_77' title='bbox 2630 948 2675 1023; x_wconf 81' lang='lat'><strong>⁸)</strong></span> <span class='ocrx_word' id='word_1_78' title='bbox 2703 947 3046 1025; x_wconf 77' lang='lat' dir='ltr'><strong>respexisse</strong></span> 
     </span>
     <span class='ocr_line' id='line_1_8' title="bbox 227 1048 3048 1124; baseline 0.002 -19"><span class='ocrx_word' id='word_1_79' title='bbox 227 1048 557 1117; x_wconf 78' lang='lat' dir='ltr'><strong>videatur,</strong></span> <span class='ocrx_word' id='word_1_80' title='bbox 607 1051 689 1108; x_wconf 83' lang='lat' dir='ltr'><strong>a&#39;d</strong></span> <span class='ocrx_word' id='word_1_81' title='bbox 714 1065 910 1122; x_wconf 89' lang='lat' dir='ltr'><strong>quam</strong></span> <span class='ocrx_word' id='word_1_82' title='bbox 953 1052 1147 1109; x_wconf 91' lang='lat' dir='ltr'><strong>etiam</strong></span> <span class='ocrx_word' id='word_1_83' title='bbox 1169 1051 1335 1124; x_wconf 68' lang='lat' dir='ltr'><strong>⁸iuris</strong></span> <span class='ocrx_word' id='word_1_84' title='bbox 1365 1053 1567 1111; x_wconf 81' lang='lat' dir='ltr'><strong>nostri</strong></span> <span class='ocrx_word' id='word_1_85' title='bbox 1596 1058 1896 1111; x_wconf 81' lang='lat' dir='ltr'><strong>auctores</strong></span> <span class='ocrx_word' id='word_1_86' title='bbox 1924 1053 2187 1110; x_wconf 85' lang='lat' dir='ltr'><strong>decreta</strong></span> <span class='ocrx_word' id='word_1_87' title='bbox 2213 1067 2328 1110; x_wconf 89' lang='lat' dir='ltr'><strong>sua</strong></span> <span class='ocrx_word' id='word_1_88' title='bbox 2374 1052 2863 1110; x_wconf 88' lang='lat' dir='ltr'><strong>accommodare</strong></span> <span class='ocrx_word' id='word_1_89' title='bbox 2888 1067 3048 1111; x_wconf 91' lang='lat' dir='ltr'><strong>con-</strong></span> 
     </span>
     <span class='ocr_line' id='line_1_9' title="bbox 225 1149 3047 1224; baseline 0.001 -18"><span class='ocrx_word' id='word_1_90' title='bbox 225 1154 613 1223; x_wconf 83' lang='lat' dir='ltr'><strong>sueverunt,</strong></span> <span class='ocrx_word' id='word_1_91' title='bbox 642 1155 858 1208; x_wconf 89' lang='lat' dir='ltr'><strong>tamen</strong></span> <span class='ocrx_word' id='word_1_92' title='bbox 880 1151 1156 1223; x_wconf 87' lang='lat' dir='ltr'><strong>primum</strong></span> <span class='ocrx_word' id='word_1_93' title='bbox 1185 1155 1471 1209; x_wconf 89' lang='lat' dir='ltr'><strong>omnium</strong></span> <span class='ocrx_word' id='word_1_94' title='bbox 1492 1197 1508 1222; x_wconf 93' lang='lat'><strong>,</strong></span> <span class='ocrx_word' id='word_1_95' title='bbox 1543 1167 1737 1224; x_wconf 83' lang='lat' dir='ltr'><strong>quarn</strong></span> <span class='ocrx_word' id='word_1_96' title='bbox 1765 1152 1831 1208; x_wconf 91' lang='lat' dir='ltr'><strong>in</strong></span> <span class='ocrx_word' id='word_1_97' title='bbox 1861 1150 2303 1208; x_wconf 90' lang='lat' dir='ltr'><strong>distribuendo</strong></span> <span class='ocrx_word' id='word_1_98' title='bbox 2326 1149 2641 1209; x_wconf 91' lang='lat' dir='ltr'><strong>rationem</strong></span> <span class='ocrx_word' id='word_1_99' title='bbox 2666 1150 2769 1207; x_wconf 87' lang='lat' dir='ltr'><strong>iiic</strong></span> <span class='ocrx_word' id='word_1_100' title='bbox 2792 1158 3047 1211; x_wconf 87' lang='lat' dir='ltr'><strong>secutus</strong></span> 
     </span>
     <span class='ocr_line' id='line_1_10' title="bbox 226 1245 3045 1323; baseline 0.001 -19"><span class='ocrx_word' id='word_1_101' title='bbox 226 1247 311 1304; x_wconf 82' lang='lat' dir='ltr'><strong>sit</strong></span> <span class='ocrx_word' id='word_1_102' title='bbox 329 1291 345 1315; x_wconf 89' lang='lat'><strong>,</strong></span> <span class='ocrx_word' id='word_1_103' title='bbox 370 1249 787 1320; x_wconf 89' lang='lat' dir='ltr'><strong>spectandum</strong></span> <span class='ocrx_word' id='word_1_104' title='bbox 808 1255 905 1308; x_wconf 90' lang='lat' dir='ltr'><strong>est</strong></span> <span class='ocrx_word' id='word_1_105' title='bbox 934 1245 1013 1323; x_wconf 80' lang='lat'><strong>⁹).</strong></span> <span class='ocrx_word' id='word_1_106' title='bbox 1040 1255 1178 1308; x_wconf 87' lang='lat' dir='ltr'><strong>Jam</strong></span> <span class='ocrx_word' id='word_1_107' title='bbox 1205 1265 1360 1311; x_wconf 84' lang='lat' dir='ltr'><strong>vero</strong></span> <span class='ocrx_word' id='word_1_108' title='bbox 1388 1254 1444 1318; x_wconf 87' lang='grc'><strong>1)</strong></span> <span class='ocrx_word' id='word_1_109' title='bbox 1470 1245 1519 1309; x_wconf 91' lang='lat' dir='ltr'><strong>si</strong></span> <span class='ocrx_word' id='word_1_110' title='bbox 1550 1265 1776 1309; x_wconf 90' lang='lat' dir='ltr'><strong>omnes</strong></span> <span class='ocrx_word' id='word_1_111' title='bbox 1799 1250 2015 1323; x_wconf 87' lang='lat' dir='ltr'><strong>scripti</strong></span> <span class='ocrx_word' id='word_1_112' title='bbox 2049 1255 2199 1307; x_wconf 87' lang='lat' dir='ltr'><strong>sunt</strong></span> <span class='ocrx_word' id='word_1_113' title='bbox 2225 1264 2300 1308; x_wconf 88' lang='lat' dir='ltr'><strong>ex</strong></span> <span class='ocrx_word' id='word_1_114' title='bbox 2331 1255 2519 1321; x_wconf 89' lang='lat' dir='ltr'><strong>parte</strong></span> <span class='ocrx_word' id='word_1_115' title='bbox 2542 1290 2558 1314; x_wconf 87' lang='lat'><strong>‚</strong></span> <span class='ocrx_word' id='word_1_116' title='bbox 2596 1263 2735 1306; x_wconf 87' lang='lat' dir='ltr'><strong>asse</strong></span> <span class='ocrx_word' id='word_1_117' title='bbox 2758 1250 3045 1307; x_wconf 90' lang='lat' dir='ltr'><strong>nondum</strong></span> 
     </span>
     <span class='ocr_line' id='line_1_11' title="bbox 226 1341 3046 1419; baseline 0.001 -19"><span class='ocrx_word' id='word_1_118' title='bbox 226 1344 520 1415; x_wconf 85' lang='lat' dir='ltr'><strong>expleto,</strong></span> <span class='ocrx_word' id='word_1_119' title='bbox 567 1360 798 1404; x_wconf 84' lang='lat' dir='ltr'><strong>vacans</strong></span> <span class='ocrx_word' id='word_1_120' title='bbox 847 1345 1056 1418; x_wconf 89' lang='lat' dir='ltr'><strong>portio</strong></span> <span class='ocrx_word' id='word_1_121' title='bbox 1102 1361 1224 1418; x_wconf 92' lang='lat' dir='ltr'><strong>pro</strong></span> <span class='ocrx_word' id='word_1_122' title='bbox 1271 1342 1657 1405; x_wconf 89' lang='lat' dir='ltr'><strong>hereditaria</strong></span> <span class='ocrx_word' id='word_1_123' title='bbox 1687 1353 1874 1419; x_wconf 88' lang='lat' dir='ltr'><strong>parte</strong></span> <span class='ocrx_word' id='word_1_124' title='bbox 1917 1344 2151 1417; x_wconf 83' lang='lat' dir='ltr'><strong>cuique</strong></span> <span class='ocrx_word' id='word_1_125' title='bbox 2196 1344 2467 1403; x_wconf 80' lang='lat' dir='ltr'><strong>accedet</strong></span> <span class='ocrx_word' id='word_1_126' title='bbox 2514 1341 2623 1419; x_wconf 86' lang='lat'><strong>¹⁰);</strong></span> <span class='ocrx_word' id='word_1_127' title='bbox 2666 1349 2731 1400; x_wconf 89' lang='lat' dir='ltr'><strong>at</strong></span> <span class='ocrx_word' id='word_1_128' title='bbox 2758 1343 3046 1416; x_wconf 80' lang='lat' dir='ltr'><strong>pluribus</strong></span> 
     </span>
     <span class='ocr_line' id='line_1_12' title="bbox 225 1437 3045 1517; baseline 0.001 -22"><span class='ocrx_word' id='word_1_129' title='bbox 225 1454 423 1511; x_wconf 86' lang='lat' dir='ltr'><strong>quam</strong></span> <span class='ocrx_word' id='word_1_130' title='bbox 463 1440 805 1498; x_wconf 86' lang='lat' dir='ltr'><strong>duodecim</strong></span> <span class='ocrx_word' id='word_1_131' title='bbox 842 1441 1044 1499; x_wconf 91' lang='lat' dir='ltr'><strong>unciis</strong></span> <span class='ocrx_word' id='word_1_132' title='bbox 1083 1437 1436 1500; x_wconf 81' lang='lat' dir='ltr'><strong>distributis</strong></span> <span class='ocrx_word' id='word_1_133' title='bbox 1461 1485 1480 1517; x_wconf 90' lang='lat'>‚</span> <span class='ocrx_word' id='word_1_134' title='bbox 1525 1441 1701 1514; x_wconf 88' lang='lat' dir='ltr'><strong>quod</strong></span> <span class='ocrx_word' id='word_1_135' title='bbox 1748 1442 1952 1506; x_wconf 82' lang='lat' dir='ltr'><strong>ultra,</strong></span> <span class='ocrx_word' id='word_1_136' title='bbox 1995 1455 2187 1513; x_wconf 82' lang='lat' dir='ltr'><strong>quam</strong></span> <span class='ocrx_word' id='word_1_137' title='bbox 2231 1439 2609 1511; x_wconf 85' lang='lat' dir='ltr'><strong>oportebat,</strong></span> <span class='ocrx_word' id='word_1_138' title='bbox 2654 1439 3045 1511; x_wconf 89' lang='lat' dir='ltr'><strong>adscriptum</strong></span> 
     </span>
     <span class='ocr_line' id='line_1_13' title="bbox 239 1537 3046 1616; baseline 0.001 -21"><span class='ocrx_word' id='word_1_139' title='bbox 239 1543 336 1595; x_wconf 86' lang='lat' dir='ltr'><strong>est</strong></span> <span class='ocrx_word' id='word_1_140' title='bbox 353 1582 370 1609; x_wconf 93' lang='lat'>‚</span> <span class='ocrx_word' id='word_1_141' title='bbox 397 1553 518 1610; x_wconf 90' lang='lat' dir='ltr'><strong>pro</strong></span> <span class='ocrx_word' id='word_1_142' title='bbox 536 1544 677 1595; x_wconf 87' lang='lat' dir='ltr'><strong>rata</strong></span> <span class='ocrx_word' id='word_1_143' title='bbox 706 1545 891 1610; x_wconf 86' lang='lat' dir='ltr'><strong>parte</strong></span> <span class='ocrx_word' id='word_1_144' title='bbox 912 1540 1148 1612; x_wconf 89' lang='lat' dir='ltr'><strong>cuique</strong></span> <span class='ocrx_word' id='word_1_145' title='bbox 1175 1540 1506 1599; x_wconf 85' lang='lat' dir='ltr'><strong>decrescet</strong></span> <span class='ocrx_word' id='word_1_146' title='bbox 1530 1537 1614 1607; x_wconf 90' lang='lat'><strong>¹¹).</strong></span> <span class='ocrx_word' id='word_1_147' title='bbox 1641 1540 1876 1616; x_wconf 82' lang='lat' dir='ltr'><strong>Quodsi</strong></span> <span class='ocrx_word' id='word_1_148' title='bbox 1899 1540 1958 1606; x_wconf 77' lang='lat'><strong>2)</strong></span> <span class='ocrx_word' id='word_1_149' title='bbox 1976 1539 2038 1596; x_wconf 90' lang='lat' dir='ltr'><strong>in</strong></span> <span class='ocrx_word' id='word_1_150' title='bbox 2059 1541 2464 1612; x_wconf 85' lang='lat' dir='ltr'><strong>quorundam</strong></span> <span class='ocrx_word' id='word_1_151' title='bbox 2482 1543 2732 1595; x_wconf 88' lang='lat' dir='ltr'><strong>tantum</strong></span> <span class='ocrx_word' id='word_1_152' title='bbox 2758 1541 3046 1612; x_wconf 88' lang='lat' dir='ltr'><strong>personis</strong></span> 
     </span>
     <span class='ocr_line' id='line_1_14' title="bbox 238 1633 3046 1709; baseline 0.002 -21"><span class='ocrx_word' id='word_1_153' title='bbox 238 1639 456 1705; x_wconf 89' lang='lat' dir='ltr'><strong>partes</strong></span> <span class='ocrx_word' id='word_1_154' title='bbox 481 1646 854 1709; x_wconf 83' lang='lat' dir='ltr'><strong>expressae,</strong></span> <span class='ocrx_word' id='word_1_155' title='bbox 881 1635 985 1692; x_wconf 88' lang='lat' dir='ltr'><strong>alii</strong></span> <span class='ocrx_word' id='word_1_156' title='bbox 1013 1635 1149 1704; x_wconf 87' lang='lat' dir='ltr'><strong>sine</strong></span> <span class='ocrx_word' id='word_1_157' title='bbox 1178 1642 1363 1708; x_wconf 89' lang='lat' dir='ltr'><strong>parte</strong></span> <span class='ocrx_word' id='word_1_158' title='bbox 1387 1635 1603 1707; x_wconf 86' lang='lat' dir='ltr'><strong>scripti</strong></span> <span class='ocrx_word' id='word_1_159' title='bbox 1634 1642 1784 1693; x_wconf 77' lang='lat' dir='ltr'><strong>sunt</strong></span> <span class='ocrx_word' id='word_1_160' title='bbox 1803 1676 1819 1703; x_wconf 91' lang='lat'><strong>‚</strong></span> <span class='ocrx_word' id='word_1_161' title='bbox 1851 1635 1914 1691; x_wconf 86' lang='lat' dir='ltr'><strong>hi</strong></span> <span class='ocrx_word' id='word_1_162' title='bbox 1959 1635 2217 1707; x_wconf 87' lang='lat' dir='ltr'><strong>quidem</strong></span> <span class='ocrx_word' id='word_1_163' title='bbox 2236 1676 2252 1702; x_wconf 94' lang='lat'><strong>,</strong></span> <span class='ocrx_word' id='word_1_164' title='bbox 2282 1633 2331 1692; x_wconf 88' lang='lat' dir='ltr'><strong>si</strong></span> <span class='ocrx_word' id='word_1_165' title='bbox 2363 1634 2529 1692; x_wconf 73' lang='lat' dir='ltr'><strong>torte</strong></span> <span class='ocrx_word' id='word_1_166' title='bbox 2558 1633 2793 1706; x_wconf 87' lang='lat' dir='ltr'><strong>aliquid</strong></span> <span class='ocrx_word' id='word_1_167' title='bbox 2840 1634 3046 1693; x_wconf 90' lang='lat' dir='ltr'><strong>deerit</strong></span> 
     </span>
     <span class='ocr_line' id='line_1_15' title="bbox 234 1721 3045 1801; baseline 0 -16"><span class='ocrx_word' id='word_1_168' title='bbox 234 1726 392 1797; x_wconf 81' lang='lat' dir='ltr'><strong>assi,</strong></span> <span class='ocrx_word' id='word_1_169' title='bbox 420 1722 483 1784; x_wconf 92' lang='lat' dir='ltr'><strong>id</strong></span> <span class='ocrx_word' id='word_1_170' title='bbox 508 1727 825 1799; x_wconf 82' lang='lat' dir='ltr'><strong>accipient</strong></span> <span class='ocrx_word' id='word_1_171' title='bbox 852 1723 943 1800; x_wconf 88' lang='lat'><strong>¹²).</strong></span> <span class='ocrx_word' id='word_1_172' title='bbox 973 1727 1031 1785; x_wconf 92' lang='lat' dir='ltr'><strong>Si</strong></span> <span class='ocrx_word' id='word_1_173' title='bbox 1059 1730 1200 1801; x_wconf 85' lang='lat' dir='ltr'><strong>plus</strong></span> <span class='ocrx_word' id='word_1_174' title='bbox 1228 1734 1325 1788; x_wconf 89' lang='lat' dir='ltr'><strong>est</strong></span> <span class='ocrx_word' id='word_1_175' title='bbox 1350 1729 1755 1786; x_wconf 87' lang='lat' dir='ltr'><strong>distributum</strong></span> <span class='ocrx_word' id='word_1_176' title='bbox 1774 1770 1792 1795; x_wconf 93' lang='lat'><strong>,</strong></span> <span class='ocrx_word' id='word_1_177' title='bbox 1821 1742 2015 1799; x_wconf 88' lang='lat' dir='ltr'><strong>quam</strong></span> <span class='ocrx_word' id='word_1_178' title='bbox 2043 1727 2105 1784; x_wconf 92' lang='lat' dir='ltr'><strong>in</strong></span> <span class='ocrx_word' id='word_1_179' title='bbox 2138 1741 2274 1785; x_wconf 84' lang='lat' dir='ltr'><strong>asse</strong></span> <span class='ocrx_word' id='word_1_180' title='bbox 2296 1733 2422 1796; x_wconf 87' lang='lat' dir='ltr'><strong>est,</strong></span> <span class='ocrx_word' id='word_1_181' title='bbox 2458 1721 2509 1785; x_wconf 88' lang='lat' dir='ltr'><strong>si</strong></span> <span class='ocrx_word' id='word_1_182' title='bbox 2540 1725 2797 1799; x_wconf 87' lang='lat' dir='ltr'><strong>quidem</strong></span> <span class='ocrx_word' id='word_1_183' title='bbox 2827 1728 3045 1799; x_wconf 88' lang='lat' dir='ltr'><strong>plures</strong></span> 
     </span>
     <span class='ocr_line' id='line_1_16' title="bbox 234 1823 3040 1901; baseline -0 -16"><span class='ocrx_word' id='word_1_184' title='bbox 234 1833 388 1885; x_wconf 88' lang='lat' dir='ltr'><strong>sunt</strong></span> <span class='ocrx_word' id='word_1_185' title='bbox 414 1826 713 1900; x_wconf 89' lang='lat' dir='ltr'><strong>deinceps</strong></span> <span class='ocrx_word' id='word_1_186' title='bbox 742 1826 958 1900; x_wconf 87' lang='lat' dir='ltr'><strong>scripti</strong></span> <span class='ocrx_word' id='word_1_187' title='bbox 990 1834 1182 1900; x_wconf 89' lang='lat' dir='ltr'><strong>atque</strong></span> <span class='ocrx_word' id='word_1_188' title='bbox 1206 1828 1326 1897; x_wconf 89' lang='lat' dir='ltr'><strong>ita,</strong></span> <span class='ocrx_word' id='word_1_189' title='bbox 1354 1834 1425 1886; x_wconf 91' lang='lat' dir='ltr'><strong>ut</strong></span> <span class='ocrx_word' id='word_1_190' title='bbox 1454 1829 1536 1886; x_wconf 90' lang='lat' dir='ltr'><strong>ad</strong></span> <span class='ocrx_word' id='word_1_191' title='bbox 1558 1823 1806 1901; x_wconf 87' lang='lat' dir='ltr'><strong>priores</strong></span> <span class='ocrx_word' id='word_1_192' title='bbox 1825 1833 2034 1886; x_wconf 88' lang='lat' dir='ltr'><strong>totum</strong></span> <span class='ocrx_word' id='word_1_193' title='bbox 2055 1826 2313 1900; x_wconf 77' lang='lat' dir='ltr'><strong>aliquod</strong></span> <span class='ocrx_word' id='word_1_194' title='bbox 2336 1826 2656 1899; x_wconf 88' lang='lat' dir='ltr'><strong>pertineat</strong></span> <span class='ocrx_word' id='word_1_195' title='bbox 2673 1872 2688 1898; x_wconf 90' lang='lat'><strong>,</strong></span> <span class='ocrx_word' id='word_1_196' title='bbox 2715 1832 2932 1898; x_wconf 86' lang='lat' dir='ltr'><strong>partes</strong></span> <span class='ocrx_word' id='word_1_197' title='bbox 2960 1828 3040 1884; x_wconf 86' lang='lat' dir='ltr'><strong>ad</strong></span> 
     </span>
     <span class='ocr_line' id='line_1_17' title="bbox 234 1905 3042 2000; baseline 0 -16"><span class='ocrx_word' id='word_1_198' title='bbox 234 1927 624 2000; x_wconf 87' lang='lat' dir='ltr'><strong>posteriores</strong></span> <span class='ocrx_word' id='word_1_199' title='bbox 644 1969 661 1996; x_wconf 93' lang='lat'><strong>,</strong></span> <span class='ocrx_word' id='word_1_200' title='bbox 718 1927 803 1984; x_wconf 87' lang='lat' dir='ltr'><strong>illi</strong></span> <span class='ocrx_word' id='word_1_201' title='bbox 857 1928 1115 1999; x_wconf 88' lang='lat' dir='ltr'><strong>quidem</strong></span> <span class='ocrx_word' id='word_1_202' title='bbox 1169 1943 1299 1987; x_wconf 91' lang='lat' dir='ltr'><strong>non</strong></span> <span class='ocrx_word' id='word_1_203' title='bbox 1351 1905 1466 1986; x_wconf 76' lang='lat' dir='ltr'><strong>n&#39;isi</strong></span> <span class='ocrx_word' id='word_1_204' title='bbox 1514 1929 1576 1986; x_wconf 88' lang='lat' dir='ltr'><strong>id</strong></span> <span class='ocrx_word' id='word_1_205' title='bbox 1623 1927 1940 1999; x_wconf 82' lang='lat' dir='ltr'><strong>accipient</strong></span> <span class='ocrx_word' id='word_1_206' title='bbox 1958 1969 1974 1996; x_wconf 87' lang='lat'><strong>,</strong></span> <span class='ocrx_word' id='word_1_207' title='bbox 2032 1928 2204 1999; x_wconf 90' lang='lat' dir='ltr'><strong>quod</strong></span> <span class='ocrx_word' id='word_1_208' title='bbox 2255 1926 2570 1999; x_wconf 74' lang='lat' dir='ltr'><strong>retiquum</strong></span> <span class='ocrx_word' id='word_1_209' title='bbox 2599 1930 2694 1983; x_wconf 91' lang='lat' dir='ltr'><strong>est</strong></span> <span class='ocrx_word' id='word_1_210' title='bbox 2742 1925 3042 1985; x_wconf 87' lang='lat' dir='ltr'><strong>detractis</strong></span> 
     </span>
     <span class='ocr_line' id='line_1_18' title="bbox 233 2019 3042 2101; baseline -0 -18"><span class='ocrx_word' id='word_1_211' title='bbox 233 2026 561 2101; x_wconf 85' lang='lat' dir='ltr'><strong>partibus,</strong></span> <span class='ocrx_word' id='word_1_212' title='bbox 621 2033 939 2099; x_wconf 89' lang='lat' dir='ltr'><strong>quatenus</strong></span> <span class='ocrx_word' id='word_1_213' title='bbox 978 2042 1111 2086; x_wconf 91' lang='lat' dir='ltr'><strong>non</strong></span> <span class='ocrx_word' id='word_1_214' title='bbox 1136 2027 1471 2086; x_wconf 76' lang='lat' dir='ltr'><strong>manifesto</strong></span> <span class='ocrx_word' id='word_1_215' title='bbox 1499 2026 1863 2099; x_wconf 77' lang='lat' dir='ltr'><strong>refragat-ur</strong></span> <span class='ocrx_word' id='word_1_216' title='bbox 1909 2025 2231 2084; x_wconf 87' lang='lat' dir='ltr'><strong>testatoris</strong></span> <span class='ocrx_word' id='word_1_217' title='bbox 2263 2027 2556 2083; x_wconf 82' lang='lat' dir='ltr'><strong>voluntas</strong></span> <span class='ocrx_word' id='word_1_218' title='bbox 2579 2021 2681 2092; x_wconf 71' lang='grc'><strong>13);</strong></span> <span class='ocrx_word' id='word_1_219' title='bbox 2731 2019 2833 2081; x_wconf 82' lang='lat' dir='ltr'><strong>sin</strong></span> <span class='ocrx_word' id='word_1_220' title='bbox 2854 2027 3042 2082; x_wconf 81' lang='lat' dir='ltr'><strong>aliter</strong></span> 
     </span>
     <span class='ocr_line' id='line_1_19' title="bbox 234 2125 3038 2201; baseline -0.001 -16"><span class='ocrx_word' id='word_1_221' title='bbox 234 2143 339 2185; x_wconf 90' lang='lat' dir='ltr'><strong>res</strong></span> <span class='ocrx_word' id='word_1_222' title='bbox 359 2167 375 2194; x_wconf 97' lang='lat'>‚</span> <span class='ocrx_word' id='word_1_223' title='bbox 419 2132 531 2183; x_wconf 89' lang='lat' dir='ltr'><strong>aut</strong></span> <span class='ocrx_word' id='word_1_224' title='bbox 576 2141 653 2185; x_wconf 88' lang='lat' dir='ltr'><strong>ex</strong></span> <span class='ocrx_word' id='word_1_225' title='bbox 679 2128 1022 2186; x_wconf 85' lang='lat' dir='ltr'><strong>verborum</strong></span> <span class='ocrx_word' id='word_1_226' title='bbox 1049 2144 1236 2187; x_wconf 88' lang='lat' dir='ltr'><strong>sensu</strong></span> <span class='ocrx_word' id='word_1_227' title='bbox 1264 2135 1376 2186; x_wconf 92' lang='lat' dir='ltr'><strong>aut</strong></span> <span class='ocrx_word' id='word_1_228' title='bbox 1409 2145 1485 2187; x_wconf 86' lang='lat' dir='ltr'><strong>ex</strong></span> <span class='ocrx_word' id='word_1_229' title='bbox 1510 2128 1829 2186; x_wconf 88' lang='lat' dir='ltr'><strong>testatoris</strong></span> <span class='ocrx_word' id='word_1_230' title='bbox 1863 2127 2133 2184; x_wconf 90' lang='lat' dir='ltr'><strong>arbitrio</strong></span> <span class='ocrx_word' id='word_1_231' title='bbox 2156 2126 2556 2184; x_wconf 88' lang='lat' dir='ltr'><strong>aestimanda·</strong></span> <span class='ocrx_word' id='word_1_232' title='bbox 2586 2125 2742 2191; x_wconf 74' lang='lat' dir='ltr'><strong>erit,</strong></span> <span class='ocrx_word' id='word_1_233' title='bbox 2772 2132 2909 2182; x_wconf 89' lang='lat' dir='ltr'><strong>tum</strong></span> <span class='ocrx_word' id='word_1_234' title='bbox 2931 2168 2948 2201; x_wconf 89' lang='lat'><strong>,</strong></span> <span class='ocrx_word' id='word_1_235' title='bbox 2987 2125 3038 2183; x_wconf 95' lang='lat' dir='ltr'><strong>si</strong></span> 
     </span>
     <span class='ocr_line' id='line_1_20' title="bbox 242 2223 3040 2303; baseline -0 -18"><span class='ocrx_word' id='word_1_236' title='bbox 242 2228 599 2298; x_wconf 89' lang='lat' dir='ltr'><strong>completus</strong></span> <span class='ocrx_word' id='word_1_237' title='bbox 629 2232 725 2284; x_wconf 92' lang='lat' dir='ltr'><strong>est</strong></span> <span class='ocrx_word' id='word_1_238' title='bbox 759 2242 829 2285; x_wconf 98' lang='lat' dir='ltr'><strong>as</strong></span> <span class='ocrx_word' id='word_1_239' title='bbox 870 2227 1006 2300; x_wconf 89' lang='lat' dir='ltr'><strong>ipsa</strong></span> <span class='ocrx_word' id='word_1_240' title='bbox 1051 2229 1326 2300; x_wconf 89' lang='lat' dir='ltr'><strong>partium</strong></span> <span class='ocrx_word' id='word_1_241' title='bbox 1375 2225 1860 2297; x_wconf 88' lang='lat' dir='ltr'><strong>distributione,</strong></span> <span class='ocrx_word' id='word_1_242' title='bbox 1891 2229 1957 2285; x_wconf 90' lang='lat' dir='ltr'><strong>in</strong></span> <span class='ocrx_word' id='word_1_243' title='bbox 1986 2223 2307 2285; x_wconf 87' lang='lat' dir='ltr'><strong>dimidiam</strong></span> <span class='ocrx_word' id='word_1_244' title='bbox 2341 2234 2588 2300; x_wconf 85' lang='lat' dir='ltr'><strong>partem</strong></span> <span class='ocrx_word' id='word_1_245' title='bbox 2621 2234 3040 2303; x_wconf 85' lang='lat' dir='ltr'><strong>concurrent,</strong></span> 
     </span>
    </p>
   </div>
   <div class='ocr_carea' id='block_1_3' title="bbox 242 2326 3044 2498">
    <p class='ocr_par' dir='ltr' id='par_1_3' title="bbox 242 2326 3044 2498">
     <span class='ocr_line' id='line_1_21' title="bbox 242 2326 3044 2403; baseline 0.001 -20"><span class='ocrx_word' id='word_1_246' title='bbox 242 2327 352 2400; x_wconf 90' lang='lat' dir='ltr'><strong>qui</strong></span> <span class='ocrx_word' id='word_1_247' title='bbox 381 2327 516 2384; x_wconf 84' lang='lat' dir='ltr'><strong>sine</strong></span> <span class='ocrx_word' id='word_1_248' title='bbox 551 2326 837 2399; x_wconf 88' lang='lat' dir='ltr'><strong>partibus</strong></span> <span class='ocrx_word' id='word_1_249' title='bbox 861 2329 1075 2400; x_wconf 88' lang='lat' dir='ltr'><strong>scripti</strong></span> <span class='ocrx_word' id='word_1_250' title='bbox 1102 2335 1284 2386; x_wconf 89' lang='lat' dir='ltr'><strong>sunt:</strong></span> <span class='ocrx_word' id='word_1_251' title='bbox 1316 2330 1546 2403; x_wconf 87' lang='lat' dir='ltr'><strong>quodsi</strong></span> <span class='ocrx_word' id='word_1_252' title='bbox 1572 2332 1787 2402; x_wconf 78' lang='lat' dir='ltr'><strong>piures</strong></span> <span class='ocrx_word' id='word_1_253' title='bbox 1812 2334 1962 2386; x_wconf 87' lang='lat' dir='ltr'><strong>sunt</strong></span> <span class='ocrx_word' id='word_1_254' title='bbox 1986 2327 2351 2398; x_wconf 85' lang='lat' dir='ltr'><strong>adsignatae</strong></span> <span class='ocrx_word' id='word_1_255' title='bbox 2382 2333 2595 2399; x_wconf 89' lang='lat' dir='ltr'><strong>partes</strong></span> <span class='ocrx_word' id='word_1_256' title='bbox 2614 2368 2629 2391; x_wconf 91' lang='lat'>‚</span> <span class='ocrx_word' id='word_1_257' title='bbox 2662 2341 2853 2398; x_wconf 89' lang='lat' dir='ltr'><strong>quam</strong></span> <span class='ocrx_word' id='word_1_258' title='bbox 2885 2327 3044 2385; x_wconf 90' lang='lat' dir='ltr'><strong>duo-</strong></span> 
     </span>
     <span class='ocr_line' id='line_1_22' title="bbox 245 2417 3038 2498; baseline -0 -19"><span class='ocrx_word' id='word_1_259' title='bbox 245 2417 453 2482; x_wconf 88' lang='lat' dir='ltr'><strong>decim</strong></span> <span class='ocrx_word' id='word_1_260' title='bbox 484 2422 715 2480; x_wconf 89' lang='lat' dir='ltr'><strong>unciae</strong></span> <span class='ocrx_word' id='word_1_261' title='bbox 736 2465 752 2492; x_wconf 89' lang='lat'><strong>,</strong></span> <span class='ocrx_word' id='word_1_262' title='bbox 778 2423 840 2479; x_wconf 91' lang='lat' dir='ltr'><strong>in</strong></span> <span class='ocrx_word' id='word_1_263' title='bbox 870 2423 933 2480; x_wconf 89' lang='lat' dir='ltr'><strong>id</strong></span> <span class='ocrx_word' id='word_1_264' title='bbox 953 2432 1382 2495; x_wconf 90' lang='lat' dir='ltr'><strong>concurrent,</strong></span> <span class='ocrx_word' id='word_1_265' title='bbox 1412 2426 1584 2498; x_wconf 88' lang='lat' dir='ltr'><strong>quod</strong></span> <span class='ocrx_word' id='word_1_266' title='bbox 1619 2424 1956 2498; x_wconf 77' lang='lat' dir='ltr'><strong>dupondio</strong></span> <span class='ocrx_word' id='word_1_267' title='bbox 1977 2424 2214 2496; x_wconf 92' lang='lat' dir='ltr'><strong>deerit,</strong></span> <span class='ocrx_word' id='word_1_268' title='bbox 2241 2424 2343 2482; x_wconf 78' lang='lat' dir='ltr'><strong>vel</strong></span> <span class='ocrx_word' id='word_1_269' title='bbox 2378 2417 2570 2482; x_wconf 83' lang='lat' dir='ltr'><strong>etiam</strong></span> <span class='ocrx_word' id='word_1_270' title='bbox 2599 2421 2922 2494; x_wconf 90' lang='lat' dir='ltr'><strong>tripondio</strong></span> <span class='ocrx_word' id='word_1_271' title='bbox 2945 2418 3038 2496; x_wconf 78' lang='lat'><strong>¹⁴).</strong></span> 
     </span>
    </p>
   </div>
   <div class='ocr_carea' id='block_1_4' title="bbox 848 2617 2544 2701">
    <p class='ocr_par' dir='ltr' id='par_1_4' title="bbox 848 2617 2544 2701">
     <span class='ocr_line' id='line_1_23' title="bbox 848 2617 2544 2701; baseline -0.003 -20"><span class='ocrx_word' id='word_1_272' title='bbox 848 2629 874 2701; x_wconf 75' lang='lat' dir='ltr'>S</span> <span class='ocrx_word' id='word_1_273' title='bbox 901 2622 1040 2681; x_wconf 84' lang='lat'><strong>667.</strong></span> <span class='ocrx_word' id='word_1_274' title='bbox 1072 2621 1134 2695; x_wconf 73' lang='lat'><strong>2)</strong></span> <span class='ocrx_word' id='word_1_275' title='bbox 1160 2618 1398 2678; x_wconf 64' lang='lat' dir='ltr'><strong>Heredes</strong></span> <span class='ocrx_word' id='word_1_276' title='bbox 1463 2617 2043 2696; x_wconf 48' lang='lat' dir='ltr'><strong>sustentavimus</strong></span> <span class='ocrx_word' id='word_1_277' title='bbox 2069 2617 2226 2677; x_wconf 62' lang='lat'><strong>„0150</strong></span> <span class='ocrx_word' id='word_1_278' title='bbox 2247 2625 2301 2676; x_wconf 74' lang='lat' dir='ltr'><strong>et</strong></span> <span class='ocrx_word' id='word_1_279' title='bbox 2325 2617 2544 2696; x_wconf 67' lang='lat' dir='ltr'><strong>species.</strong></span> 
     </span>
    </p>
   </div>
   <div class='ocr_carea' id='block_1_5' title="bbox 315 2799 3043 2876">
    <p class='ocr_par' dir='ltr' id='par_1_5' title="bbox 315 2799 3043 2876">
     <span class='ocr_line' id='line_1_24' title="bbox 315 2799 3043 2876; baseline 0 -20"><span class='ocrx_word' id='word_1_280' title='bbox 315 2799 694 2861; x_wconf 88' lang='lat' dir='ltr'><strong>Substitutio</strong></span> <span class='ocrx_word' id='word_1_281' title='bbox 715 2806 813 2860; x_wconf 90' lang='lat' dir='ltr'><strong>est</strong></span> <span class='ocrx_word' id='word_1_282' title='bbox 830 2802 1183 2872; x_wconf 86' lang='lat' dir='ltr'><strong>designatio</strong></span> <span class='ocrx_word' id='word_1_283' title='bbox 1208 2801 1344 2876; x_wconf 85' lang='lat' dir='ltr'><strong>ejus</strong></span> <span class='ocrx_word' id='word_1_284' title='bbox 1363 2842 1380 2869; x_wconf 88' lang='lat'><strong>‚</strong></span> <span class='ocrx_word' id='word_1_285' title='bbox 1406 2802 1518 2875; x_wconf 87' lang='lat' dir='ltr'><strong>qui</strong></span> <span class='ocrx_word' id='word_1_286' title='bbox 1543 2802 1605 2860; x_wconf 92' lang='lat' dir='ltr'><strong>in</strong></span> <span class='ocrx_word' id='word_1_287' title='bbox 1629 2803 1790 2860; x_wconf 85' lang='lat' dir='ltr'><strong>alius</strong></span> <span class='ocrx_word' id='word_1_288' title='bbox 1815 2802 2032 2859; x_wconf 90' lang='lat' dir='ltr'><strong>locum</strong></span> <span class='ocrx_word' id='word_1_289' title='bbox 2049 2801 2371 2859; x_wconf 76' lang='lat' dir='ltr'><strong>succedat.</strong></span> <span class='ocrx_word' id='word_1_290' title='bbox 2404 2801 2574 2859; x_wconf 83' lang='lat' dir='ltr'><strong>Solet</strong></span> <span class='ocrx_word' id='word_1_291' title='bbox 2601 2806 2840 2869; x_wconf 90' lang='lat' dir='ltr'><strong>autem,</strong></span> <span class='ocrx_word' id='word_1_292' title='bbox 2866 2799 3043 2871; x_wconf 87' lang='lat' dir='ltr'><strong>quod</strong></span> 
     </span>
    </p>
   </div>
   <div class='ocr_carea' id='block_1_6' title="bbox 234 2895 3108 3267">
    <p class='ocr_par' dir='ltr' id='par_1_6' title="bbox 234 2895 3108 3267">
     <span class='ocr_line' id='line_1_25' title="bbox 234 2895 3049 2975; baseline -0.001 -17"><span class='ocrx_word' id='word_1_293' title='bbox 234 2901 493 2973; x_wconf 85' lang='lat' dir='ltr'><strong>quidem</strong></span> <span class='ocrx_word' id='word_1_294' title='bbox 526 2903 609 2960; x_wconf 88' lang='lat' dir='ltr'><strong>ad</strong></span> <span class='ocrx_word' id='word_1_295' title='bbox 638 2904 1102 2961; x_wconf 87' lang='lat' dir='ltr'><strong>successionem</strong></span> <span class='ocrx_word' id='word_1_296' title='bbox 1126 2899 1189 2960; x_wconf 91' lang='lat' dir='ltr'><strong>in</strong></span> <span class='ocrx_word' id='word_1_297' title='bbox 1222 2898 1590 2962; x_wconf 85' lang='lat' dir='ltr'><strong>universum</strong></span> <span class='ocrx_word' id='word_1_298' title='bbox 1619 2901 1906 2962; x_wconf 76' lang='lat' dir='ltr'><strong>defuncti</strong></span> <span class='ocrx_word' id='word_1_299' title='bbox 1946 2902 2402 2975; x_wconf 87' lang='lat' dir='ltr'><strong>patrimonium</strong></span> <span class='ocrx_word' id='word_1_300' title='bbox 2439 2895 2670 2958; x_wconf 89' lang='lat' dir='ltr'><strong>attinet</strong></span> <span class='ocrx_word' id='word_1_301' title='bbox 2708 2895 2774 2973; x_wconf 89' lang='lat'><strong>¹),</strong></span> <span class='ocrx_word' id='word_1_302' title='bbox 2808 2899 3049 2971; x_wconf 80' lang='lat' dir='ltr'><strong>duplex</strong></span> 
     </span>
     <span class='ocr_line' id='line_1_26' title="bbox 236 2995 3108 3085; baseline -0.001 -31"><span class='ocrx_word' id='word_1_303' title='bbox 236 2997 537 3069; x_wconf 81' lang='lat' dir='ltr'><strong>distingui</strong></span> <span class='ocrx_word' id='word_1_304' title='bbox 566 3003 896 3070; x_wconf 89' lang='lat' dir='ltr'><strong>tamquam</strong></span> <span class='ocrx_word' id='word_1_305' title='bbox 942 3014 1262 3056; x_wconf 89' lang='lat' dir='ltr'><strong>summum</strong></span> <span class='ocrx_word' id='word_1_306' title='bbox 1309 2998 1770 3057; x_wconf 86' lang='lat' dir='ltr'><strong>substitutionis</strong></span> <span class='ocrx_word' id='word_1_307' title='bbox 1805 3012 2038 3070; x_wconf 84' lang='lat' dir='ltr'><strong>genus,</strong></span> <span class='ocrx_word' id='word_1_308' title='bbox 2079 2999 2355 3055; x_wconf 86' lang='lat' dir='ltr'><strong>alterum</strong></span> <span class='ocrx_word' id='word_1_309' title='bbox 2398 2995 3050 3085; x_wconf 49' lang='lat' dir='ltr'><strong>directam-alterum</strong></span> <span class='ocrx_word' id='word_1_310' title='bbox 3101 3045 3108 3052; x_wconf 90' lang='lat'><strong>.</strong></span> 
     </span>
     <span class='ocr_line' id='line_1_27' title="bbox 238 3086 3046 3169; baseline -0.001 -19"><span class='ocrx_word' id='word_1_311' title='bbox 238 3092 865 3153; x_wconf 77' lang='lat' dir='ltr'><strong>fideicommissariae</strong></span> <span class='ocrx_word' id='word_1_312' title='bbox 911 3090 989 3169; x_wconf 76' lang='grc'><strong>2);</strong></span> <span class='ocrx_word' id='word_1_313' title='bbox 1025 3110 1193 3167; x_wconf 88' lang='lat' dir='ltr'><strong>quae</strong></span> <span class='ocrx_word' id='word_1_314' title='bbox 1221 3095 1482 3167; x_wconf 88' lang='lat' dir='ltr'><strong>quidem</strong></span> <span class='ocrx_word' id='word_1_315' title='bbox 1520 3095 1608 3152; x_wconf 91' lang='lat' dir='ltr'><strong>ita</strong></span> <span class='ocrx_word' id='word_1_316' title='bbox 1650 3095 2044 3167; x_wconf 87' lang='lat' dir='ltr'><strong>potissimum</strong></span> <span class='ocrx_word' id='word_1_317' title='bbox 2087 3093 2253 3152; x_wconf 84' lang='lat' dir='ltr'><strong>inter</strong></span> <span class='ocrx_word' id='word_1_318' title='bbox 2280 3108 2348 3150; x_wconf 93' lang='lat' dir='ltr'><strong>se</strong></span> <span class='ocrx_word' id='word_1_319' title='bbox 2386 3086 2731 3165; x_wconf 85' lang='lat' dir='ltr'><strong>differunt,</strong></span> <span class='ocrx_word' id='word_1_320' title='bbox 2762 3091 2940 3163; x_wconf 88' lang='lat' dir='ltr'><strong>quod</strong></span> <span class='ocrx_word' id='word_1_321' title='bbox 2964 3106 3046 3149; x_wconf 86' lang='lat' dir='ltr'><strong>ex-</strong></span> 
     </span>
     <span class='ocr_line' id='line_1_28' title="bbox 235 3187 3025 3267; baseline -0 -16"><span class='ocrx_word' id='word_1_322' title='bbox 235 3194 476 3267; x_wconf 88' lang='lat' dir='ltr'><strong>altera,</strong></span> <span class='ocrx_word' id='word_1_323' title='bbox 523 3195 632 3266; x_wconf 93' lang='lat' dir='ltr'><strong>qui</strong></span> <span class='ocrx_word' id='word_1_324' title='bbox 675 3194 1115 3266; x_wconf 83' lang='lat' dir='ltr'><strong>substituitur,</strong></span> <span class='ocrx_word' id='word_1_325' title='bbox 1169 3203 1350 3254; x_wconf 87' lang='lat' dir='ltr'><strong>recta</strong></span> <span class='ocrx_word' id='word_1_326' title='bbox 1382 3195 1480 3253; x_wconf 79' lang='lat' dir='ltr'><strong>via</strong></span> <span class='ocrx_word' id='word_1_327' title='bbox 1517 3195 1808 3254; x_wconf 90' lang='lat' dir='ltr'><strong>succedit</strong></span> <span class='ocrx_word' id='word_1_328' title='bbox 1833 3194 2179 3261; x_wconf 78' lang='lat' dir='ltr'><strong>defuncto,</strong></span> <span class='ocrx_word' id='word_1_329' title='bbox 2213 3208 2287 3251; x_wconf 85' lang='lat' dir='ltr'><strong>ex</strong></span> <span class='ocrx_word' id='word_1_330' title='bbox 2324 3193 2529 3249; x_wconf 85' lang='lat' dir='ltr'><strong>attera</strong></span> <span class='ocrx_word' id='word_1_331' title='bbox 2562 3205 2718 3249; x_wconf 83' lang='lat' dir='ltr'><strong>vero</strong></span> <span class='ocrx_word' id='word_1_332' title='bbox 2747 3204 2878 3249; x_wconf 90' lang='lat' dir='ltr'><strong>non</strong></span> <span class='ocrx_word' id='word_1_333' title='bbox 2921 3187 3025 3250; x_wconf 88' lang='lat' dir='ltr'><strong>nis</strong></span> 
     </span>
    </p>
   </div>
   <div class='ocr_carea' id='block_1_7' title="bbox 230 3386 3063 4757">
    <p class='ocr_par' dir='ltr' id='par_1_7' title="bbox 293 3386 3041 3451">
     <span class='ocr_line' id='line_1_29' title="bbox 293 3386 3041 3451; baseline -0 -15"><span class='ocrx_word' id='word_1_334' title='bbox 293 3386 346 3446; x_wconf 78' lang='grc'><strong>6)</strong></span> <span class='ocrx_word' id='word_1_335' title='bbox 364 3392 392 3447; x_wconf 79' lang='grc' dir='ltr'><strong><em>ς</em></strong></span> <span class='ocrx_word' id='word_1_336' title='bbox 410 3389 459 3436; x_wconf 73' lang='lat' dir='ltr'><strong>tt.</strong></span> <span class='ocrx_word' id='word_1_337' title='bbox 484 3390 521 3437; x_wconf 89' lang='grc'><strong>1.</strong></span> <span class='ocrx_word' id='word_1_338' title='bbox 545 3391 596 3437; x_wconf 88' lang='lat'><strong>1..</strong></span> <span class='ocrx_word' id='word_1_339' title='bbox 618 3389 667 3438; x_wconf 84' lang='lat'><strong>9.</strong></span> <span class='ocrx_word' id='word_1_340' title='bbox 688 3392 713 3445; x_wconf 79' lang='grc' dir='ltr'><strong>ς</strong></span> <span class='ocrx_word' id='word_1_341' title='bbox 736 3392 813 3437; x_wconf 75' lang='lat'><strong>12.</strong></span> <span class='ocrx_word' id='word_1_342' title='bbox 839 3393 896 3438; x_wconf 89' lang='lat' dir='ltr'><strong>D.</strong></span> <span class='ocrx_word' id='word_1_343' title='bbox 918 3390 970 3437; x_wconf 87' lang='grc' dir='ltr'><strong>Ιι.</strong></span> <span class='ocrx_word' id='word_1_344' title='bbox 995 3394 1035 3438; x_wconf 82' lang='lat' dir='ltr'><strong>t.</strong></span> <span class='ocrx_word' id='word_1_345' title='bbox 1659 3404 1732 3451; x_wconf 88' lang='lat' dir='ltr'><strong>pr.</strong></span> <span class='ocrx_word' id='word_1_346' title='bbox 1756 3391 1885 3439; x_wconf 61' lang='grc' dir='ltr'><strong>[λάε</strong></span> <span class='ocrx_word' id='word_1_347' title='bbox 1905 3390 1997 3439; x_wconf 67' lang='grc' dir='ltr'><strong>Ιὶὁι</strong></span> <span class='ocrx_word' id='word_1_348' title='bbox 2035 3395 2089 3439; x_wconf 81' lang='lat' dir='ltr'><strong>et</strong></span> <span class='ocrx_word' id='word_1_349' title='bbox 2106 3389 2283 3448; x_wconf 69' lang='lat' dir='ltr'><strong>posui.</strong></span> <span class='ocrx_word' id='word_1_350' title='bbox 2320 3390 2506 3446; x_wconf 78' lang='lat' dir='ltr'><strong>(xxvii</strong></span> <span class='ocrx_word' id='word_1_351' title='bbox 2530 3422 2548 3450; x_wconf 87' lang='lat'><strong>,</strong></span> <span class='ocrx_word' id='word_1_352' title='bbox 2581 3389 2650 3449; x_wconf 75' lang='lat'><strong>2.)</strong></span> <span class='ocrx_word' id='word_1_353' title='bbox 2682 3410 2747 3423; x_wconf 91' lang='lat'>-</span> <span class='ocrx_word' id='word_1_354' title='bbox 2781 3387 3041 3436; x_wconf 71' lang='lat' dir='ltr'><strong>Anco-cmii</strong></span> 
     </span>
    </p>

    <p class='ocr_par' dir='ltr' id='par_1_8' title="bbox 230 3447 3055 4147">
     <span class='ocr_line' id='line_1_30' title="bbox 295 3447 2297 3513; baseline 0.001 -15"><span class='ocrx_word' id='word_1_355' title='bbox 295 3447 422 3505; x_wconf 78' lang='grc'><strong>7)1..</strong></span> <span class='ocrx_word' id='word_1_356' title='bbox 443 3449 524 3499; x_wconf 75' lang='lat'><strong>55.</strong></span> <span class='ocrx_word' id='word_1_357' title='bbox 547 3465 621 3510; x_wconf 87' lang='lat' dir='ltr'><strong>pr.</strong></span> <span class='ocrx_word' id='word_1_358' title='bbox 646 3458 696 3499; x_wconf 86' lang='lat' dir='ltr'><strong>et</strong></span> <span class='ocrx_word' id='word_1_359' title='bbox 716 3455 741 3509; x_wconf 76' lang='grc' dir='ltr'>ς</span> <span class='ocrx_word' id='word_1_360' title='bbox 764 3454 810 3499; x_wconf 88' lang='grc'><strong>1.</strong></span> <span class='ocrx_word' id='word_1_361' title='bbox 837 3455 887 3499; x_wconf 95' lang='lat' dir='ltr'><strong>L.</strong></span> <span class='ocrx_word' id='word_1_362' title='bbox 907 3450 989 3499; x_wconf 84' lang='grc'><strong>78.</strong></span> <span class='ocrx_word' id='word_1_363' title='bbox 1013 3466 1087 3512; x_wconf 85' lang='lat' dir='ltr'><strong>pr.</strong></span> <span class='ocrx_word' id='word_1_364' title='bbox 1135 3454 1189 3499; x_wconf 92' lang='lat' dir='ltr'><strong>D.</strong></span> <span class='ocrx_word' id='word_1_365' title='bbox 1223 3452 1274 3499; x_wconf 87' lang='grc' dir='ltr'><strong>Ιι.</strong></span> <span class='ocrx_word' id='word_1_366' title='bbox 1301 3455 1338 3499; x_wconf 83' lang='lat' dir='ltr'><strong>t.</strong></span> <span class='ocrx_word' id='word_1_367' title='bbox 1376 3477 1436 3487; x_wconf 92' lang='lat'><strong>—</strong></span> <span class='ocrx_word' id='word_1_368' title='bbox 1470 3454 1522 3499; x_wconf 82' lang='lat'><strong>1..</strong></span> <span class='ocrx_word' id='word_1_369' title='bbox 1542 3450 1591 3500; x_wconf 84' lang='lat'><strong>9.</strong></span> <span class='ocrx_word' id='word_1_370' title='bbox 1658 3456 1864 3513; x_wconf 79' lang='lat' dir='ltr'><strong>interpr.</strong></span> <span class='ocrx_word' id='word_1_371' title='bbox 1888 3456 1940 3513; x_wconf 89' lang='lat'><strong>1,</strong></span> <span class='ocrx_word' id='word_1_372' title='bbox 1965 3452 2046 3500; x_wconf 74' lang='lat'><strong>21.</strong></span> <span class='ocrx_word' id='word_1_373' title='bbox 2073 3467 2149 3501; x_wconf 83' lang='lat' dir='ltr'><strong>nr.</strong></span> <span class='ocrx_word' id='word_1_374' title='bbox 2173 3451 2222 3500; x_wconf 75' lang='lat'><strong>6.</strong></span> <span class='ocrx_word' id='word_1_375' title='bbox 2245 3451 2297 3500; x_wconf 95' lang='grc'><strong>7.</strong></span> 
     </span>
     <span class='ocr_line' id='line_1_31' title="bbox 230 3510 2970 3574; baseline -0 -14"><span class='ocrx_word' id='word_1_376' title='bbox 230 3515 260 3569; x_wconf 74' lang='grc' dir='ltr'><strong><em>ς</em></strong></span> <span class='ocrx_word' id='word_1_377' title='bbox 287 3511 363 3560; x_wconf 76' lang='grc'><strong>13.</strong></span> <span class='ocrx_word' id='word_1_378' title='bbox 382 3514 621 3561; x_wconf 80' lang='lat' dir='ltr'><strong>eod.—L.</strong></span> <span class='ocrx_word' id='word_1_379' title='bbox 647 3515 851 3562; x_wconf 81' lang='lat' dir='ltr'><strong>10.eod.</strong></span> <span class='ocrx_word' id='word_1_380' title='bbox 877 3516 923 3569; x_wconf 73' lang='lat' dir='ltr'><strong>(u</strong></span> <span class='ocrx_word' id='word_1_381' title='bbox 944 3516 991 3561; x_wconf 84' lang='lat' dir='ltr'><strong>Si</strong></span> <span class='ocrx_word' id='word_1_382' title='bbox 1011 3516 1210 3561; x_wconf 87' lang='lat' dir='ltr'><strong>atterius</strong></span> <span class='ocrx_word' id='word_1_383' title='bbox 1232 3519 1380 3573; x_wconf 86' lang='lat' dir='ltr'><strong>atque</strong></span> <span class='ocrx_word' id='word_1_384' title='bbox 1399 3517 1596 3561; x_wconf 83' lang='lat' dir='ltr'><strong>atterius</strong></span> <span class='ocrx_word' id='word_1_385' title='bbox 1722 3519 1802 3574; x_wconf 87' lang='grc'><strong>10)</strong></span> <span class='ocrx_word' id='word_1_386' title='bbox 1836 3518 1891 3562; x_wconf 88' lang='lat' dir='ltr'><strong>L.</strong></span> <span class='ocrx_word' id='word_1_387' title='bbox 1929 3514 2008 3563; x_wconf 77' lang='lat'><strong>13.</strong></span> <span class='ocrx_word' id='word_1_388' title='bbox 2042 3518 2134 3572; x_wconf 69' lang='lat'><strong>32.</strong></span> <span class='ocrx_word' id='word_1_389' title='bbox 2159 3514 2209 3562; x_wconf 75' lang='lat'><strong>3.</strong></span> <span class='ocrx_word' id='word_1_390' title='bbox 2247 3516 2300 3561; x_wconf 87' lang='lat' dir='ltr'><strong>L.</strong></span> <span class='ocrx_word' id='word_1_391' title='bbox 2333 3511 2414 3560; x_wconf 97' lang='grc'><strong>78.</strong></span> <span class='ocrx_word' id='word_1_392' title='bbox 2451 3514 2476 3567; x_wconf 79' lang='lat' dir='ltr'>S</span> <span class='ocrx_word' id='word_1_393' title='bbox 2504 3515 2550 3560; x_wconf 91' lang='grc'><strong>1.</strong></span> <span class='ocrx_word' id='word_1_394' title='bbox 2577 3515 2632 3561; x_wconf 88' lang='lat' dir='ltr'><strong>D.</strong></span> <span class='ocrx_word' id='word_1_395' title='bbox 2652 3515 2680 3570; x_wconf 76' lang='grc' dir='ltr'><strong><em>ς</em></strong></span> <span class='ocrx_word' id='word_1_396' title='bbox 2712 3510 2762 3561; x_wconf 89' lang='grc'><strong>7.</strong></span> <span class='ocrx_word' id='word_1_397' title='bbox 2791 3513 2829 3560; x_wconf 82' lang='lat'><strong>1.</strong></span> <span class='ocrx_word' id='word_1_398' title='bbox 2850 3512 2906 3560; x_wconf 85' lang='grc' dir='ltr'><strong>Ιι.</strong></span> <span class='ocrx_word' id='word_1_399' title='bbox 2932 3516 2970 3559; x_wconf 83' lang='lat' dir='ltr'><strong>t.</strong></span> 
     </span>
     <span class='ocr_line' id='line_1_32' title="bbox 232 3575 3033 3636; baseline -0 -14"><span class='ocrx_word' id='word_1_400' title='bbox 232 3576 375 3622; x_wconf 71' lang='lat' dir='ltr'><strong>fundi</strong></span> <span class='ocrx_word' id='word_1_401' title='bbox 393 3588 482 3633; x_wconf 83' lang='lat' dir='ltr'><strong>pro</strong></span> <span class='ocrx_word' id='word_1_402' title='bbox 501 3578 717 3635; x_wconf 81' lang='lat' dir='ltr'><strong>partibus</strong></span> <span class='ocrx_word' id='word_1_403' title='bbox 731 3580 840 3636; x_wconf 84' lang='lat' dir='ltr'><strong>quis</strong></span> <span class='ocrx_word' id='word_1_404' title='bbox 858 3579 1059 3624; x_wconf 87' lang='lat' dir='ltr'><strong>heredes</strong></span> <span class='ocrx_word' id='word_1_405' title='bbox 1078 3579 1371 3634; x_wconf 87' lang='lat' dir='ltr'><strong>instituerit,</strong></span> <span class='ocrx_word' id='word_1_406' title='bbox 1395 3578 1596 3634; x_wconf 78' lang='lat' dir='ltr'><strong>perinde</strong></span> <span class='ocrx_word' id='word_1_407' title='bbox 1726 3578 1806 3627; x_wconf 68' lang='grc'><strong>111</strong></span> <span class='ocrx_word' id='word_1_408' title='bbox 1830 3580 1882 3624; x_wconf 88' lang='lat' dir='ltr'><strong>L.</strong></span> <span class='ocrx_word' id='word_1_409' title='bbox 1909 3577 1986 3625; x_wconf 80' lang='grc'><strong>13.</strong></span> <span class='ocrx_word' id='word_1_410' title='bbox 2011 3576 2087 3634; x_wconf 70' lang='grc'><strong>84</strong></span> <span class='ocrx_word' id='word_1_411' title='bbox 2114 3604 2170 3612; x_wconf 91' lang='lat'>—</span> <span class='ocrx_word' id='word_1_412' title='bbox 2190 3575 2238 3623; x_wconf 92' lang='grc'><strong>7.</strong></span> <span class='ocrx_word' id='word_1_413' title='bbox 2283 3579 2337 3624; x_wconf 88' lang='lat' dir='ltr'><strong>D.</strong></span> <span class='ocrx_word' id='word_1_414' title='bbox 2375 3578 2399 3632; x_wconf 77' lang='lat' dir='ltr'>S</span> <span class='ocrx_word' id='word_1_415' title='bbox 2420 3575 2470 3622; x_wconf 89' lang='grc'><strong>7.</strong></span> <span class='ocrx_word' id='word_1_416' title='bbox 2493 3576 2539 3621; x_wconf 89' lang='lat' dir='ltr'><strong>in</strong></span> <span class='ocrx_word' id='word_1_417' title='bbox 2565 3577 2603 3624; x_wconf 75' lang='lat' dir='ltr'><strong>t.</strong></span> <span class='ocrx_word' id='word_1_418' title='bbox 2651 3579 2689 3624; x_wconf 89' lang='lat' dir='ltr'><strong>t.</strong></span> <span class='ocrx_word' id='word_1_419' title='bbox 2712 3577 2764 3623; x_wconf 80' lang='grc' dir='ltr'><strong>Ιι.</strong></span> <span class='ocrx_word' id='word_1_420' title='bbox 2790 3580 2829 3623; x_wconf 79' lang='lat' dir='ltr'><strong>t.</strong></span> <span class='ocrx_word' id='word_1_421' title='bbox 2869 3600 2927 3609; x_wconf 90' lang='lat'>—</span> <span class='ocrx_word' id='word_1_422' title='bbox 2959 3575 3033 3621; x_wconf 73' lang='lat' dir='ltr'><strong>cf.</strong></span> 
     </span>
     <span class='ocr_line' id='line_1_33' title="bbox 231 3637 2587 3699; baseline 0 -15"><span class='ocrx_word' id='word_1_423' title='bbox 231 3637 496 3684; x_wconf 82' lang='lat' dir='ltr'><strong>habebitur</strong></span> <span class='ocrx_word' id='word_1_424' title='bbox 514 3673 528 3694; x_wconf 84' lang='lat'><strong>,</strong></span> <span class='ocrx_word' id='word_1_425' title='bbox 567 3641 703 3699; x_wconf 75' lang='lat' dir='ltr'><strong>quasi</strong></span> <span class='ocrx_word' id='word_1_426' title='bbox 743 3652 838 3686; x_wconf 85' lang='lat' dir='ltr'><strong>non</strong></span> <span class='ocrx_word' id='word_1_427' title='bbox 894 3641 1096 3696; x_wconf 70' lang='lat' dir='ltr'><strong>adiectis</strong></span> <span class='ocrx_word' id='word_1_428' title='bbox 1138 3641 1358 3698; x_wconf 85' lang='lat' dir='ltr'><strong>partibus</strong></span> <span class='ocrx_word' id='word_1_429' title='bbox 1394 3640 1597 3686; x_wconf 80' lang='lat' dir='ltr'><strong>heredes</strong></span> <span class='ocrx_word' id='word_1_430' title='bbox 1660 3646 1724 3691; x_wconf 77' lang='grc' dir='ltr'><strong>Ε.</strong></span> <span class='ocrx_word' id='word_1_431' title='bbox 1750 3640 2020 3689; x_wconf 70' lang='lat' dir='ltr'><strong>Schrader</strong></span> <span class='ocrx_word' id='word_1_432' title='bbox 2040 3643 2132 3687; x_wconf 86' lang='lat' dir='ltr'><strong>civ.</strong></span> <span class='ocrx_word' id='word_1_433' title='bbox 2155 3639 2278 3687; x_wconf 71' lang='lat' dir='ltr'><strong>Abii.</strong></span> <span class='ocrx_word' id='word_1_434' title='bbox 2305 3641 2365 3686; x_wconf 87' lang='lat' dir='ltr'><strong>u.</strong></span> <span class='ocrx_word' id='word_1_435' title='bbox 2394 3640 2478 3686; x_wconf 66' lang='grc' dir='ltr'><strong>Νι.</strong></span> <span class='ocrx_word' id='word_1_436' title='bbox 2505 3639 2587 3685; x_wconf 82' lang='lat' dir='ltr'><strong>iv.</strong></span> 
     </span>
     <span class='ocr_line' id='line_1_34' title="bbox 232 3698 3042 3762; baseline -0.001 -15"><span class='ocrx_word' id='word_1_437' title='bbox 232 3700 408 3756; x_wconf 87' lang='lat' dir='ltr'><strong>scripti</strong></span> <span class='ocrx_word' id='word_1_438' title='bbox 427 3709 587 3749; x_wconf 78' lang='lat' dir='ltr'><strong>essent</strong></span> <span class='ocrx_word' id='word_1_439' title='bbox 609 3718 620 3748; x_wconf 73' lang='grc' dir='ltr'><strong>ε</strong></span> <span class='ocrx_word' id='word_1_440' title='bbox 644 3713 734 3748; x_wconf 88' lang='lat' dir='ltr'><strong>nec</strong></span> <span class='ocrx_word' id='word_1_441' title='bbox 754 3703 885 3747; x_wconf 86' lang='lat' dir='ltr'><strong>enim</strong></span> <span class='ocrx_word' id='word_1_442' title='bbox 906 3701 1068 3757; x_wconf 71' lang='lat' dir='ltr'><strong>tacite,</strong></span> <span class='ocrx_word' id='word_1_443' title='bbox 1089 3703 1174 3749; x_wconf 84' lang='lat' dir='ltr'><strong>sed</strong></span> <span class='ocrx_word' id='word_1_444' title='bbox 1195 3701 1472 3750; x_wconf 82' lang='lat' dir='ltr'><strong>diversitate</strong></span> <span class='ocrx_word' id='word_1_445' title='bbox 1492 3714 1599 3759; x_wconf 81' lang='lat' dir='ltr'><strong>par·</strong></span> <span class='ocrx_word' id='word_1_446' title='bbox 1725 3706 1803 3753; x_wconf 73' lang='lat'><strong>12,</strong></span> <span class='ocrx_word' id='word_1_447' title='bbox 1829 3704 1881 3748; x_wconf 83' lang='grc' dir='ltr'><strong>Ι..</strong></span> <span class='ocrx_word' id='word_1_448' title='bbox 1900 3703 1979 3750; x_wconf 88' lang='grc'><strong>17.</strong></span> <span class='ocrx_word' id='word_1_449' title='bbox 2028 3716 2100 3762; x_wconf 89' lang='lat' dir='ltr'><strong>pr.</strong></span> <span class='ocrx_word' id='word_1_450' title='bbox 2140 3705 2193 3751; x_wconf 92' lang='lat' dir='ltr'><strong>D.</strong></span> <span class='ocrx_word' id='word_1_451' title='bbox 2215 3704 2241 3758; x_wconf 70' lang='lat' dir='ltr'>S</span> <span class='ocrx_word' id='word_1_452' title='bbox 2258 3699 2306 3749; x_wconf 81' lang='lat' dir='ltr'><strong>ss.</strong></span> <span class='ocrx_word' id='word_1_453' title='bbox 2347 3703 2386 3748; x_wconf 88' lang='lat'><strong>1.</strong></span> <span class='ocrx_word' id='word_1_454' title='bbox 2426 3701 2564 3749; x_wconf 77' lang='lat' dir='ltr'><strong>verb.</strong></span> <span class='ocrx_word' id='word_1_455' title='bbox 2584 3698 2835 3748; x_wconf 75' lang='lat' dir='ltr'><strong>Partibus</strong></span> <span class='ocrx_word' id='word_1_456' title='bbox 2860 3698 3042 3747; x_wconf 71' lang='lat' dir='ltr'><strong>autem</strong></span> 
     </span>
     <span class='ocr_line' id='line_1_35' title="bbox 232 3765 1900 3824; baseline 0.003 -16"><span class='ocrx_word' id='word_1_457' title='bbox 232 3765 365 3808; x_wconf 88' lang='lat' dir='ltr'><strong>tium</strong></span> <span class='ocrx_word' id='word_1_458' title='bbox 388 3765 636 3819; x_wconf 81' lang='lat' dir='ltr'><strong>portiones</strong></span> <span class='ocrx_word' id='word_1_459' title='bbox 657 3765 973 3810; x_wconf 88' lang='lat' dir='ltr'><strong>inveniuntur</strong></span> <span class='ocrx_word' id='word_1_460' title='bbox 1001 3779 1014 3824; x_wconf 82' lang='lat'>3</span> <span class='ocrx_word' id='word_1_461' title='bbox 1051 3775 1165 3822; x_wconf 83' lang='lat' dir='ltr'><strong>ergo</strong></span> <span class='ocrx_word' id='word_1_462' title='bbox 1200 3765 1470 3822; x_wconf 81' lang='lat' dir='ltr'><strong>expeditius</strong></span> <span class='ocrx_word' id='word_1_463' title='bbox 1489 3769 1562 3809; x_wconf 88' lang='lat' dir='ltr'><strong>est</strong></span> <span class='ocrx_word' id='word_1_464' title='bbox 1583 3797 1599 3813; x_wconf 84' lang='grc'><strong>.</strong></span> <span class='ocrx_word' id='word_1_465' title='bbox 1662 3769 1753 3816; x_wconf 85' lang='lat' dir='ltr'><strong>rei.</strong></span> <span class='ocrx_word' id='word_1_466' title='bbox 1778 3767 1835 3813; x_wconf 66' lang='lat' dir='ltr'><strong>lt.</strong></span> <span class='ocrx_word' id='word_1_467' title='bbox 1863 3768 1900 3811; x_wconf 82' lang='lat' dir='ltr'><strong>t.</strong></span> 
     </span>
     <span class='ocr_line' id='line_1_36' title="bbox 231 3823 3032 3889; baseline 0 -19"><span class='ocrx_word' id='word_1_468' title='bbox 231 3825 366 3883; x_wconf 81' lang='lat' dir='ltr'><strong>quod</strong></span> <span class='ocrx_word' id='word_1_469' title='bbox 383 3824 590 3871; x_wconf 79' lang='lat' dir='ltr'><strong>Sabinus</strong></span> <span class='ocrx_word' id='word_1_470' title='bbox 612 3826 810 3872; x_wconf 88' lang='lat' dir='ltr'><strong>scribit:</strong></span> <span class='ocrx_word' id='word_1_471' title='bbox 832 3827 1059 3882; x_wconf 76' lang='lat' dir='ltr'><strong>perinde</strong></span> <span class='ocrx_word' id='word_1_472' title='bbox 1078 3826 1382 3874; x_wconf 74' lang='lat' dir='ltr'><strong>habendum</strong></span> <span class='ocrx_word' id='word_1_473' title='bbox 1403 3861 1419 3889; x_wconf 89' lang='lat'><strong>,</strong></span> <span class='ocrx_word' id='word_1_474' title='bbox 1459 3837 1525 3872; x_wconf 81' lang='lat' dir='ltr'><strong>ac</strong></span> <span class='ocrx_word' id='word_1_475' title='bbox 1553 3824 1603 3873; x_wconf 75' lang='lat' dir='ltr'><strong>st</strong></span> <span class='ocrx_word' id='word_1_476' title='bbox 1729 3830 1808 3875; x_wconf 66' lang='lat' dir='ltr'><strong>izi</strong></span> <span class='ocrx_word' id='word_1_477' title='bbox 1836 3829 1884 3873; x_wconf 92' lang='lat' dir='ltr'><strong>L.</strong></span> <span class='ocrx_word' id='word_1_478' title='bbox 1914 3828 1993 3873; x_wconf 77' lang='lat'><strong>23.</strong></span> <span class='ocrx_word' id='word_1_479' title='bbox 2014 3829 2068 3874; x_wconf 93' lang='lat' dir='ltr'><strong>C.</strong></span> <span class='ocrx_word' id='word_1_480' title='bbox 2091 3827 2159 3873; x_wconf 79' lang='lat' dir='ltr'><strong>de</strong></span> <span class='ocrx_word' id='word_1_481' title='bbox 2177 3828 2274 3886; x_wconf 73' lang='lat' dir='ltr'><strong>leq.</strong></span> <span class='ocrx_word' id='word_1_482' title='bbox 2298 3828 2399 3885; x_wconf 84' lang='lat' dir='ltr'><strong>(vt,</strong></span> <span class='ocrx_word' id='word_1_483' title='bbox 2421 3823 2721 3883; x_wconf 77' lang='lat' dir='ltr'><strong>57.)-Vid.</strong></span> <span class='ocrx_word' id='word_1_484' title='bbox 2742 3826 2807 3871; x_wconf 80' lang='grc' dir='ltr'><strong>Ε.</strong></span> <span class='ocrx_word' id='word_1_485' title='bbox 2829 3824 3032 3871; x_wconf 75' lang='lat' dir='ltr'><strong>Schra-</strong></span> 
     </span>
     <span class='ocr_line' id='line_1_37' title="bbox 232 3884 2323 3943; baseline 0 -10"><span class='ocrx_word' id='word_1_486' title='bbox 232 3898 338 3934; x_wconf 80' lang='lat' dir='ltr'><strong>nec</strong></span> <span class='ocrx_word' id='word_1_487' title='bbox 359 3884 591 3941; x_wconf 76' lang='lat' dir='ltr'><strong>fundum</strong></span> <span class='ocrx_word' id='word_1_488' title='bbox 634 3900 732 3935; x_wconf 83' lang='lat' dir='ltr'><strong>nec</strong></span> <span class='ocrx_word' id='word_1_489' title='bbox 771 3890 951 3943; x_wconf 78' lang='lat' dir='ltr'><strong>partes</strong></span> <span class='ocrx_word' id='word_1_490' title='bbox 988 3890 1440 3936; x_wconf 74' lang='lat' dir='ltr'><strong>nomInassetn-.</strong></span> <span class='ocrx_word' id='word_1_491' title='bbox 1464 3889 1607 3933; x_wconf 83' lang='lat' dir='ltr'><strong>Forte</strong></span> <span class='ocrx_word' id='word_1_492' title='bbox 1669 3892 1770 3940; x_wconf 79' lang='lat' dir='ltr'><strong>der</strong></span> <span class='ocrx_word' id='word_1_493' title='bbox 1791 3891 1887 3937; x_wconf 85' lang='lat' dir='ltr'><strong>civ.</strong></span> <span class='ocrx_word' id='word_1_494' title='bbox 1914 3889 2108 3936; x_wconf 55' lang='lat' dir='ltr'><strong>abun.</strong></span> <span class='ocrx_word' id='word_1_495' title='bbox 2132 3891 2212 3934; x_wconf 75' lang='lat' dir='ltr'><strong>Nr.</strong></span> <span class='ocrx_word' id='word_1_496' title='bbox 2245 3890 2323 3934; x_wconf 85' lang='lat' dir='ltr'><strong>lv.</strong></span> 
     </span>
     <span class='ocr_line' id='line_1_38' title="bbox 236 3945 3055 4010; baseline -0.002 -13"><span class='ocrx_word' id='word_1_497' title='bbox 236 3949 529 4007; x_wconf 77' lang='lat' dir='ltr'><strong>tegendum:</strong></span> <span class='ocrx_word' id='word_1_498' title='bbox 556 3968 579 3993; x_wconf 78' lang='lat' dir='ltr'><strong>u</strong></span> <span class='ocrx_word' id='word_1_499' title='bbox 595 3963 681 3996; x_wconf 87' lang='lat' dir='ltr'><strong>nec</strong></span> <span class='ocrx_word' id='word_1_500' title='bbox 703 3951 836 3995; x_wconf 87' lang='lat' dir='ltr'><strong>enim</strong></span> <span class='ocrx_word' id='word_1_501' title='bbox 859 3952 1111 4006; x_wconf 69' lang='lat' dir='ltr'><strong>facilem-o</strong></span> <span class='ocrx_word' id='word_1_502' title='bbox 1126 3950 1433 3998; x_wconf 76' lang='lat' dir='ltr'><strong>diversitate</strong></span> <span class='ocrx_word' id='word_1_503' title='bbox 1449 3961 1606 4007; x_wconf 81' lang='lat' dir='ltr'><strong>prae·</strong></span> <span class='ocrx_word' id='word_1_504' title='bbox 1737 3952 1815 4008; x_wconf 75' lang='grc'><strong>14)</strong></span> <span class='ocrx_word' id='word_1_505' title='bbox 1834 3955 1860 4010; x_wconf 73' lang='grc' dir='ltr'>ς</span> <span class='ocrx_word' id='word_1_506' title='bbox 1876 3950 1925 3998; x_wconf 90' lang='grc'><strong>8.</strong></span> <span class='ocrx_word' id='word_1_507' title='bbox 1961 3953 1996 3998; x_wconf 92' lang='grc'><strong>1.</strong></span> <span class='ocrx_word' id='word_1_508' title='bbox 2021 3953 2072 3997; x_wconf 88' lang='lat' dir='ltr'><strong>L.</strong></span> <span class='ocrx_word' id='word_1_509' title='bbox 2100 3948 2177 3998; x_wconf 90' lang='grc'><strong>17.</strong></span> <span class='ocrx_word' id='word_1_510' title='bbox 2203 3963 2278 4007; x_wconf 91' lang='lat' dir='ltr'><strong>pr.</strong></span> <span class='ocrx_word' id='word_1_511' title='bbox 2305 3953 2332 4007; x_wconf 68' lang='grc' dir='ltr'><strong>ς</strong></span> <span class='ocrx_word' id='word_1_512' title='bbox 2352 3952 2399 3997; x_wconf 92' lang='grc'><strong>1.</strong></span> <span class='ocrx_word' id='word_1_513' title='bbox 2423 3950 2474 3996; x_wconf 73' lang='lat'><strong>2:</strong></span> <span class='ocrx_word' id='word_1_514' title='bbox 2497 3945 2546 3996; x_wconf 73' lang='lat'><strong>4.</strong></span> <span class='ocrx_word' id='word_1_515' title='bbox 2590 3949 2641 3994; x_wconf 91' lang='lat' dir='ltr'><strong>L.</strong></span> <span class='ocrx_word' id='word_1_516' title='bbox 2662 3945 2742 3995; x_wconf 90' lang='grc'><strong>18.</strong></span> <span class='ocrx_word' id='word_1_517' title='bbox 2769 3949 2823 3995; x_wconf 89' lang='lat' dir='ltr'><strong>D.</strong></span> <span class='ocrx_word' id='word_1_518' title='bbox 2844 3948 2897 3995; x_wconf 80' lang='grc' dir='ltr'><strong>Ιι.</strong></span> <span class='ocrx_word' id='word_1_519' title='bbox 2921 3950 2958 3993; x_wconf 82' lang='lat' dir='ltr'><strong>t.</strong></span> <span class='ocrx_word' id='word_1_520' title='bbox 2994 3968 3055 3980; x_wconf 83' lang='lat'><strong>—-</strong></span> 
     </span>
     <span class='ocr_line' id='line_1_39' title="bbox 232 4011 2249 4076; baseline 0.001 -18"><span class='ocrx_word' id='word_1_521' title='bbox 232 4011 450 4058; x_wconf 76' lang='lat' dir='ltr'><strong>diorum</strong></span> <span class='ocrx_word' id='word_1_522' title='bbox 466 4013 624 4060; x_wconf 72' lang='lat' dir='ltr'><strong>n-ct.</strong></span> <span class='ocrx_word' id='word_1_523' title='bbox 646 4019 696 4058; x_wconf 91' lang='lat' dir='ltr'><strong>et</strong></span> <span class='ocrx_word' id='word_1_524' title='bbox 718 4016 815 4058; x_wconf 88' lang='lat' dir='ltr'><strong>not.</strong></span> <span class='ocrx_word' id='word_1_525' title='bbox 835 4014 882 4057; x_wconf 90' lang='lat' dir='ltr'><strong>in</strong></span> <span class='ocrx_word' id='word_1_526' title='bbox 903 4013 981 4059; x_wconf 89' lang='lat' dir='ltr'><strong>ed.</strong></span> <span class='ocrx_word' id='word_1_527' title='bbox 1006 4013 1128 4060; x_wconf 77' lang='lat' dir='ltr'><strong>Geb.</strong></span> <span class='ocrx_word' id='word_1_528' title='bbox 1153 4016 1262 4071; x_wconf 79' lang='lat' dir='ltr'><strong>Sp.)</strong></span> <span class='ocrx_word' id='word_1_529' title='bbox 1279 4038 1336 4048; x_wconf 89' lang='lat'><strong>·-</strong></span> <span class='ocrx_word' id='word_1_530' title='bbox 1350 4011 1614 4076; x_wconf 71' lang='lat' dir='ltr'><strong>Auemnii</strong></span> <span class='ocrx_word' id='word_1_531' title='bbox 1674 4019 1809 4064; x_wconf 84' lang='lat' dir='ltr'><strong>caet.</strong></span> <span class='ocrx_word' id='word_1_532' title='bbox 1834 4018 1887 4062; x_wconf 90' lang='lat' dir='ltr'><strong>L.</strong></span> <span class='ocrx_word' id='word_1_533' title='bbox 1915 4011 1992 4063; x_wconf 90' lang='grc'><strong>17.</strong></span> <span class='ocrx_word' id='word_1_534' title='bbox 2019 4012 2106 4071; x_wconf 73' lang='grc' dir='ltr'><strong>ςό.</strong></span> <span class='ocrx_word' id='word_1_535' title='bbox 2129 4012 2249 4061; x_wconf 81' lang='lat' dir='ltr'><strong>eod.</strong></span> 
     </span>
     <span class='ocr_line' id='line_1_40' title="bbox 241 4075 2432 4147; baseline -0.001 -26"><span class='ocrx_word' id='word_1_536' title='bbox 241 4075 530 4129; x_wconf 87' lang='lat' dir='ltr'><strong>interprett.</strong></span> <span class='ocrx_word' id='word_1_537' title='bbox 558 4076 661 4122; x_wconf 88' lang='lat' dir='ltr'><strong>Lib.</strong></span> <span class='ocrx_word' id='word_1_538' title='bbox 680 4076 756 4120; x_wconf 80' lang='lat' dir='ltr'><strong>iv.</strong></span> <span class='ocrx_word' id='word_1_539' title='bbox 781 4088 826 4120; x_wconf 92' lang='lat' dir='ltr'><strong>c.</strong></span> <span class='ocrx_word' id='word_1_540' title='bbox 852 4075 915 4121; x_wconf 84' lang='lat' dir='ltr'><strong>tt.</strong></span> <span class='ocrx_word' id='word_1_541' title='bbox 2338 4097 2432 4147; x_wconf 65' lang='lat'><strong>337</strong></span> 
     </span>
    </p>

    <p class='ocr_par' dir='ltr' id='par_1_9' title="bbox 236 4101 3063 4757">
     <span class='ocr_line' id='line_1_41' title="bbox 299 4101 2779 4197; baseline 0.001 -16"><span class='ocrx_word' id='word_1_542' title='bbox 299 4133 353 4193; x_wconf 87' lang='lat'><strong>8)</strong></span> <span class='ocrx_word' id='word_1_543' title='bbox 374 4136 402 4190; x_wconf 78' lang='grc' dir='ltr'>ς</span> <span class='ocrx_word' id='word_1_544' title='bbox 424 4132 472 4183; x_wconf 83' lang='grc'><strong>5.</strong></span> <span class='ocrx_word' id='word_1_545' title='bbox 501 4140 537 4183; x_wconf 93' lang='grc'><strong>1.</strong></span> <span class='ocrx_word' id='word_1_546' title='bbox 561 4139 613 4183; x_wconf 85' lang='lat'><strong>1..</strong></span> <span class='ocrx_word' id='word_1_547' title='bbox 634 4135 714 4183; x_wconf 71' lang='lat'><strong>50.</strong></span> <span class='ocrx_word' id='word_1_548' title='bbox 740 4139 787 4182; x_wconf 86' lang='lat' dir='ltr'><strong>in</strong></span> <span class='ocrx_word' id='word_1_549' title='bbox 808 4137 843 4183; x_wconf 80' lang='lat' dir='ltr'><strong>t.</strong></span> <span class='ocrx_word' id='word_1_550' title='bbox 867 4136 1318 4184; x_wconf 53' lang='lat' dir='ltr'><strong>ulum—Volusii</strong></span> <span class='ocrx_word' id='word_1_551' title='bbox 1344 4134 1606 4183; x_wconf 69' lang='lat' dir='ltr'><strong>Maeotani</strong></span> <span class='ocrx_word' id='word_1_552' title='bbox 2285 4101 2311 4154; x_wconf 61' lang='grc' dir='ltr'><em>ς</em></span> <span class='ocrx_word' id='word_1_553' title='bbox 2439 4132 2452 4146; x_wconf 81' lang='grc'><strong><em>’</em></strong></span> <span class='ocrx_word' id='word_1_554' title='bbox 2769 4186 2779 4197; x_wconf 66' lang='grc'><em>,</em></span> 
     </span>
     <span class='ocr_line' id='line_1_42' title="bbox 237 4185 3063 4257; baseline 0 -11"><span class='ocrx_word' id='word_1_555' title='bbox 237 4200 306 4246; x_wconf 89' lang='lat' dir='ltr'><strong>de</strong></span> <span class='ocrx_word' id='word_1_556' title='bbox 335 4200 558 4253; x_wconf 84' lang='lat' dir='ltr'><strong>partibus</strong></span> <span class='ocrx_word' id='word_1_557' title='bbox 590 4201 710 4246; x_wconf 85' lang='lat' dir='ltr'><strong>assis</strong></span> <span class='ocrx_word' id='word_1_558' title='bbox 732 4199 876 4257; x_wconf 86' lang='lat' dir='ltr'><strong>iiber,</strong></span> <span class='ocrx_word' id='word_1_559' title='bbox 899 4199 992 4245; x_wconf 83' lang='lat' dir='ltr'><strong>Th.</strong></span> <span class='ocrx_word' id='word_1_560' title='bbox 1012 4200 1063 4245; x_wconf 88' lang='lat' dir='ltr'><strong>C.</strong></span> <span class='ocrx_word' id='word_1_561' title='bbox 1086 4199 1285 4246; x_wconf 83' lang='lat' dir='ltr'><strong>editioni</strong></span> <span class='ocrx_word' id='word_1_562' title='bbox 1303 4233 1317 4254; x_wconf 86' lang='lat'><strong>,</strong></span> <span class='ocrx_word' id='word_1_563' title='bbox 1337 4210 1483 4257; x_wconf 85' lang='lat' dir='ltr'><strong>quam</strong></span> <span class='ocrx_word' id='word_1_564' title='bbox 1507 4210 1613 4244; x_wconf 87' lang='lat' dir='ltr'><strong>cur.</strong></span> <span class='ocrx_word' id='word_1_565' title='bbox 1742 4193 1800 4250; x_wconf 75' lang='lat'><strong>(⁹)</strong></span> <span class='ocrx_word' id='word_1_566' title='bbox 1827 4194 1944 4238; x_wconf 65' lang='lat'><strong>¹⁰⁸²·</strong></span> <span class='ocrx_word' id='word_1_567' title='bbox 1989 4189 2005 4246; x_wconf 90' lang='lat'>(</span> <span class='ocrx_word' id='word_1_568' title='bbox 2028 4189 2110 4247; x_wconf 71' lang='grc' dir='ltr'>ΙΙΙ,</span> <span class='ocrx_word' id='word_1_569' title='bbox 2132 4185 2209 4234; x_wconf 78' lang='lat'><strong>¹5·</strong></span> <span class='ocrx_word' id='word_1_570' title='bbox 2229 4189 2246 4246; x_wconf 82' lang='lat'>)</span> <span class='ocrx_word' id='word_1_571' title='bbox 2265 4188 2331 4235; x_wconf 70' lang='lat' dir='ltr'><strong>de</strong></span> <span class='ocrx_word' id='word_1_572' title='bbox 2362 4185 2576 4246; x_wconf 60' lang='grc' dir='ltr'><strong>1188190ΐῖ</strong></span> <span class='ocrx_word' id='word_1_573' title='bbox 2607 4185 2992 4234; x_wconf 60' lang='lat' dir='ltr'><strong>‘Ubslllmlo&#39;w</strong></span> <span class='ocrx_word' id='word_1_574' title='bbox 3012 4191 3063 4233; x_wconf 69' lang='lat'><strong>0²</strong></span> 
     </span>
     <span class='ocr_line' id='line_1_43' title="bbox 241 4248 3056 4318; baseline -0 -10"><span class='ocrx_word' id='word_1_575' title='bbox 241 4261 435 4315; x_wconf 71' lang='lat' dir='ltr'><strong>cujac.</strong></span> <span class='ocrx_word' id='word_1_576' title='bbox 460 4264 639 4313; x_wconf 78' lang='lat' dir='ltr'><strong>(Aurei.</strong></span> <span class='ocrx_word' id='word_1_577' title='bbox 664 4258 848 4318; x_wconf 58' lang='lat' dir='ltr'><strong>mss),</strong></span> <span class='ocrx_word' id='word_1_578' title='bbox 867 4261 965 4315; x_wconf 71' lang='lat' dir='ltr'><strong>adi.</strong></span> <span class='ocrx_word' id='word_1_579' title='bbox 1004 4284 1059 4293; x_wconf 91' lang='lat'><strong>—-</strong></span> <span class='ocrx_word' id='word_1_580' title='bbox 1094 4262 1297 4307; x_wconf 79' lang='lat' dir='ltr'><strong>Nomina</strong></span> <span class='ocrx_word' id='word_1_581' title='bbox 1318 4268 1484 4307; x_wconf 88' lang='lat' dir='ltr'><strong>autem</strong></span> <span class='ocrx_word' id='word_1_582' title='bbox 1508 4273 1616 4317; x_wconf 88' lang='lat' dir='ltr'><strong>par-</strong></span> <span class='ocrx_word' id='word_1_583' title='bbox 1681 4257 1698 4314; x_wconf 94' lang='lat'>(</span> <span class='ocrx_word' id='word_1_584' title='bbox 1723 4257 1761 4301; x_wconf 86' lang='grc'><strong>11</strong></span> <span class='ocrx_word' id='word_1_585' title='bbox 1786 4288 1801 4306; x_wconf 70' lang='grc'><strong>.</strong></span> <span class='ocrx_word' id='word_1_586' title='bbox 1842 4252 1918 4299; x_wconf 75' lang='grc'><strong>16-</strong></span> <span class='ocrx_word' id='word_1_587' title='bbox 1944 4254 1959 4309; x_wconf 93' lang='grc'>)</span> <span class='ocrx_word' id='word_1_588' title='bbox 1992 4251 2062 4298; x_wconf 66' lang='grc'><strong>48</strong></span> <span class='ocrx_word' id='word_1_589' title='bbox 2107 4249 2365 4308; x_wconf 61' lang='grc' dir='ltr'><strong>ΡΠΡῙΙΜΓΙ</strong></span> <span class='ocrx_word' id='word_1_590' title='bbox 2421 4248 2824 4296; x_wconf 61' lang='lat' dir='ltr'><strong>Sub-*lllm&#39;one-</strong></span> <span class='ocrx_word' id='word_1_591' title='bbox 2860 4272 2921 4282; x_wconf 90' lang='grc'><strong>···</strong></span> <span class='ocrx_word' id='word_1_592' title='bbox 2953 4250 3056 4307; x_wconf 64' lang='lat'><strong>⁰⁶3·</strong></span> 
     </span>
     <span class='ocr_line' id='line_1_44' title="bbox 238 4310 3055 4386; baseline -0.005 -17"><span class='ocrx_word' id='word_1_593' title='bbox 238 4326 367 4369; x_wconf 87' lang='lat' dir='ltr'><strong>tium</strong></span> <span class='ocrx_word' id='word_1_594' title='bbox 389 4326 510 4371; x_wconf 84' lang='lat' dir='ltr'><strong>assis</strong></span> <span class='ocrx_word' id='word_1_595' title='bbox 547 4324 666 4369; x_wconf 85' lang='lat' dir='ltr'><strong>baec</strong></span> <span class='ocrx_word' id='word_1_596' title='bbox 698 4332 810 4371; x_wconf 90' lang='lat' dir='ltr'><strong>sunt</strong></span> <span class='ocrx_word' id='word_1_597' title='bbox 836 4340 847 4370; x_wconf 79' lang='lat' dir='ltr'><strong><em>z</em></strong></span> <span class='ocrx_word' id='word_1_598' title='bbox 876 4325 1017 4370; x_wconf 84' lang='lat' dir='ltr'><strong>uncia</strong></span> <span class='ocrx_word' id='word_1_599' title='bbox 1048 4330 1275 4375; x_wconf 77' lang='lat' dir='ltr'><strong>,sextans</strong></span> <span class='ocrx_word' id='word_1_600' title='bbox 1299 4358 1313 4377; x_wconf 90' lang='lat'><strong>,</strong></span> <span class='ocrx_word' id='word_1_601' title='bbox 1332 4324 1580 4381; x_wconf 85' lang='lat' dir='ltr'><strong>quadrans</strong></span> <span class='ocrx_word' id='word_1_602' title='bbox 1604 4354 1620 4379; x_wconf 91' lang='lat'><strong>,</strong></span> <span class='ocrx_word' id='word_1_603' title='bbox 1683 4317 1909 4373; x_wconf 70' lang='lat' dir='ltr'><strong>(xxviii,</strong></span> <span class='ocrx_word' id='word_1_604' title='bbox 1929 4312 1997 4367; x_wconf 83' lang='lat'><strong>6.)</strong></span> <span class='ocrx_word' id='word_1_605' title='bbox 2025 4312 2103 4386; x_wconf 55' lang='lat' dir='ltr'><strong>sie</strong></span> <span class='ocrx_word' id='word_1_606' title='bbox 2135 4312 2349 4373; x_wconf 70' lang='lat' dir='ltr'><strong>vutqart</strong></span> <span class='ocrx_word' id='word_1_607' title='bbox 2388 4316 2442 4358; x_wconf 77' lang='lat' dir='ltr'><strong>et</strong></span> <span class='ocrx_word' id='word_1_608' title='bbox 2472 4324 2601 4385; x_wconf 52' lang='lat' dir='ltr'><strong>nup.</strong></span> <span class='ocrx_word' id='word_1_609' title='bbox 2637 4310 2806 4383; x_wconf 52' lang='lat' dir='ltr'><strong>suast.</strong></span> <span class='ocrx_word' id='word_1_610' title='bbox 2844 4335 2900 4344; x_wconf 92' lang='lat'>—</span> <span class='ocrx_word' id='word_1_611' title='bbox 2935 4313 3055 4360; x_wconf 83' lang='lat' dir='ltr'><strong>cod.</strong></span> 
     </span>
     <span class='ocr_line' id='line_1_45' title="bbox 239 4373 3054 4445; baseline -0.003 -14"><span class='ocrx_word' id='word_1_612' title='bbox 239 4386 402 4431; x_wconf 86' lang='lat' dir='ltr'><strong>triens</strong></span> <span class='ocrx_word' id='word_1_613' title='bbox 423 4420 438 4439; x_wconf 85' lang='lat'><strong>,</strong></span> <span class='ocrx_word' id='word_1_614' title='bbox 461 4387 707 4444; x_wconf 78' lang='lat' dir='ltr'><strong>quincunx</strong></span> <span class='ocrx_word' id='word_1_615' title='bbox 730 4422 745 4445; x_wconf 85' lang='lat'><strong>‚</strong></span> <span class='ocrx_word' id='word_1_616' title='bbox 767 4388 916 4433; x_wconf 87' lang='lat' dir='ltr'><strong>semis</strong></span> <span class='ocrx_word' id='word_1_617' title='bbox 938 4419 953 4442; x_wconf 90' lang='lat'>‚</span> <span class='ocrx_word' id='word_1_618' title='bbox 976 4389 1181 4441; x_wconf 79' lang='lat' dir='ltr'><strong>septunx</strong></span> <span class='ocrx_word' id='word_1_619' title='bbox 1203 4419 1219 4440; x_wconf 89' lang='lat'><strong>,</strong></span> <span class='ocrx_word' id='word_1_620' title='bbox 1244 4385 1327 4431; x_wconf 90' lang='lat' dir='ltr'><strong>bes</strong></span> <span class='ocrx_word' id='word_1_621' title='bbox 1341 4418 1355 4441; x_wconf 90' lang='lat'><strong>,</strong></span> <span class='ocrx_word' id='word_1_622' title='bbox 1379 4385 1616 4441; x_wconf 84' lang='lat' dir='ltr'><strong>dodrans,</strong></span> <span class='ocrx_word' id='word_1_623' title='bbox 1684 4381 1786 4439; x_wconf 79' lang='lat' dir='ltr'><strong>(Vi,</strong></span> <span class='ocrx_word' id='word_1_624' title='bbox 1803 4377 1906 4435; x_wconf 70' lang='grc'><strong>96.)</strong></span> <span class='ocrx_word' id='word_1_625' title='bbox 1929 4377 1998 4423; x_wconf 73' lang='lat' dir='ltr'><strong>de</strong></span> <span class='ocrx_word' id='word_1_626' title='bbox 2017 4376 2342 4431; x_wconf 70' lang='lat' dir='ltr'><strong>lmpuberum</strong></span> <span class='ocrx_word' id='word_1_627' title='bbox 2360 4378 2417 4421; x_wconf 75' lang='lat' dir='ltr'><strong>el</strong></span> <span class='ocrx_word' id='word_1_628' title='bbox 2430 4375 2548 4421; x_wconf 76' lang='lat' dir='ltr'><strong>alm</strong></span> <span class='ocrx_word' id='word_1_629' title='bbox 2562 4373 3054 4445; x_wconf 57' lang='lat' dir='ltr'><strong>substttutfonibues</strong></span> 
     </span>
     <span class='ocr_line' id='line_1_46' title="bbox 236 4437 3056 4510; baseline -0.005 -17"><span class='ocrx_word' id='word_1_630' title='bbox 236 4449 439 4494; x_wconf 79' lang='lat' dir='ltr'><strong>decunx</strong></span> <span class='ocrx_word' id='word_1_631' title='bbox 464 4450 561 4494; x_wconf 84' lang='lat' dir='ltr'><strong>sive</strong></span> <span class='ocrx_word' id='word_1_632' title='bbox 574 4451 993 4510; x_wconf 48' lang='lat' dir='ltr'><strong>dextansffteunx.</strong></span> <span class='ocrx_word' id='word_1_633' title='bbox 1010 4449 1266 4494; x_wconf 81' lang='lat' dir='ltr'><strong>Praeterea</strong></span> <span class='ocrx_word' id='word_1_634' title='bbox 1289 4452 1339 4492; x_wconf 89' lang='lat' dir='ltr'><strong>et</strong></span> <span class='ocrx_word' id='word_1_635' title='bbox 1361 4447 1619 4492; x_wconf 86' lang='lat' dir='ltr'><strong>unciarum</strong></span> <span class='ocrx_word' id='word_1_636' title='bbox 1683 4467 1744 4478; x_wconf 89' lang='lat'><em>-</em></span> <span class='ocrx_word' id='word_1_637' title='bbox 1781 4441 1838 4486; x_wconf 84' lang='lat' dir='ltr'><strong>G.</strong></span> <span class='ocrx_word' id='word_1_638' title='bbox 1883 4442 1951 4485; x_wconf 80' lang='grc' dir='ltr'><strong>Η.</strong></span> <span class='ocrx_word' id='word_1_639' title='bbox 2003 4441 2173 4498; x_wconf 71' lang='lat' dir='ltr'><strong>Tur-eq</strong></span> <span class='ocrx_word' id='word_1_640' title='bbox 2213 4440 2267 4484; x_wconf 95' lang='lat' dir='ltr'><strong>D.</strong></span> <span class='ocrx_word' id='word_1_641' title='bbox 2290 4438 2481 4494; x_wconf 82' lang='lat' dir='ltr'><strong>dejure</strong></span> <span class='ocrx_word' id='word_1_642' title='bbox 2499 4437 2877 4484; x_wconf 72' lang='lat' dir='ltr'><strong>substitutionis.</strong></span> <span class='ocrx_word' id='word_1_643' title='bbox 2904 4438 3056 4493; x_wconf 80' lang='lat' dir='ltr'><strong>Lugd.</strong></span> 
     </span>
     <span class='ocr_line' id='line_1_47' title="bbox 238 4499 2970 4569; baseline -0.003 -13"><span class='ocrx_word' id='word_1_644' title='bbox 238 4516 416 4569; x_wconf 82' lang='lat' dir='ltr'><strong>partes</strong></span> <span class='ocrx_word' id='word_1_645' title='bbox 435 4513 680 4557; x_wconf 76' lang='lat' dir='ltr'><strong>notandae</strong></span> <span class='ocrx_word' id='word_1_646' title='bbox 699 4518 813 4558; x_wconf 91' lang='lat' dir='ltr'><strong>sunt</strong></span> <span class='ocrx_word' id='word_1_647' title='bbox 833 4546 849 4569; x_wconf 89' lang='lat'><strong>,</strong></span> <span class='ocrx_word' id='word_1_648' title='bbox 870 4514 1001 4556; x_wconf 77' lang='lat' dir='ltr'><strong>vetut</strong></span> <span class='ocrx_word' id='word_1_649' title='bbox 1024 4510 1272 4555; x_wconf 83' lang='lat' dir='ltr'><strong>semuncia</strong></span> <span class='ocrx_word' id='word_1_650' title='bbox 1298 4543 1314 4563; x_wconf 87' lang='lat'><strong>,</strong></span> <span class='ocrx_word' id='word_1_651' title='bbox 1333 4510 1578 4556; x_wconf 76' lang='lat' dir='ltr'><strong>sicilicum</strong></span> <span class='ocrx_word' id='word_1_652' title='bbox 1604 4541 1620 4563; x_wconf 88' lang='lat'><strong>,</strong></span> <span class='ocrx_word' id='word_1_653' title='bbox 1686 4508 1790 4551; x_wconf 84' lang='lat' dir='ltr'><strong>Bat.</strong></span> <span class='ocrx_word' id='word_1_654' title='bbox 1806 4499 1951 4549; x_wconf 72' lang='lat'><strong>174⁴.</strong></span> <span class='ocrx_word' id='word_1_655' title='bbox 2961 4559 2970 4569; x_wconf 91' lang='lat'><strong>.</strong></span> 
     </span>
     <span class='ocr_line' id='line_1_48' title="bbox 238 4562 3059 4632; baseline -0.004 -14"><span class='ocrx_word' id='word_1_656' title='bbox 238 4574 534 4630; x_wconf 77' lang='lat' dir='ltr'><strong>sescuncia,</strong></span> <span class='ocrx_word' id='word_1_657' title='bbox 557 4573 610 4619; x_wconf 89' lang='lat' dir='ltr'><strong>L.</strong></span> <span class='ocrx_word' id='word_1_658' title='bbox 631 4572 680 4619; x_wconf 88' lang='grc'><strong>8.</strong></span> <span class='ocrx_word' id='word_1_659' title='bbox 719 4578 744 4632; x_wconf 76' lang='grc' dir='ltr'>ς</span> <span class='ocrx_word' id='word_1_660' title='bbox 765 4572 815 4620; x_wconf 91' lang='grc'><strong>8.</strong></span> <span class='ocrx_word' id='word_1_661' title='bbox 854 4576 905 4619; x_wconf 94' lang='lat' dir='ltr'><strong>D.</strong></span> <span class='ocrx_word' id='word_1_662' title='bbox 931 4571 999 4619; x_wconf 78' lang='lat' dir='ltr'><strong>de</strong></span> <span class='ocrx_word' id='word_1_663' title='bbox 1021 4570 1169 4627; x_wconf 75' lang='lat' dir='ltr'><strong>inoff.</strong></span> <span class='ocrx_word' id='word_1_664' title='bbox 1189 4573 1310 4618; x_wconf 78' lang='lat' dir='ltr'><strong>test.</strong></span> <span class='ocrx_word' id='word_1_665' title='bbox 1335 4573 1391 4629; x_wconf 85' lang='lat' dir='ltr'><strong>(v</strong></span> <span class='ocrx_word' id='word_1_666' title='bbox 1418 4605 1432 4627; x_wconf 81' lang='grc'>,</span> <span class='ocrx_word' id='word_1_667' title='bbox 1456 4572 1524 4627; x_wconf 75' lang='lat'><strong>2.)</strong></span> <span class='ocrx_word' id='word_1_668' title='bbox 1562 4595 1618 4603; x_wconf 89' lang='lat'>—</span> <span class='ocrx_word' id='word_1_669' title='bbox 1742 4567 1789 4621; x_wconf 88' lang='grc'><strong>1)</strong></span> <span class='ocrx_word' id='word_1_670' title='bbox 1825 4566 1944 4611; x_wconf 79' lang='lat' dir='ltr'><strong>Nam</strong></span> <span class='ocrx_word' id='word_1_671' title='bbox 1970 4578 1995 4605; x_wconf 79' lang='grc' dir='ltr'><strong>ιι</strong></span> <span class='ocrx_word' id='word_1_672' title='bbox 2017 4567 2068 4607; x_wconf 92' lang='lat' dir='ltr'><strong>ut</strong></span> <span class='ocrx_word' id='word_1_673' title='bbox 2090 4562 2350 4608; x_wconf 81' lang='lat' dir='ltr'><strong>heredibus</strong></span> <span class='ocrx_word' id='word_1_674' title='bbox 2368 4562 2595 4607; x_wconf 87' lang='lat' dir='ltr'><strong>substitui</strong></span> <span class='ocrx_word' id='word_1_675' title='bbox 2610 4565 2791 4619; x_wconf 85' lang='lat' dir='ltr'><strong>potest,</strong></span> <span class='ocrx_word' id='word_1_676' title='bbox 2817 4563 2883 4607; x_wconf 88' lang='lat' dir='ltr'><strong>ita</strong></span> <span class='ocrx_word' id='word_1_677' title='bbox 2908 4565 3059 4606; x_wconf 79' lang='lat' dir='ltr'><strong>etiam</strong></span> 
     </span>
     <span class='ocr_line' id='line_1_49' title="bbox 241 4624 3058 4694; baseline -0.001 -23"><span class='ocrx_word' id='word_1_678' title='bbox 241 4636 301 4681; x_wconf 79' lang='lat'><strong>1„</strong></span> <span class='ocrx_word' id='word_1_679' title='bbox 325 4636 406 4682; x_wconf 75' lang='lat'><strong>21,</strong></span> <span class='ocrx_word' id='word_1_680' title='bbox 427 4637 454 4690; x_wconf 82' lang='grc' dir='ltr'>ς</span> <span class='ocrx_word' id='word_1_681' title='bbox 475 4635 523 4681; x_wconf 69' lang='lat'><strong>3,</strong></span> <span class='ocrx_word' id='word_1_682' title='bbox 568 4637 621 4681; x_wconf 82' lang='grc' dir='ltr'><strong>ι),</strong></span> <span class='ocrx_word' id='word_1_683' title='bbox 665 4636 731 4684; x_wconf 67' lang='lat' dir='ltr'><strong>ae</strong></span> <span class='ocrx_word' id='word_1_684' title='bbox 772 4647 905 4682; x_wconf 66' lang='lat' dir='ltr'><strong>mm,</strong></span> <span class='ocrx_word' id='word_1_685' title='bbox 949 4637 1105 4694; x_wconf 63' lang='lat'><em>[3901.</em></span> <span class='ocrx_word' id='word_1_686' title='bbox 1128 4634 1332 4689; x_wconf 74' lang='lat' dir='ltr'><strong>(xxxin</strong></span> <span class='ocrx_word' id='word_1_687' title='bbox 1358 4666 1374 4683; x_wconf 83' lang='grc'>,</span> <span class='ocrx_word' id='word_1_688' title='bbox 1393 4634 1489 4692; x_wconf 84' lang='lat'><strong>1,);</strong></span> <span class='ocrx_word' id='word_1_689' title='bbox 1516 4639 1621 4678; x_wconf 68' lang='lat' dir='ltr'><strong>ium</strong></span> <span class='ocrx_word' id='word_1_690' title='bbox 1683 4628 1953 4685; x_wconf 80' lang='lat' dir='ltr'><strong>legatariis.</strong></span> <span class='ocrx_word' id='word_1_691' title='bbox 1980 4626 2260 4680; x_wconf 80' lang='lat' dir='ltr'><strong>Videamus,</strong></span> <span class='ocrx_word' id='word_1_692' title='bbox 2285 4636 2347 4670; x_wconf 87' lang='lat' dir='ltr'><strong>an</strong></span> <span class='ocrx_word' id='word_1_693' title='bbox 2373 4625 2516 4669; x_wconf 72' lang='lat' dir='ltr'><strong>idem.</strong></span> <span class='ocrx_word' id='word_1_694' title='bbox 2529 4624 2631 4670; x_wconf 77' lang='lat' dir='ltr'><strong>iteri</strong></span> <span class='ocrx_word' id='word_1_695' title='bbox 2657 4625 2810 4682; x_wconf 82' lang='lat' dir='ltr'><strong>possit</strong></span> <span class='ocrx_word' id='word_1_696' title='bbox 2836 4656 2851 4680; x_wconf 97' lang='lat'><strong>,</strong></span> <span class='ocrx_word' id='word_1_697' title='bbox 2871 4627 2920 4667; x_wconf 83' lang='lat' dir='ltr'><strong>et</strong></span> <span class='ocrx_word' id='word_1_698' title='bbox 2945 4633 3058 4669; x_wconf 87' lang='lat' dir='ltr'><strong>cum</strong></span> 
     </span>
     <span class='ocr_line' id='line_1_50' title="bbox 245 4686 3056 4757; baseline -0.004 -15"><span class='ocrx_word' id='word_1_699' title='bbox 245 4697 405 4743; x_wconf 76' lang='lat' dir='ltr'><strong>etiam</strong></span> <span class='ocrx_word' id='word_1_700' title='bbox 429 4698 549 4743; x_wconf 83' lang='lat' dir='ltr'><strong>assis</strong></span> <span class='ocrx_word' id='word_1_701' title='bbox 581 4700 654 4744; x_wconf 78' lang='lat' dir='ltr'><strong>vet</strong></span> <span class='ocrx_word' id='word_1_702' title='bbox 690 4697 925 4755; x_wconf 78' lang='lat' dir='ltr'><strong>‹tuptieati</strong></span> <span class='ocrx_word' id='word_1_703' title='bbox 955 4731 970 4752; x_wconf 96' lang='lat'><strong>,</strong></span> <span class='ocrx_word' id='word_1_704' title='bbox 1000 4700 1073 4743; x_wconf 78' lang='lat' dir='ltr'><strong>vet</strong></span> <span class='ocrx_word' id='word_1_705' title='bbox 1099 4696 1324 4753; x_wconf 76' lang='lat' dir='ltr'><strong>triplicati</strong></span> <span class='ocrx_word' id='word_1_706' title='bbox 1358 4697 1579 4742; x_wconf 83' lang='lat' dir='ltr'><strong>notiones</strong></span> <span class='ocrx_word' id='word_1_707' title='bbox 1604 4709 1618 4757; x_wconf 69' lang='grc' dir='ltr'><strong><em>ς</em></strong></span> <span class='ocrx_word' id='word_1_708' title='bbox 1684 4691 1855 4736; x_wconf 87' lang='lat' dir='ltr'><strong>mortis</strong></span> <span class='ocrx_word' id='word_1_709' title='bbox 1871 4700 2016 4736; x_wconf 83' lang='lat' dir='ltr'><strong>causa</strong></span> <span class='ocrx_word' id='word_1_710' title='bbox 2038 4688 2324 4743; x_wconf 84' lang='lat' dir='ltr'><strong>donabitur,</strong></span> <span class='ocrx_word' id='word_1_711' title='bbox 2345 4693 2399 4733; x_wconf 92' lang='lat' dir='ltr'><strong>ut</strong></span> <span class='ocrx_word' id='word_1_712' title='bbox 2422 4687 2471 4733; x_wconf 88' lang='lat' dir='ltr'><strong>id</strong></span> <span class='ocrx_word' id='word_1_713' title='bbox 2493 4688 2744 4743; x_wconf 82' lang='lat' dir='ltr'><strong>promittat</strong></span> <span class='ocrx_word' id='word_1_714' title='bbox 2768 4686 2852 4733; x_wconf 80' lang='lat' dir='ltr'><strong>itte</strong></span> <span class='ocrx_word' id='word_1_715' title='bbox 2873 4686 3013 4730; x_wconf 83' lang='lat' dir='ltr'><strong>atteri</strong></span> <span class='ocrx_word' id='word_1_716' title='bbox 3040 4718 3056 4732; x_wconf 92' lang='lat'><strong>.</strong></span> 
     </span>
    </p>
   </div>
   <div class='ocr_carea' id='block_1_8' title="bbox 240 4748 3056 4942">
    <p class='ocr_par' dir='ltr' id='par_1_10' title="bbox 240 4748 3056 4942">
     <span class='ocr_line' id='line_1_51' title="bbox 240 4748 3056 4819; baseline -0.005 -13"><span class='ocrx_word' id='word_1_717' title='bbox 240 4760 492 4817; x_wconf 81' lang='lat' dir='ltr'><strong>dupondii</strong></span> <span class='ocrx_word' id='word_1_718' title='bbox 535 4764 586 4806; x_wconf 88' lang='lat' dir='ltr'><strong>et</strong></span> <span class='ocrx_word' id='word_1_719' title='bbox 628 4762 859 4819; x_wconf 86' lang='lat' dir='ltr'><strong>tripoudii</strong></span> <span class='ocrx_word' id='word_1_720' title='bbox 897 4760 1172 4806; x_wconf 85' lang='lat' dir='ltr'><strong>nominibus</strong></span> <span class='ocrx_word' id='word_1_721' title='bbox 1194 4760 1413 4804; x_wconf 86' lang='lat' dir='ltr'><strong>veniunt.</strong></span> <span class='ocrx_word' id='word_1_722' title='bbox 1451 4782 1508 4791; x_wconf 93' lang='lat'>—</span> <span class='ocrx_word' id='word_1_723' title='bbox 1541 4757 1621 4803; x_wconf 72' lang='lat' dir='ltr'><strong>ef.</strong></span> <span class='ocrx_word' id='word_1_724' title='bbox 1682 4753 1721 4797; x_wconf 77' lang='lat' dir='ltr'><strong>si</strong></span> <span class='ocrx_word' id='word_1_725' title='bbox 1746 4754 1848 4810; x_wconf 84' lang='lat' dir='ltr'><strong>ipse</strong></span> <span class='ocrx_word' id='word_1_726' title='bbox 1867 4761 2042 4811; x_wconf 84' lang='lat' dir='ltr'><strong>capere</strong></span> <span class='ocrx_word' id='word_1_727' title='bbox 2064 4761 2160 4794; x_wconf 90' lang='lat' dir='ltr'><strong>non</strong></span> <span class='ocrx_word' id='word_1_728' title='bbox 2185 4750 2393 4807; x_wconf 79' lang='lat' dir='ltr'><strong>poterit?</strong></span> <span class='ocrx_word' id='word_1_729' title='bbox 2415 4750 2549 4806; x_wconf 85' lang='lat' dir='ltr'><strong>quod</strong></span> <span class='ocrx_word' id='word_1_730' title='bbox 2574 4750 2724 4817; x_wconf 77' lang='lat' dir='ltr'><strong>magis</strong></span> <span class='ocrx_word' id='word_1_731' title='bbox 2749 4754 2844 4803; x_wconf 88' lang='lat' dir='ltr'><strong>est,</strong></span> <span class='ocrx_word' id='word_1_732' title='bbox 2865 4748 2980 4805; x_wconf 82' lang='lat' dir='ltr'><strong>quia</strong></span> <span class='ocrx_word' id='word_1_733' title='bbox 3006 4748 3056 4793; x_wconf 91' lang='lat' dir='ltr'><strong>iu</strong></span> 
     </span>
     <span class='ocr_line' id='line_1_52' title="bbox 242 4812 3055 4879; baseline -0.007 -9"><span class='ocrx_word' id='word_1_734' title='bbox 242 4821 423 4870; x_wconf 73' lang='lat' dir='ltr'><strong>Vina.</strong></span> <span class='ocrx_word' id='word_1_735' title='bbox 441 4824 503 4868; x_wconf 87' lang='lat' dir='ltr'><strong>ad</strong></span> <span class='ocrx_word' id='word_1_736' title='bbox 520 4824 547 4877; x_wconf 80' lang='grc' dir='ltr'><strong>ς</strong></span> <span class='ocrx_word' id='word_1_737' title='bbox 569 4821 617 4869; x_wconf 82' lang='grc'><strong>5.</strong></span> <span class='ocrx_word' id='word_1_738' title='bbox 642 4825 676 4871; x_wconf 86' lang='lat' dir='ltr'><strong>t.</strong></span> <span class='ocrx_word' id='word_1_739' title='bbox 696 4824 749 4872; x_wconf 86' lang='lat' dir='ltr'><strong>b.</strong></span> <span class='ocrx_word' id='word_1_740' title='bbox 775 4829 810 4870; x_wconf 90' lang='lat' dir='ltr'><strong>t.</strong></span> <span class='ocrx_word' id='word_1_741' title='bbox 836 4833 912 4870; x_wconf 88' lang='lat' dir='ltr'><strong>nr.</strong></span> <span class='ocrx_word' id='word_1_742' title='bbox 935 4824 983 4869; x_wconf 88' lang='lat'><strong>1.</strong></span> <span class='ocrx_word' id='word_1_743' title='bbox 1010 4846 1066 4856; x_wconf 93' lang='lat'><strong>—-</strong></span> <span class='ocrx_word' id='word_1_744' title='bbox 1088 4820 1359 4870; x_wconf 75' lang='lat' dir='ltr'><strong>Heineccii</strong></span> <span class='ocrx_word' id='word_1_745' title='bbox 1376 4820 1537 4879; x_wconf 81' lang='lat' dir='ltr'><strong>antiq.</strong></span> <span class='ocrx_word' id='word_1_746' title='bbox 1558 4820 1616 4867; x_wconf 84' lang='lat' dir='ltr'><strong>tt.</strong></span> <span class='ocrx_word' id='word_1_747' title='bbox 1683 4815 1964 4872; x_wconf 79' lang='lat' dir='ltr'><strong>posterioris</strong></span> <span class='ocrx_word' id='word_1_748' title='bbox 1985 4823 2182 4871; x_wconf 84' lang='lat' dir='ltr'><strong>quoque</strong></span> <span class='ocrx_word' id='word_1_749' title='bbox 2206 4823 2464 4869; x_wconf 87' lang='lat' dir='ltr'><strong>personam</strong></span> <span class='ocrx_word' id='word_1_750' title='bbox 2496 4812 2697 4857; x_wconf 77' lang='lat' dir='ltr'><strong>donatio</strong></span> <span class='ocrx_word' id='word_1_751' title='bbox 2728 4812 2999 4858; x_wconf 70' lang='lat' dir='ltr'><strong>confertur.</strong></span> <span class='ocrx_word' id='word_1_752' title='bbox 3030 4827 3055 4852; x_wconf 76' lang='grc' dir='ltr'><strong>η</strong></span> 
     </span>
     <span class='ocr_line' id='line_1_53' title="bbox 243 4872 2866 4942; baseline -0.004 -12"><span class='ocrx_word' id='word_1_753' title='bbox 243 4884 329 4930; x_wconf 88' lang='lat' dir='ltr'><strong>tit.</strong></span> <span class='ocrx_word' id='word_1_754' title='bbox 356 4885 480 4930; x_wconf 74' lang='lat' dir='ltr'><strong>xiv.</strong></span> <span class='ocrx_word' id='word_1_755' title='bbox 504 4888 530 4942; x_wconf 75' lang='lat' dir='ltr'><strong>s</strong></span> <span class='ocrx_word' id='word_1_756' title='bbox 555 4882 603 4931; x_wconf 76' lang='lat'><strong>5.</strong></span> <span class='ocrx_word' id='word_1_757' title='bbox 623 4886 678 4934; x_wconf 82' lang='grc'><strong>6.</strong></span> <span class='ocrx_word' id='word_1_758' title='bbox 1183 4883 1197 4897; x_wconf 83' lang='lat'>⁸</span> <span class='ocrx_word' id='word_1_759' title='bbox 1685 4903 1740 4912; x_wconf 90' lang='lat'><strong>-—</strong></span> <span class='ocrx_word' id='word_1_760' title='bbox 1767 4880 1820 4924; x_wconf 94' lang='lat' dir='ltr'><strong>L.</strong></span> <span class='ocrx_word' id='word_1_761' title='bbox 1847 4889 1931 4923; x_wconf 90' lang='lat' dir='ltr'><strong>un.</strong></span> <span class='ocrx_word' id='word_1_762' title='bbox 1952 4880 1978 4933; x_wconf 74' lang='grc' dir='ltr'>ς</span> <span class='ocrx_word' id='word_1_763' title='bbox 1997 4873 2047 4921; x_wconf 92' lang='grc'><strong>7.</strong></span> <span class='ocrx_word' id='word_1_764' title='bbox 2067 4873 2116 4919; x_wconf 87' lang='lat' dir='ltr'><strong>in</strong></span> <span class='ocrx_word' id='word_1_765' title='bbox 2139 4874 2177 4920; x_wconf 75' lang='lat' dir='ltr'><strong>t&#39;.</strong></span> <span class='ocrx_word' id='word_1_766' title='bbox 2200 4874 2255 4920; x_wconf 86' lang='lat' dir='ltr'><strong>C.</strong></span> <span class='ocrx_word' id='word_1_767' title='bbox 2278 4874 2346 4921; x_wconf 80' lang='lat' dir='ltr'><strong>de</strong></span> <span class='ocrx_word' id='word_1_768' title='bbox 2363 4873 2483 4921; x_wconf 84' lang='lat' dir='ltr'><strong>cad.</strong></span> <span class='ocrx_word' id='word_1_769' title='bbox 2506 4874 2615 4920; x_wconf 80' lang='lat' dir='ltr'><strong>toll.</strong></span> <span class='ocrx_word' id='word_1_770' title='bbox 2640 4874 2742 4928; x_wconf 84' lang='lat' dir='ltr'><strong>(Vt,</strong></span> <span class='ocrx_word' id='word_1_771' title='bbox 2764 4872 2866 4932; x_wconf 84' lang='grc'><strong>51.)</strong></span> 
     </span>
    </p>
   </div>
   <div class='ocr_carea' id='block_1_9' title="bbox 309 4935 2941 5005">
    <p class='ocr_par' dir='ltr' id='par_1_11' title="bbox 309 4935 2941 5005">
     <span class='ocr_line' id='line_1_54' title="bbox 309 4935 2941 5005; baseline -0.004 -13"><span class='ocrx_word' id='word_1_772' title='bbox 309 4946 363 5005; x_wconf 75' lang='grc' dir='ltr'><strong>ο)</strong></span> <span class='ocrx_word' id='word_1_773' title='bbox 384 4947 437 4993; x_wconf 88' lang='lat'><strong>1..</strong></span> <span class='ocrx_word' id='word_1_774' title='bbox 457 4944 534 4994; x_wconf 68' lang='grc' dir='ltr'><strong>ιδ.</strong></span> <span class='ocrx_word' id='word_1_775' title='bbox 562 4948 588 5003; x_wconf 79' lang='grc' dir='ltr'><strong><em>ς</em></strong></span> <span class='ocrx_word' id='word_1_776' title='bbox 612 4947 655 4996; x_wconf 85' lang='grc' dir='ltr'><strong>ι.</strong></span> <span class='ocrx_word' id='word_1_777' title='bbox 683 4950 736 4996; x_wconf 83' lang='grc' dir='ltr'><strong>υ.</strong></span> <span class='ocrx_word' id='word_1_778' title='bbox 759 4948 813 4995; x_wconf 77' lang='lat'><strong>12.</strong></span> <span class='ocrx_word' id='word_1_779' title='bbox 850 4948 986 5004; x_wconf 75' lang='lat' dir='ltr'><strong>e.-s</strong></span> <span class='ocrx_word' id='word_1_780' title='bbox 1008 4946 1055 4996; x_wconf 84' lang='lat'><strong>5.</strong></span> <span class='ocrx_word' id='word_1_781' title='bbox 1084 4947 1118 4993; x_wconf 85' lang='grc' dir='ltr'><strong>ι.</strong></span> <span class='ocrx_word' id='word_1_782' title='bbox 1145 4946 1264 4994; x_wconf 77' lang='lat' dir='ltr'><strong>eoa.</strong></span> <span class='ocrx_word' id='word_1_783' title='bbox 1294 4969 1344 4980; x_wconf 92' lang='lat'>-</span> <span class='ocrx_word' id='word_1_784' title='bbox 1368 4944 1442 4993; x_wconf 73' lang='lat' dir='ltr'><strong>ct.</strong></span> <span class='ocrx_word' id='word_1_785' title='bbox 1462 4943 1513 4992; x_wconf 85' lang='grc' dir='ltr'><strong>ι..</strong></span> <span class='ocrx_word' id='word_1_786' title='bbox 1542 4942 1623 4991; x_wconf 74' lang='grc'><strong>13.</strong></span> <span class='ocrx_word' id='word_1_787' title='bbox 1747 4942 1794 5000; x_wconf 77' lang='lat'><strong>2&gt;</strong></span> <span class='ocrx_word' id='word_1_788' title='bbox 1829 4940 1880 4988; x_wconf 88' lang='lat'><strong>1..</strong></span> <span class='ocrx_word' id='word_1_789' title='bbox 1900 4937 1981 4989; x_wconf 82' lang='lat'><strong>57.</strong></span> <span class='ocrx_word' id='word_1_790' title='bbox 2007 4935 2102 4995; x_wconf 65' lang='lat' dir='ltr'><strong>ss.</strong></span> <span class='ocrx_word' id='word_1_791' title='bbox 2131 4938 2183 4984; x_wconf 86' lang='lat' dir='ltr'><strong>n.</strong></span> <span class='ocrx_word' id='word_1_792' title='bbox 2207 4935 2284 4984; x_wconf 74' lang='grc' dir='ltr'><strong>αα</strong></span> <span class='ocrx_word' id='word_1_793' title='bbox 2303 4938 2418 4985; x_wconf 75' lang='lat' dir='ltr'><strong>set.</strong></span> <span class='ocrx_word' id='word_1_794' title='bbox 2452 4935 2598 4983; x_wconf 67' lang='lat' dir='ltr'><strong>Tres.-</strong></span> <span class='ocrx_word' id='word_1_795' title='bbox 2623 4936 2848 4996; x_wconf 79' lang='lat' dir='ltr'><strong>(xxxvi,</strong></span> <span class='ocrx_word' id='word_1_796' title='bbox 2876 4935 2941 4993; x_wconf 86' lang='lat' dir='ltr'><strong>t.)</strong></span> 
     </span>
    </p>
   </div>
  </div>
 </body>
</html>
