3544 5506
925 360 1059 403 car.
1101 357 1168 403 ν.
1206 360 1285 402 ms
1320 360 1456 402 mn.
1498 361 1569 401 nr
1607 359 1914 431 coucnnsu
1954 361 2025 403 er
2063 359 2409 404 conucru.
2981 353 3087 411 165

286 472 465 539 parte
510 463 996 538 concurrunt⁷).
1044 465 1134 523 Ad
1179 466 1453 523 alteram
1498 466 1765 523 classem
1807 461 2246 538 hypothecarii
2286 461 2633 526 creditores
2680 469 3047 532 referuntur
3071 519 3087 544 ‚

286 563 390 636 qui
411 560 763 636 privilegiis
783 564 1101 635 gaudent,
1138 562 1220 620 ad
1266 560 1523 618 tertiam
1542 574 1697 619 vero
1725 559 2162 634 hypothecarii
2196 560 2545 633 simplicem
2585 564 2666 621 de
2705 566 2931 636 quibus
2975 583 3089 642 op-

286 663 664 735 portuniore
689 664 833 722 loco
851 662 1141 736 pluribus
1168 676 1385 720 sumus
1406 661 1772 734 exposituri.
1814 665 1884 719 In
1915 666 2154 735 quarta
2175 661 2376 720 classe
2393 669 2546 720 sunt
2567 663 3084 740 chirographarii‚

284 764 388 836 qui
411 763 753 838 privilegiis
772 762 1061 848 exigendi
1085 768 1357 821 utuntur
1372 805 1389 834 ,
1414 757 1479 819 hi
1501 761 1795 835 quidem:
1817 758 1876 835 1)
1902 761 2130 833 Fiscus,
2162 777 2292 835 qua
2319 775 2397 820 ex
2415 769 2599 836 parte
2620 767 3084 836 potentioribus

273 873 411 918 -non
443 859 788 933 adiuvatur
819 858 1157 932 privilegiis
1169 854 1253 934 ⁸);
1292 857 1427 916 soil.
1468 873 1696 917 eorum
1730 857 1985 917 ratione
2007 899 2024 928 ,
2063 872 2231 931 quae
2262 872 2392 916 non
2428 873 2675 932 poenae
2722 876 2916 922 causa
2962 864 3074 938 ipsi

282 956 599 1015 debentur
616 952 683 1031 ⁹).
731 957 791 1024 2)
829 955 1206 1029 Respublica
1246 954 1550 1013 creditrix
1570 948 1665 1028 ¹⁰).
1743 957 1948 1027 Atque
1988 953 2322 1027 utriusque
2373 956 2766 1029 privilegium
2821 964 3091 1021 caeteris

279 1057 761 1130 praeponderat
781 1049 873 1130 ¹¹).
918 1054 980 1130 3)
1013 1058 1204 1129 Uxor,
1233 1070 1355 1115 nec
1372 1070 1505 1115 non
1526 1069 1755 1129 sponsa
1775 1094 1792 1124 ,
1817 1055 1926 1128 qui
1954 1055 2017 1114 id
2044 1061 2244 1128 agunt
2261 1103 2278 1131 ‚
2307 1063 2382 1115 ut
2392 1099 2413 1131 ,
2443 1059 2618 1130 quod
2645 1058 2807 1118 dotis
2829 1062 3088 1122 nomine

280 1157 505 1214 datum
529 1162 659 1228 est,
693 1152 1007 1230 recipiant
1026 1152 1111 1230 ¹²).
1166 1155 1228 1230 4)
1269 1156 1385 1231 Qui
1407 1156 1527 1214 sub
1550 1157 1750 1214 tutela
1780 1157 1880 1214 vel
1908 1170 2066 1213 cura
2089 1162 2239 1215 sunt
2260 1162 2370 1214 aut
2409 1156 2700 1229 suerunt,
2730 1165 2925 1233 atque
2958 1162 3080 1222 hoc

277 1252 539 1325 quidem
568 1253 830 1312 nomine
864 1267 969 1311 res
994 1267 1143 1311 suas
1165 1267 1204 1310 a
1229 1258 1444 1312 tutore
1481 1259 1864 1311 curatoreve
1903 1265 2258 1325 eorumque
2292 1253 2633 1314 heredibus
2664 1262 2967 1328 repetunt
2992 1255 3080 1333 13).

277 1345 340 1420 5)
382 1346 500 1423 Qui
536 1348 620 1406 ad
657 1344 1014 1408 aedificium
1051 1348 1501 1418 reficiendum,
1548 1353 1685 1406 tum
1720 1348 1914 1406 etiam
1960 1346 2044 1427 in·
2065 1363 2293 1407 navem
2335 1350 2436 1407 vel
2461 1351 2829 1424 emendam,
2856 1354 2953 1412 vel
2983 1368 3088 1414 ex-

275 1448 674 1518 struendam,
694 1447 795 1506 vel
816 1449 1212 1518 armandam,
1236 1449 1335 1507 vel
1357 1447 1798 1507 instruendam
1812 1447 2224 1507 crediderunt
2246 1445 2333 1522 ¹⁴).
2371 1445 2456 1506 Et
2475 1448 2539 1506 hi
2559 1450 2815 1524 quidem
2839 1466 3082 1532 omnes,

276 1556 555 1615 quorum
583 1550 727 1616 post
744 1544 966 1603 fiscum
991 1558 1256 1617 remque
1283 1543 1605 1616 publicam
1629 1539 2021 1604 mentionem
2046 1541 2308 1603 fecimus
2327 1588 2346 1620 ‚
2380 1559 2501 1617 pro
2529 1552 2672 1604 rata
2696 1547 2832 1620 eJus
2855 1591 2872 1620 ,
2910 1553 3084 1623 quod

271 1639 548 1698 debetur
567 1680 585 1710 ‚
612 1636 968 1714 quantitate
995 1641 1162 1699 inter
1183 1654 1250 1698 se
1277 1643 1679 1699 concurrunt
1700 1635 1785 1714 ιε5),
1837 1639 2114 1713 ipsisque
2156 1640 2472 1713 posterior
2499 1646 2595 1700 est
2626 1640 2850 1701 ordine
2896 1645 2958 1720 6)
2997 1647 3046 1705 is
3063 1690 3078 1718 ‚

271 1739 384 1811 qui
408 1738 752 1811 pecuniam
775 1741 949 1813 apud
980 1739 1400 1799 mensularios
1427 1738 1966 1800 nummulariosve
1991 1739 2277 1811 deposuit
2291 1734 2391 1811 ¹⁸).
2433 1741 2635 1813 Atque
2653 1740 2814 1801 haec
2845 1745 3081 1817 omnia,

270 1853 440 1910 quae
472 1839 672 1899 modo
699 1835 1202 1915 nominavimus,
1249 1834 1581 1913 privilegia
1602 1882 1620 1915 ,
1661 1839 1810 1897 solis
1841 1833 2119 1912 exceptis
2163 1843 2230 1898 et
2264 1834 2432 1898 dotis
2457 1835 2784 1912 privilegio
2802 1885 2819 1912 ,
2855 1849 2922 1900 et
2971 1858 3075 1919 eo,

271 1939 449 2011 quod
472 1935 728 2012 pupillis
756 1955 1114 2015 eorumque
1134 1934 1438 2000 similibus
1461 1935 1745 2013 personis
1770 1940 1994 1997 datum
2024 1946 2121 1999 est
2142 1981 2160 2011 ,
2186 1954 2421 1997 causae
2435 1939 2779 2012 pris-iteam
2803 1949 2954 2001 sunt
2975 1940 3076 2018 ¹⁷).

269 2036 535 2092 Possunt
562 2031 757 2095 etiam
782 2031 859 2110 ii,
885 2051 1165 2110 quorum
1203 2030 1476 2109 pecunia
1502 2037 1586 2093 ad
1631 2029 2128 2108 privilegiarium
2170 2030 2496 2107 pervenit,
2529 2030 2594 2092 in
2619 2031 2855 2095 dimissi
2877 2039 3083 2097 credi—

268 2131 424 2190 toris
450 2131 669 2191 locum
694 2133 1041 2192 succedere
1062 2128 1148 2203 ¹⁸).
1205 2134 1275 2189 ln
1301 2137 1528 2205 quinta
1552 2126 1833 2204 denique
1878 2133 2081 2190 classe
2120 2126 2350 2204 reliqui
2398 2144 2624 2189 omnes
2680 2132 3083 2194 collocantur

267 2229 645 2302 creditores,
667 2244 946 2302 quorum
970 2223 1228 2301 quidem
1255 2222 1523 2301 quisque
1535 2243 1655 2301 pro
1672 2234 1820 2289 rata
1846 2221 2042 2287 debiti
2069 2233 2253 2300 parte
2274 2242 2461 2286 suum
2471 2222 2700 2302 recipit
2718 2224 3082 2302 ¹⁹).Omnino

265 2333 482 2386 autem
527 2329 761 2388 eodem
806 2328 997 2402 plane
1039 2329 1184 2387 loco
1224 2342 1461 2387 usurae
1476 2371 1494 2404 ,
1521 2343 1651 2402 quo
1676 2328 1810 2401 ipsa
1855 2343 2020 2399 sors,
2054 2321 2277 2387 haberi
2329 2327 2567 2387 debent
2604 2323 2702 2400 ²⁰).
2748 2330 3076 2391 Caeterum

267 2422 518 2499 quoties
538 2427 595 2486 is
614 2468 633 2497 ,
686 2428 796 2501 qui
822 2423 1179 2500 posteriore
1223 2428 1368 2486 loco
1402 2430 1751 2489 collocatus
1783 2435 1880 2488 est
1899 2471 1915 2502 ,
1959 2444 2106 2488 eum
2125 2469 2142 2497 ,
2192 2430 2303 2502 qui
2354 2443 2486 2486 una
2537 2426 2899 2501 pluribusve
2933 2446 3080 2503 per-

263 2527 437 2585 sonis
465 2522 851 2600 interpositis
873 2522 1160 2600 priorem
1181 2529 1395 2587 locum
1421 2527 1697 2587 obtinuit
1715 2571 1733 2601 ,
1760 2529 1933 2601 apud
1950 2528 2233 2604 judicem
2253 2527 2400 2587 vicit
2421 2568 2439 2597 ,
2475 2521 2623 2586 licet
2649 2527 2701 2586 is
2724 2527 2938 2600 potior
2970 2529 3081 2589 ba-

266 2625 521 2685 bendus
541 2622 649 2700 sit,
672 2642 754 2686 eo
776 2673 794 2702 ,
820 2641 1013 2700 quem
1038 2628 1390 2704 superarit,
1422 2644 1552 2688 non
1585 2635 1802 2688 tamen
1842 2629 1930 2686 ita
1958 2624 2023 2687 in
2056 2628 2245 2702 huius
2280 2628 2494 2687 locum
2511 2628 2878 2688 successisse
2900 2623 3074 2688 vide-

261 2722 498 2797 detur,
526 2730 597 2784 ut
619 2738 731 2785 eos
751 2723 974 2800 utique
996 2724 1290 2784 excludat
1307 2768 1323 2796 ‚
1358 2724 1556 2798 quiin
1581 2724 1792 2784 medio
1821 2724 2009 2799 positi
2034 2719 2282 2798 sunt²¹).

751 2934 778 3006 S
802 2936 934 2993 174.
977 2938 1030 3006 ts)
1069 2938 1159 2993 De
1177 2936 1295 3008 his,
1324 2950 1484 3007 quae
1505 2936 1573 2991 in
1585 2933 1881 3005 fraudem
1900 2933 2278 2991 creditorum
2290 2930 2465 3003 fiunt
2482 2932 2577 3001 (⁴¹).

343 3113 522 3186 Quae
549 3109 616 3168 in
638 3107 935 3169 fraudem
978 3107 1369 3168 creditorum
1387 3149 1405 3182 ,
1464 3101 1594 3164 sive
1645 3111 1796 3164 ante
1849 3105 2165 3164 bonorum
2208 3105 2675 3179 possessionem
2700 3150 2719 3182 ‚
2752 3103 2883 3166 sive
2924 3074 3066 3182 post

320 3297 375 3356 7)
393 3298 681 3358 schwepps
698 3302 725 3356 S
740 3296 824 3348 68.
1684 3296 1865 3354 depos.
1885 3298 1946 3345 de
1964 3300 2172 3355 argento
2187 3298 2409 3357 deposito
2430 3299 2560 3358 quod
2583 3299 2741 3347 adhuc
2761 3301 2891 3359 apud
2910 3303 3059 3364 depo-

320 3358 375 3417 8)
395 3362 449 3407 l..
473 3360 554 3409 10.
576 3374 653 3421 pr.
679 3365 735 3409 D.
759 3362 826 3409 de
840 3363 987 3420 pact.
1013 3385 1068 3393 -
1091 3362 1144 3407 l..
1165 3358 1216 3407 6.
1237 3372 1310 3418 pr.
1337 3362 1392 3407 D.
1416 3358 1624 3414 dejure
1686 3360 1909 3406 sitarium
1921 3359 2155 3419 est,lCtus
2176 3360 2310 3418 loqui
2335 3361 3048 3422 videtur.Quodcompilatores

255 3421 393 3477 fisci.
417 3422 1324 3483 (xL1x‚l⁴.)-1demqueprivuegium
1345 3426 1396 3469 et
1411 3422 1626 3469 Caesaris
1687 3423 1863 3479 Legem
1904 3423 1933 3469 8
1973 3433 2097 3480 quae
2128 3432 2242 3468 cum
2283 3422 2374 3469 bac
2413 3424 2812 3482 interpretatione
2846 3426 3050 3477 minime

259 3486 444 3534 rationi
465 3488 728 3546 competit,
747 3491 797 3533 et
818 3489 1077 3544 Aug-ustae.
1096 3486 1150 3532 l..
1170 3483 1219 3531 6.
1241 3486 1267 3540 S
1290 3484 1337 3533 1.
1353 3483 1628 3539 &dejure
1689 3484 1981 3542 concordat,
2004 3485 2282 3541 acceperint
2300 3517 2315 3545 ,
2332 3484 2424 3532 boc
2442 3491 2574 3532 certe
2596 3499 2763 3534 eorum
2802 3488 3048 3547 negligen-

259 3546 399 3601 πᾶσι
1694 3546 1791 3593 tiae
1812 3545 2181 3594 attribuendum
2204 3550 2358 3594 est.-
2384 3549 2477 3595 W.
2508 3549 2559 3594 T.
2581 3550 2766 3596 Kraul
2787 3560 3047 3600 comment.

322 3606 1630 3673 9)1..un.C.poem‘sfiscatib.creditorespraeferri.
1694 3608 1758 3654 de
1787 3614 2031 3666 argentar.
2062 3614 2113 3654 et
2142 3610 2499 3657 nummulariis.
2534 3612 2727 3666 (Goett.
2772 3608 2923 3669 1825)
2953 3628 3064 3675 cap,

261 3670 360 3731 (Χ,
378 3672 450 3736 7.)
468 3698 530 3710 —-
552 3676 741 3723 Caeler.
770 3674 871 3720 vid.
904 3675 958 3720 1..
987 3669 1067 3719 37.
1091 3672 1148 3718 D.
1174 3671 1243 3719 de
1261 3674 1392 3728 jure
1408 3673 1544 3729 fisci.
1569 3693 1632 3705 -
1695 3671 1780 3717 Xl.
1806 3695 1862 3705 —-
1908 3672 2028 3717 Diss.
2060 3673 2335 3719 Neu-reete!
2362 3674 2414 3718 in
2457 3673 2633 3727 ejusd.
2678 3681 2729 3721 et
2764 3673 3059 3726 Zimmern.

259 3732 544 3787 Zlmmem
575 3744 703 3786 rom.
741 3739 939 3784 Process
978 3736 1005 3789 ὃ
1026 3731 1107 3781 83.
1141 3740 1244 3781 not.
1277 3734 1380 3795 4α).
1412 3741 1463 3781 et
1494 3733 1626 3781 infra
1697 3738 1825 3780 rom.
1847 3733 2018 3779 recbtl.
2042 3734 2496 3792 Untersucbungen.
2519 3736 3060 3787 Diss.ll.—Cf.Emme-

258 3794 288 3848 ς
304 3795 532 3850 Madv.
558 3801 644 3848 fin.
1694 3795 1810 3843 ricla
1833 3795 1883 3841 in
1909 3795 2143 3843 zeitschr.
2165 3796 2246 3842 fur
2284 3796 2452 3847 Civilr.
2477 3810 2528 3845 ιι.
2569 3800 2711 3847 Prot.
2759 3803 2817 3849 T.
2866 3801 2923 3845 V.
2947 3801 3063 3849 diss.

324 3859 410 3920 ¹⁰)
430 3864 486 3911 1..
507 3861 592 3912 38.
616 3865 642 3918 s
665 3865 711 3910 1.
729 3864 785 3910 D.
805 3860 874 3907 de
895 3859 1007 3907 reb.
1031 3861 1177 3905 auct.
1192 3858 1315 3914 jud.
1335 3858 1534 3916 possid.
1551 3883 1612 3897 —
1692 3860 1750 3905 v.
1778 3882 1834 3890 -
1854 3857 1908 3904 Ε.
1931 3852 2014 3916 G.]

259 3922 374 3971 Vld.
396 3926 627 3973 Bit-luen
644 3928 738 3974 civ.
760 3923 885 3971 Abh.
907 3922 967 3969 11.
990 3934 1039 3979 p.
1067 3918 1176 3967 102.
1201 3922 1291 3977 Qui
1310 3924 1507 3981 quidem
1526 3926 1623 3971 ml·
1756 3918 1834 3977 17)
1851 3920 1904 3966 1..
1918 3916 1999 3966 68.
2020 3916 2176 3967 1-196.
2200 3920 2335 3968 D.de
2357 3924 2739 3981 tuydam—Cf.
2764 3933 2911 3982 supra
2933 3926 2958 3979 S
2979 3923 3058 3973 82.

259 3995 353 4031 nus
383 3994 520 4035 reete
547 3989 900 4047 interpretatur
929 3985 984 4030 1..
1007 3981 1087 4032 23.
1109 3994 1187 4041 pr.
1209 3985 1260 4030 C.
1286 3983 1353 4031 de
1368 3997 1442 4032 ss.
1463 3988 1592 4033 eccl.
1609 4020 1625 4043 ,
1691 3984 1741 4029 ln
1761 3982 1798 4027 1.
1822 3985 1870 4028 et
1891 3982 2144 4029 Auctoris
2173 3983 2366 4032 Cession
2386 3985 2411 4039 S
2434 3982 2513 4032 56.
2537 3996 2584 4043 p.
2609 3983 2863 4033 538-550
2888 3998 2997 4046 sqq.

256 4057 373 4094 cum
405 4061 467 4097 ex
488 4062 546 4097 ea
566 4052 781 4110 colligat,
802 4050 933 4097 idem
952 4048 1100 4093 etiam
1118 4047 1331 4094 ecclesiis
1348 4059 1628 4095 concessum
1756 4042 1833 4103 18)
1861 4046 1913 4091 L.
1936 4046 1984 4090 2.
2014 4045 2071 4090 D.
2099 4044 2168 4092 de
2201 4056 2333 4093 cess.
2364 4045 2486 4093 bon.
2513 4070 2569 4079 -
2592 4049 2645 4093 L.
2674 4046 2753 4095 24.
2785 4050 2810 4104 S
2832 4047 2881 4096 3.
2914 4051 2969 4097 D.
2994 4051 3062 4098 de

257 4119 365 4156 esse
385 4113 712 4171 privilegium.
1687 4107 1799 4155 reb.
1840 4111 1981 4156 auct.
2012 4106 2133 4161 jud.
2166 4118 2312 4165 poss.
2339 4132 2393 4142 —-
2418 4110 2670 4157 Auctoris
2703 4112 2897 4158 Cesslon
2929 4114 2955 4167 s
2975 4111 3055 4161 45.

327 4172 410 4231 11)
424 4175 503 4221 α.
521 4176 652 4222 inter
667 4186 719 4221 se
738 4175 791 4221 1..
815 4168 896 4219 34.
916 4171 968 4218 in
989 4170 1027 4219 f.
1043 4171 1100 4215 D.
1114 4167 1183 4215 de
1204 4171 1316 4218 reb.
1339 4176 1484 4221 auct.
1499 4172 1623 4228 jud.
1689 4172 1748 4217 in
1768 4170 1811 4215 f.

252 4235 459 4292 possid.
475 4242 527 4284 et
545 4237 598 4283 L.
617 4234 698 4285 38.
720 4238 746 4291 3
774 4237 818 4283 l.
843 4233 962 4281 eod.
985 4258 1047 4267 —
1070 4230 1345 4281 Zimmern
1365 4248 1416 4294 p.
1438 4233 1551 4283 261.
1744 4228 1824 4284 19)
1849 4231 1902 4277 l..
1927 4228 1976 4277 6.
2002 4231 2054 4277 in
2076 4230 2114 4276 f.
2141 4232 2197 4278 C.
2217 4231 2287 4278 do
2307 4232 2428 4280 bon.
2449 4232 2732 4289 aucajud.
2751 4247 2902 4293 poss.

319 4297 483 4357 12)1..
508 4296 699 4358 17.ς1.
724 4299 777 4345 1..
804 4294 882 4343 18.
903 4298 957 4342 1..
983 4292 1063 4342 19.
1088 4306 1164 4354 pr.
1185 4296 1321 4342 ude
1342 4297 1453 4343 reb.
1469 4305 1616 4348 auct.
1744 4292 1825 4348 20)
1849 4294 1900 4340 L·
1927 4290 2004 4341 18-
2021 4294 2176 4342 20-13·
2201 4293 2295 4353 qm·
2309 4300 2421 4351 pot.
2444 4294 2500 4342 in
2516 4295 2667 4357 piqn.
2694 4297 2815 4358 (xx,
2835 4295 2909 4356 4.)

243 4358 373 4416 jud.
401 4361 605 4418 possid.
631 4386 686 4395 -
707 4362 762 4408 1..
782 4358 867 4407 22.
888 4358 910 4410 S
931 4357 1008 4405 13.
1029 4358 1125 4405 eol.
1149 4360 1309 4405 matr.
1341 4359 1533 4419 (XXIV,
1553 4360 1624 4422 3.)
1749 4356 1830 4412 21)
1853 4356 2020 4415 ltaque
2048 4358 2130 4414 qul
2153 4357 2306 4403 vincit
2325 4362 2373 4407 te
2392 4359 2663 4405 vincentem
2683 4392 2699 4416 ,
2722 4363 2887 4407 tamen
2909 4365 2957 4406 te
2981 4361 3059 4420 ip-

321 4421 405 4482 1³)
425 4425 481 4473 1..
501 4421 584 4472 42.
609 4426 666 4472 D.
687 4422 987 4470 denam-et
1001 4431 1117 4476 per.
1138 4422 1238 4467 tut.
1264 4420 1456 4480 (xxvi,
1476 4420 1545 4480 7.)
1566 4449 1621 4458 -
1688 4432 1801 4466 sum
1832 4429 1931 4465 non
1963 4419 2136 4466 vincet.
2166 4443 2219 4451 —
2249 4418 2302 4466 1..
2343 4418 2422 4468 16.
2456 4421 2510 4466 D.
2547 4422 2638 4479 qui
2667 4424 2777 4478 pot.
2813 4424 2870 4469 in
2905 4421 3053 4484 piqn.

255 4487 310 4531 1..
358 4484 444 4534 19.
479 4483 504 4536 S
534 4488 581 4533 1.
618 4488 671 4533 1..
704 4484 787 4532 20.
822 4487 874 4531 l..
904 4481 987 4530 23.
1022 4483 1078 4531 1..
1110 4480 1191 4531 24.
1228 4495 1306 4542 pr.
1340 4485 1396 4530 D.
1425 4483 1493 4531 de
1518 4485 1627 4533 reb.
1694 4484 1813 4542 (xx,
1836 4482 1903 4539 4.)

252 4551 406 4597 auct.
420 4548 542 4606 jud.
556 4548 758 4606 possid.
2299 4550 2325 4603 s
2346 4543 2456 4594 174.

316 4608 409 4670 14)
455 4613 509 4659 1..
553 4609 638 4659 25.
671 4613 727 4657 D.
771 4608 837 4655 de
856 4610 919 4658 R.
968 4607 1160 4665 C.(xl1,
1182 4609 1248 4667 1.)
1273 4631 1334 4644 -
1357 4609 1409 4655 1..
1431 4607 1512 4657 24.
1536 4609 1625 4665 §10

253 4676 307 4722 1..
325 4672 416 4723 2⁶.
437 4674 492 4721 1..
515 4671 596 4722 34.
615 4674 674 4720 D.
695 4671 766 4719 de
787 4670 897 4719 reb.
914 4671 1201 4724 auenjud.
1219 4685 1362 4729 poss.
1754 4671 1810 4731 (·)
1845 4670 1949 4728 Dis.
1970 4666 2198 4730 (ulna.)
2219 4673 2367 4732 Quae
2384 4671 2440 4718 in
2455 4669 2707 4725 fraudem
2729 4670 3057 4719 creditorum

313 4735 398 4795 15)
419 4738 472 4784 1..
491 4735 573 4784 32.
596 4738 657 4783 D.
680 4734 750 4782 de
768 4733 879 4783 reb.
902 4739 1049 4782 auct.
1064 4734 1188 4787 jud.
1214 4746 1356 4792 poss.
1377 4759 1436 4767 -
1455 4736 1508 4781 Ι..
1532 4731 1613 4781 34.
1675 4735 2054 4790 [exclanmat
2070 4732 2629 4782 vennuculum-cod.
2653 4731 2958 4793 (numme
2976 4746 3058 4781 re-

250 4802 302 4847 in
323 4801 365 4846 f.
387 4798 512 4848 eod.
1679 4794 1936 4846 vocandis
1950 4796 2050 4855 lais,
2077 4806 2219 4854 quae
2239 4796 2293 4844 in
2309 4795 2559 4851 fraudem
2570 4793 2893 4843 creditorum
2916 4797 3043 4843 alie·

309 4861 451 4920 ¹⁶)L-
470 4861 550 4911 24.
569 4863 597 4917 S
614 4862 663 4909 2.
691 4860 746 4905 D.
762 4857 830 4906 de
849 4861 959 4908 reb.
979 4861 1252 4918 auc-tami.
1268 4858 1616 4921 poss.-[1..7.
1682 4863 1815 4907 nata
1834 4864 1982 4908 sunt.
2003 4884 2063 4894 —
2081 4859 2327 4907 Dabelow
2348 4860 2381 4906 1.
2402 4860 2433 4905 l.
2457 4871 2503 4906 c.
2527 4859 2647 4905 xlll.
2675 4870 2722 4917 p.
2743 4857 2838 4905 376
2856 4884 2909 4892 -
2923 4853 3036 4906 477.

253 4926 277 4977 5
296 4926 343 4973 2.
363 4928 415 4974 3.
435 4931 485 4974 et
507 4926 562 4975 1..
586 4921 636 4971 8.
657 4926 715 4972 D.
748 4919 928 4979 depos.
950 4924 1107 4985 (xv1,
1123 4925 1202 4985 3.)
1220 4950 1280 4960 -
1302 4927 1424 4981 Lege
1457 4918 1509 4969 7.
1540 4922 1566 4976 S
1585 4924 1619 4973 2
1684 4923 1781 4993 (οὗ
1800 4920 2071 4971 Ηαιιὺοὶαἱ
2085 4921 2237 4970 doctr.
2260 4922 2413 4971 Pand.
2434 4921 2522 4969 lin.
2548 4924 2570 4976 ς
2596 4920 2772 4977 1012.)
