3544 5506
528 337 639 395 2528
1031 344 1183 388 mas
1220 342 1378 385 srnc.
1419 345 1538 385 un.
1579 344 1671 387 iv.
1713 344 1791 384 nr.
1827 342 1980 384 suu
2016 338 2345 382 noumxco
2381 337 2454 380 nr
2492 333 2812 376 rumam.

507 470 830 522 castrense
859 458 1178 532 peculium
1220 456 1317 513 vel
1344 455 1520 528 quasi
1546 462 1907 522 castrense,
1938 459 2164 527 captus
2208 447 2286 509 sit
2318 446 2751 508 filiusfamilias
2773 488 2790 518 ‚
2824 445 3048 517 utique
3070 444 3196 501 erit
3228 460 3320 501 re-

508 562 862 621 stituendus
881 553 957 632 ²),
982 571 1104 614 nec
1129 549 1260 627 ipse
1279 556 1488 612 solum
1508 599 1524 624 ‚
1552 571 1776 612 verum
1803 555 2070 612 heredes
2094 565 2355 625 quoque
2374 545 2437 612 ⁸).
2471 548 2536 621 5)
2560 551 2889 606 Caeterum
2918 544 3239 602 restitutio
3260 543 3326 600 sst

506 673 656 717 cum
696 668 922 712 eorum
969 651 1265 718 nomine,
1298 664 1465 722 quae
1507 649 1640 721 ipse
1679 649 1844 706 (ilius
1873 650 1968 705 vel
2015 646 2293 718 neglexit
2320 644 2419 701 vel
2460 650 2706 700 temere
2738 641 2800 697 in
2843 654 2911 698 se
2937 640 3219 711 suscepit
3251 636 3324 709 ⁴).

510 765 649 814 tum
678 768 834 811 vero
854 797 868 821 ‚
905 752 953 809 si
985 767 1151 823 quae
1181 751 1379 823 patris
1406 750 1794 807 auctoritate
1824 747 1992 805 iacta
2021 748 2335 805 omissave
2365 749 2515 801 sunt
2545 737 2615 814 5).
2652 742 2709 804 4)
2743 742 3058 797 Adversus
3094 754 3326 811 paren-

512 862 645 913 tem
689 858 905 910 autem
930 866 1060 907 non
1101 849 1460 907 admittitur
1502 850 1520 922 (
1538 849 1563 920 ς
1593 847 1735 907 160.
1765 855 1907 906 not.
1957 848 2116 919 15.›,
2147 850 2602 919 praeterquam
2627 847 2853 898 contra
2874 845 3124 911 patrem
3151 838 3326 895 adro-

514 959 806 1023 gatorem
829 993 845 1025 ,
877 944 1192 1020 siquidem
1225 948 1435 1006 minor
1454 942 1672 1019 viginti
1713 942 1999 1021 quinque
2036 945 2218 1003 annis
2262 944 2396 1017 ipsa
2421 942 2836 1012 adrogatione
2860 940 3327 997 circumventus

513 1058 609 1112 est
635 1047 708 1125 6).

1126 1233 1151 1306 §
1175 1226 1316 1285 575.
1354 1225 1410 1302 β)
1444 1221 1931 1283 Senatusconsulti
1956 1215 2607 1281 Macedonianfauoeilio
2634 1215 2735 1293 (⁴¹).

540 1441 549 1447 -
602 1399 881 1457 Alterum
908 1401 1004 1455 est
1033 1394 1331 1453 fraudum
1348 1392 1823 1451 malitiarumve
1845 1388 2275 1450 everriculum
2298 1388 2867 1449 senatusconsulto
2882 1389 3331 1449 Hacedoniano

519 1500 936 1556 constitutum
982 1492 1051 1570 ¹).
1095 1490 1291 1567 Cujus
1329 1493 1491 1551 haec
1526 1499 1624 1550 est
1668 1491 1760 1549 vis
1777 1532 1793 1557 ,
1843 1496 1949 1560 ut,
1995 1506 2072 1549 ex
2119 1486 2399 1563 pecunia
2447 1493 2678 1547 mutuo
2714 1489 2868 1546 data
2907 1487 3329 1562 filiofamilias,

525 1595 908 1666 plerumque
938 1607 1060 1649 nec
1087 1591 1221 1663 ipse
1237 1632 1253 1662 ‚
1280 1591 1388 1662 qui
1415 1589 1664 1660 accepit
1684 1602 1985 1645 nummos
2003 1634 2019 1658 ‚
2049 1585 2382 1645 conveniri
2409 1584 2607 1657 possit
2625 1626 2643 1658 ‚
2669 1599 2794 1643 nec
2820 1585 3130 1643 adversus
3154 1598 3328 1654 eum,

521 1690 706 1762 cuius
727 1690 792 1746 in
823 1694 1140 1762 potestate
1170 1687 1276 1743 ille
1302 1693 1398 1744 est
1419 1728 1435 1751 ,
1468 1686 1550 1743 de
1579 1683 1832 1757 peculio
1861 1683 2030 1741 actio
2067 1684 2282 1741 locum
2314 1681 2549 1738 habeat
2575 1676 2643 1753 ²).
2668 1680 2787 1757 Qui
2816 1676 2941 1738 alio
2961 1680 3164 1740 modo
3184 1695 3334 1739 con-

523 1785 718 1841 traxit
737 1799 883 1842 cum
908 1781 1306 1841 filiofamilias
1332 1824 1347 1845 ‚
1370 1782 1521 1838 licet
1546 1785 1765 1851 postea
1798 1778 2210 1847 convenerit,
2242 1784 2316 1833 ut
2341 1784 2670 1847 tamquam
2698 1793 2776 1834 ex
2794 1783 3025 1834 mutuo
3046 1782 3333 1835 teneatur

523 1881 811 1954 debitor,
857 1883 1075 1938 SCtum
1120 1894 1249 1937 non
1293 1878 1559 1936 offendit
1593 1873 1664 1949 ³),
1711 1876 1829 1933 nisi
1861 1877 1911 1933 si
1947 1875 2120 1933 fraus
2148 1874 2299 1932 SCto
2330 1874 2499 1931 l'acta
2536 1874 2616 1931 sit
2652 1868 2722 1945 ⁴).
2770 1870 3109 1946 Repetenti
3157 1873 3332 1943 igitur

526 1977 867 2047 pecuniam
895 1974 1237 2042 creditori,
1270 1974 1398 2030 sive
1428 1972 1706 2029 durante
1746 1971 1955 2044 patria
1995 1977 2312 2044 potestate
2351 1971 2483 2027 sive
2510 1968 2736 2026 eadem
2776 1971 3025 2043 soluta,
3063 1971 3327 2039 itemque

527 2069 657 2128 sive
701 2064 1020 2139 consumti
1057 2074 1206 2126 sunt
1246 2082 1491 2125 nummi
1520 2067 1650 2124 sive
1681 2066 1876 2124 etiam
1909 2070 2194 2131 exstant.
2227 2066 2564 2138 objicietur
2604 2065 2897 2136 exceptio
2935 2062 3003 2130 ⁵).
3044 2068 3326 2136 anueet

525 2162 868 2223 heredibus
889 2167 1081 2222 datur
1104 2160 1148 2235 ⁶)
1172 2169 1237 2220 et
1266 2157 1740 2238 fidejussoribus
1756 2201 1772 2229 ,
1801 2162 1911 2233 qui
1931 2162 2190 2233 quidem
2220 2175 2341 2218 nec
2361 2155 2643 2217 donandi
2666 2161 2879 2217 animo
2901 2175 3021 2218 nec
3047 2175 3124 2217 ex
3151 2158 3325 2231 patris

528 2261 860 2318 voluntate
887 2258 1365 2316 intercesserint
1389 2259 1436 2328 ⁷)
1459 2277 1477 2330 ;
1508 2257 1782 2333 denique
1805 2262 1872 2313 et
1892 2263 2037 2328 post
2061 2254 2441 2314 sententiam
2461 2256 2752 2326 exceptio
2777 2256 2945 2313 utilis
2963 2257 3089 2313 erit
3106 2251 3172 2327 ⁹).
3189 2257 3323 2329 Quo-

530 2355 705 2411 niam
727 2360 942 2411 autem
965 2368 1041 2410 ea
1060 2358 1157 2409 est
1176 2348 1462 2423 inprimis
1486 2352 1675 2424 hujus
1702 2350 1833 2408 SCti
1855 2351 2019 2409 ratio
2041 2394 2058 2421 ‚
2088 2358 2163 2407 ut
2184 2358 2567 2409 occurratur
2591 2351 3077 2409 foeneratorum
3105 2346 3322 2407 artibus

534 2469 612 2512 ac
639 2454 971 2511 fraudibus
989 2495 1005 2521 ‚
1033 2467 1165 2510 non
1189 2456 1263 2508 ut
1293 2447 1670 2510 beneficium
1693 2447 2098 2523 impertiatur
2124 2452 2550 2527 debitoribus,
2575 2447 2815 2511 idcirco
2844 2460 3141 2512 remanet
3161 2457 3323 2508 natu-

532 2549 683 2605 ralis
713 2547 1014 2617 obligatio
1035 2589 1051 2616 ‚
1086 2561 1206 2604 nec
1229 2548 1506 2604 solutum
1537 2547 1737 2619 repeti
1767 2553 1975 2618 potest
2001 2544 2075 2619 ⁹),
2103 2547 2327 2619 utique
2349 2547 2399 2605 si
2427 2562 2562 2606 non
2583 2563 2699 2620 per
2720 2547 2871 2605 sacti
2894 2545 3318 2618 ignorantiam,

532 2647 770 2704 scilicet
794 2660 869 2703 ex
912 2645 1067 2704 falsa
1097 2645 1495 2716 obligationis
1525 2662 1750 2716 causa,
1783 2652 1896 2704 aut
1924 2647 2176 2706 reddita
2205 2646 2285 2705 sit
2325 2647 2597 2718 pecunia
2625 2654 2739 2704 aut
2765 2647 3029 2705 novatio
3059 2646 3218 2704 tacta
3240 2639 3317 2718 ¹⁰).

535 2748 735 2804 Porro
755 2745 807 2802 si
838 2740 999 2802 filius
1022 2751 1136 2802 aut
1155 2760 1231 2803 ex
1249 2745 1449 2817 patris
1470 2746 1738 2818 pecunia
1764 2746 2052 2815 solverit,
2082 2752 2194 2804 aut
2216 2762 2294 2804 ex
2316 2746 2566 2818 peculio
2585 2790 2601 2817 ‚
2630 2746 2807 2819 quod
2829 2760 2964 2804 non
2992 2747 3184 2819 pleno
3198 2744 3325 2818 iure

537 2845 710 2916 apud
742 2858 890 2901 eum
937 2850 1064 2910 est,
1097 2850 1162 2901 et
1203 2845 1588 2902 exstantium
1628 2861 2048 2904 nummorum
2094 2841 2440 2905 vindicatio
2481 2853 2547 2904 et
2587 2843 2745 2903 mala
2779 2842 2893 2923 fide
2922 2852 3327 2903 mmmmm

539 2937 858 2996 condictio
888 2938 1056 3009 patri
1089 2943 1413 3011 competet
1443 2934 1534 3013 ¹¹).
1572 2942 1647 2997 At
1682 2956 1764 2999 ne
1792 2947 1931 2999 tum
1960 2941 2218 3014 quidem
2242 2941 2376 3014 ipse
2407 2936 2603 3013 iilius,
2632 2936 2781 2999 licet
2812 2940 2982 3014 patri
3017 2955 3138 3000 suo
3163 2940 3329 2997 hereo

560 3180 565 3187 .
604 3139 653 3194 9)
669 3139 720 3185 L.
782 3173 794 3185 .
815 3142 842 3196 s
865 3140 942 3186 10.
966 3142 1019 3186 D.
1035 3140 1105 3186 de
1127 3139 1316 3188 minor.
1971 3144 2023 3200 d)
2046 3145 2097 3190 L.
2121 3140 2173 3190 7.
2198 3147 2223 3200 s
2246 3141 2325 3190 11.
2351 3145 2406 3190 D.
2429 3142 2482 3190 Ιι.
2507 3140 3173 3197 t.—ct.et1..13.eoa.—e)
3193 3139 3244 3185 L.
3263 3135 3330 3186 14.

602 3199 651 3257 5)
684 3203 737 3247 L.
760 3203 811 3248 5.
831 3206 851 3258 ς
875 3200 925 3248 9.
954 3204 1010 3249 Ι).
1030 3202 1099 3249 de
1118 3203 1309 3250 mmor.
1975 3208 2030 3251 D.
2057 3206 2109 3251 Ιι.
2133 3209 2169 3251 t.
2279 3208 2286 3219 '

601 3259 650 3318 4)
685 3265 730 3320 a)
753 3264 805 3308 1..
831 3263 879 3310 3.
902 3264 927 3318 ς
949 3260 999 3308 8.
1022 3265 1076 3309 Ι).
1101 3263 1169 3311 de
1192 3264 1494 3322 minor.—b)
1516 3266 1570 3312 L.
1593 3263 1643 3312 ὅ.
1668 3269 1693 3322 s
1715 3263 1764 3312 4.
1789 3265 1908 3313 eod.
2039 3265 2085 3324 3)
2120 3267 2171 3312 1..
2202 3267 2252 3313 3.
2278 3268 2303 3321 ς
2326 3268 2375 3312 3.
2401 3267 2453 3312 L.
2484 3264 2534 3314 7.
2561 3273 2581 3324 ς
2607 3265 2655 3312 3.
2698 3268 2752 3312 Ι).
2777 3265 2829 3311 h.
2853 3268 2890 3311 Ι.
2915 3290 2977 3301 -
3006 3266 3060 3311 Ι..
3079 3267 3129 3311 3.
3152 3265 3206 3310 C.
3228 3258 3329 3309 eod.

543 3324 660 3369 -L.
685 3326 733 3370 1.
753 3323 803 3371 2.
827 3327 880 3371 C.
906 3325 960 3370 Ιι.
986 3325 1165 3371 t.—-Cf.
1186 3329 1212 3382 s
1233 3324 1346 3374 571.
1371 3333 1473 3373 not.
1498 3329 1547 3372 1.
1979 3343 2005 3371 ιι
2032 3330 2179 3385 Origo
2199 3329 2330 3374 enim
2358 3329 2519 3385 potius
2536 3328 2872 3386 obligationis,
2896 3339 3048 3385 quam
3070 3330 3236 3374 titulus
3262 3335 3331 3370 ae·

544 3402 547 3405 >
608 3382 656 3441 5)
692 3387 743 3432 L.
767 3384 817 3432 δ.
843 3387 868 3439 S
889 3383 938 3432 5.
962 3392 1009 3431 et
1028 3384 1079 3433 7.
1098 3389 1152 3433 D.
1169 3387 1239 3434 de
1259 3389 1448 3436 minor.
1472 3413 1533 3422 -
1556 3390 1607 3435 1..
1632 3386 1711 3435 40.
1736 3390 1793 3434 D.
1814 3389 1911 3435 sol.
1978 3392 2121 3436 tionis
2154 3391 2446 3449 spectandus
2464 3397 2554 3437 est.
2579 3409 2601 3431 ι

545 3448 774 3496 matrim.
802 3448 987 3506 mxlv,
1047 3449 1198 3505 .)-L.
1224 3449 1272 3497 8.
1297 3453 1323 3506 s
1344 3450 1393 3500 6.
1418 3452 1471 3497 C.
1492 3450 1561 3496 de
1580 3450 1735 3511 bom,
1771 3461 1917 3509 quae
2040 3449 2089 3509 4)
2122 3452 2174 3497 L.
2198 3451 2246 3498 ὅ.
2283 3454 2310 3508 ς
2352 3453 2400 3497 3.
2438 3452 2485 3497 in
2509 3452 2543 3498 f.
2578 3453 2628 3498 1..
2660 3448 2709 3498 7.
2736 3464 2810 3508 pr.
2834 3452 2860 3506 s
2888 3447 2933 3495 1.
2959 3456 3010 3496 et
3034 3452 3061 3504 3
3083 3448 3134 3496 3.
3161 3449 3209 3495 in
3231 3448 3265 3494 1.
3285 3446 3331 3491 D.

544 3510 696 3559 tiber.
720 3509 825 3566 (Vl,
847 3506 950 3568 61.)
1980 3513 2033 3560 Ιι.
2058 3518 2094 3559 t.
2119 3537 2180 3546 —-
2198 3517 2250 3562 C.
2272 3514 2490 3572 Zleqler
2512 3515 2565 3562 D.
2588 3514 2648 3560 de
2677 3513 2932 3560 mobatrae
2953 3517 3229 3559 contractu.
3248 3509 3331 3555 vit.

609 3570 658 3628 6)
691 3571 744 3615 L.
768 3568 816 3616 5.
843 3571 867 3624 S
892 3569 941 3616 6.
966 3571 1023 3616 D.
1043 3570 1112 3617 de
1130 3571 1386 3619 minor.—-
1405 3572 1480 3620 Cf.
1506 3574 1560 3621 L.
1585 3571 1631 3621 1.
1655 3575 1681 3628 s
1700 3574 1749 3619 2.
1770 3575 1826 3620 D.
1851 3573 1919 3620 de
1983 3574 2126 3623 1663.

548 3635 676 3682 Scto
698 3631 900 3678 Maced.
926 3632 1068 3691 (xlv,
1087 3629 1156 3694 6.)
1544 3650 1553 3655 ·
2039 3636 2089 3692 5)
2123 3638 2174 3682 L.
2203 3637 2248 3681 1.
2281 3648 2356 3692 pr.
2381 3636 2430 3683 in
2455 3637 2491 3684 f.
2514 3640 2569 3684 D.
2594 3637 2646 3686 Ιι.
2674 3640 2710 3683 t.
2737 3663 2796 3673 —
2822 3637 2876 3682 Ι..
2900 3633 2947 3682 6.
2975 3648 3053 3694 pr.
3079 3636 3134 3681 C.
3154 3633 3334 3682 eod.—

1143 3802 1168 3855 S
1205 3798 1319 3849 575.
1981 3697 2544 3817 L’off'ff.⁹i.¹}'1‘i>‘f⁶ii.h.
2572 3761 2753 3806 t.-cr.
2779 3762 2831 3806 ι..
2854 3758 2904 3806 7.
2928 3760 2955 3813 s
2977 3758 3026 3805 6.
3051 3758 3172 3806 eod.

2039 3821 2089 3879 7)
2124 3822 2173 3866 L.
2199 3819 2247 3866 7.
2273 3824 2298 3877 ς
2321 3822 2366 3867 1.
2390 3824 2442 3867 D.
2468 3822 2535 3869 de
2553 3827 2760 3876 except.
2780 3822 2797 3877 (
2819 3823 2990 3879 XMV,
3015 3821 3062 3866 1.
3089 3822 3105 3876 )
3132 3843 3186 3852 —
3208 3820 3256 3864 L.
3275 3814 3325 3863 9.

742 3938 752 3948 ,
1983 3884 2009 3938 S
2025 3882 2073 3930 ὅ.
2089 3882 2135 3930 4.
2154 3882 2272 3927 Ι).Ιι.
2296 3884 2461 3929 t.—D.
2487 3883 2806 3931 Nettelblad!
2822 3888 2969 3940 (resp.
3008 3882 3189 3936 Balbe)
3207 3882 3256 3926 D.
3279 3880 3338 3923 si·

604 3940 667 3997 (¹⁸)
702 3939 805 3996 Dig.
830 3937 846 3983 s
866 3938 997 3993 xw,
1014 3935 1064 3984 6.
1089 3940 1123 3993 ).
1149 3941 1268 3986 cod.
1294 3942 1310 3997 (
1333 3941 1413 4000 lv,
1429 3940 1491 3987 28
1513 3943 1546 3999 .)
1569 3942 1637 3989 de
1654 3944 1916 3989 Senatus·
1984 3952 2117 3991 stens
2141 3943 2296 3990 thesin
2319 3948 2654 4003 exceptionem
2692 3946 2797 3991 SCti
2835 3945 3172 3991 Macedoniani
3204 3943 3340 3986 etiam

543 4001 786 4049 consulto
808 3998 1275 4048 Macedoniano.—
1299 4004 1320 4054 S
1341 4002 1388 4048 7.
1415 4005 1452 4049 l.
1477 4004 1528 4049 h.
1553 4008 1591 4050 t.
1619 4004 1696 4058 (lv
1716 4038 1730 4060 ,
1751 4002 1909 4060 7.).—
1977 4007 2249 4063 fldejiissori
2283 4019 2370 4065 pro
2413 4008 2727 4053 filiofamilias
2748 4012 3044 4062 competere.
3083 4006 3186 4050 Hal.
3208 3999 3338 4048 1785.

543 4066 603 4109 F.
628 4067 692 4110 A.
719 4061 959 4108 Hommel
979 4063 1032 4108 D.
1054 4064 1113 4108 de
1141 4068 1310 4110 mutuo
1333 4064 1633 4112 filiifamilias
1657 4065 1759 4120 jam
1799 4071 1915 4111 ante
1977 4065 2367 4116 8.—-Disscnt.J.
2387 4070 2443 4115 L.
2467 4069 2753 4115 Drechsler
2774 4069 2829 4114 D.
2849 4068 2910 4111 de
2927 4069 3214 4124 exceptione
3234 4065 3334 4109 scii

544 4126 720 4171 sctum
739 4123 1142 4171 Macedonianum
1166 4126 1396 4172 invalido.
1418 4127 1545 4184 Lips.
1572 4124 1779 4173 1726.—
1799 4127 1912 4173 Nic.
1977 4130 2308 4176 Macedoniani
2332 4130 2653 4185 fidejussorib.
2679 4128 3012 4176 filiorumfam.
3039 4125 3334 4184 deneganda.

546 4186 801 4233 DIerksen
816 4188 867 4232 D.
884 4188 944 4229 de
960 4184 1082 4232 SCto
1098 4187 1463 4233 Macedoniam).
1480 4189 1633 4245 Lugd.
1648 4190 1748 4234 Bat.
1771 4185 1913 4235 175-1.
1981 4193 2076 4238 Alt.
2105 4187 2248 4237 1758.

544 4271 606 4281 —-
630 4251 686 4294 G.
712 4248 768 4293 L.
794 4245 1055 4294 Mencken
1080 4247 1132 4293 D.
1158 4249 1218 4292 de
1243 4260 1331 4293 usu
1359 4250 1540 4296 forensi
1562 4252 1669 4296 SCti
1687 4250 1915 4296 Macedo-
2042 4252 2090 4311 8)
2125 4254 2175 4298 L.
2204 4251 2280 4298 11.
2303 4252 2358 4297 D.
2374 4252 2425 4298 Ιι.
2453 4256 2490 4297 t.

550 4311 687 4355 niani
710 4310 758 4353 in
780 4308 1057 4355 Germania.
1085 4310 1179 4354 Vit-
1208 4306 1350 4355 1715.
2042 4314 2090 4370 9)
2127 4316 2178 4360 Ι..
2203 4311 2281 4359 14.
2306 4313 2404 4359 inf.
2427 4316 2479 4359 Ι).
2502 4313 2569 4359 de
2585 4314 2893 4371 R.c1·.(xl1,
2917 4312 3103 4370 1.)-ι..
3121 4309 3170 4357 0.
3191 4315 3217 4367 s
3235 4307 3342 4357 mi.

609 4372 653 4427 1)
690 4371 741 4414 Ι..
769 4369 814 4417 1.
836 4383 912 4428 pr.
955 4370 1009 4415 D.
1033 4369 1086 4416 Ιι.
1125 4374 1164 4415 t.
1189 4394 1244 4403 —
1276 4370 1538 4428 Theophili
1575 4372 1809 4429 Paraphr.
1854 4373 1915 4418 ad
1982 4377 2034 4422 L.
2063 4374 2140 4422 10.
2167 4376 2220 4420 D.
2245 4373 2296 4419 Ιι.
2320 4378 2357 4420 1.
2377 4399 2435 4407 —-
2471 4376 2524 4421 Ι..
2548 4373 2626 4422 19.
2649 4388 2725 4434 pr.
2746 4377 2799 4421 L.
2820 4374 2900 4422 40.
2927 4389 3002 4433 pr.
3029 4377 3086 4421 D.
3107 4373 3174 4419 de
3194 4371 3342 4420 cond.

546 4431 639 4487 87.
663 4434 702 4478 l.
723 4431 775 4478 Ιι.
802 4437 838 4477 t.
868 4430 968 4488 (lv,
989 4428 1019 4474 7
1037 4430 1149 4487 .).-
1168 4433 1625 4493 Smallenburqius
1650 4435 1712 4480 ad
1734 4434 1917 4482 Schul-
1983 4437 2081 4484 int.
2105 4437 2224 4492 (ΧΙΙ,
2252 4433 2459 4493 6.)-ct.
2484 4440 2510 4493 s
2533 4435 2643 4483 530.
2669 4450 2746 4484 nr.
2770 4435 2819 4483 5.

546 4493 696 4552 n‘nqii
713 4500 815 4539 not.
838 4495 940 4550 Dis.
968 4491 1029 4537 T.
1052 4495 1132 4538 lll.
1156 4506 1203 4549 p.
1233 4493 1325 4540 227
1349 4506 1422 4552 sq.
1442 4502 1546 4541 not.
1563 4494 1611 4541 ὅ.
2047 4498 2123 4556 10)
2158 4499 2211 4543 Ι..
2258 4499 2347 4543 ult.
2384 4499 2438 4543 Ι).
2484 4498 2535 4546 h.
2568 4503 2605 4545 t.
2650 4500 2801 4555 Cujus
2839 4498 2933 4545 loci
2980 4496 3161 4544 tentavi
3210 4496 3347 4539 inter·

609 4556 657 4610 2)
691 4557 742 4601 L.
764 4556 810 4601 1.
836 4567 912 4613 pr.
937 4554 993 4598 D.
1020 4553 1074 4598 li.
1108 4558 1147 4600 t.
1188 4555 1204 4607 (
1232 4554 1486 4604 Diei-kens
1511 4558 1543 4602 l.
1569 4559 1602 4602 l.
1627 4558 1653 4610 S
1674 4556 1791 4604 25.
1817 4559 1833 4615 )
1857 4583 1918 4590 —
1982 4561 2306 4619 pretationem
2329 4592 2345 4617 ‚
2402 4559 2451 4606 in
2505 4561 2647 4607 Arch.
2690 4563 2730 4607 l'.
2774 4562 2870 4608 eir.
2916 4562 2994 4606 Pr.
3041 4562 3099 4606 ΙΙ.
3142 4569 3196 4614 ιι.
3239 4554 3345 4601 ⁴2⁹·

546 4616 593 4672 a)
614 4617 667 4661 L.
691 4614 740 4662 4.
762 4618 817 4662 D.
838 4616 891 4663 Ιι.
911 4616 951 4661 t.
984 4631 1006 4652 α
1028 4616 1166 4670 Quod
1197 4620 1344 4675 vulgo
1366 4619 1573 4674 dicitur,
1601 4619 1917 4665 filiofamilias
1983 4628 2088 4669 not.
2116 4620 2196 4668 43.

545 4679 679 4723 credi
704 4689 801 4723 non
826 4680 993 4732 licere,
1019 4689 1115 4722 non
1135 4678 1196 4723 ad
1221 4680 1369 4725 verba
1386 4678 1692 4726 miei-endum
1717 4687 1814 4736 est,
1835 4681 1918 4726 sed
2049 4685 2126 4741 11)
2162 4684 2214 4729 Ι..
2235 4679 2284 4727 9.
2308 4684 2333 4738 ς
2353 4682 2402 4729 1.
2432 4684 2488 4729 D.
2512 4683 2567 4729 Ιι.
2592 4687 2629 4730 t.
2658 4707 2711 4717 —
2737 4684 2789 4730 Ι..
2832 4681 2912 4729 14.
2959 4684 3015 4729 D.
3055 4682 3124 4728 de
3162 4683 3228 4727 R.
3267 4681 3347 4725 Cr.

546 4738 624 4784 ad
656 4740 1101 4787 numerationem.
1125 4753 1150 4780 ιι
1177 4763 1236 4773 -
1263 4741 1403 4787 Unde
1418 4746 1595 4798 sponte
1612 4750 1887 4800 sequuntur
1905 4776 1920 4799 ‚
1985 4747 2108 4804 (Xll,
2132 4746 2199 4801 1.)
2224 4768 2281 4777 —
2306 4745 2414 4791 vid.
2437 4745 2656 4793 Pothier
2693 4746 2754 4791 ad
2775 4744 2827 4790 b.
2864 4745 3019 4791 Pand.
3040 4745 3138 4789 Tit.
3163 4745 3246 4789 Νι.
3273 4738 3346 4786 15.

548 4812 674 4858 quae
695 4801 878 4848 babent
902 4802 952 4848 L.
974 4801 1023 4847 3.
1052 4802 1102 4847 in
1125 4800 1167 4849 Ι.
1187 4800 1238 4850 Ι..“
1253 4800 1304 4850 6.
1326 4807 1375 4847 et
1399 4804 1449 4849 L.
1471 4803 1519 4849 1.
1544 4805 1568 4857 S
1590 4803 1638 4850 2.
1662 4805 1716 4850 D.
1737 4804 1791 4850 Ιι.
1809 4806 1848 4849 t.
1865 4828 1920 4838 —
1987 4812 2094 4854 not.
2115 4806 2165 4852 b.
2197 4804 2272 4861 (Τ.
2300 4806 2335 4851 l.
2361 4819 2408 4867 p.
2434 4804 2583 4868 416.).
2612 4832 2667 4842 -
2691 4804 2853 4856 Gliiclt
2875 4807 3027 4854 Pand.
3044 4806 3165 4851 xlv.
3191 4808 3218 4861 s
3238 4802 3350 4850 900.

547 4861 598 4920 b)
638 4864 690 4909 L.
729 4860 781 4910 7.
825 4866 851 4920 s
889 4861 937 4910 9.
983 4863 1037 4908 Ι).
1075 4862 1130 4909 Ιι.
1173 4868 1212 4911 t.
1240 4889 1295 4898 —
1319 4862 1365 4915 c)
1388 4864 1442 4913 L.
1467 4864 1514 4912 1.
1535 4862 1628 4922 83.
1647 4866 1702 4913 D.
1722 4865 1776 4913 Ιι.
1802 4868 1840 4913 t.
1863 4889 1922 4900 —
1987 4879 2038 4928 p.
2058 4865 2332 4916 317-320.
