3544 5506
1488 363 1864 411 anonumum.
2992 366 3068 423 59

252 473 765 535 Criminalrecht.
840 479 905 533 T.
976 479 1024 535 1.
1104 477 1143 534 5
1217 473 1368 533 fasc.
1437 483 1793 538 continens.
1863 481 2255 556 Heidelberg.
2322 482 2585 545 1852-
2614 487 2796 547 1855.
2865 490 2927 548 8.
2976 489 3070 564 (In

249 588 602 632 numerum
657 575 1004 644 librorum,
1052 565 1293 648 quibus'
1308 575 1484 634 varia
1515 578 1909 638 diversorum
1944 589 2283 641 auctorum
2351 571 2587 656 scripta
2612 588 3021 647 continentur
3045 631 3063 657 ,

250 669 604 728 reserenda
628 670 819 728 etiam
856 673 1154 730 videntur
1190 672 1548 744 repertoria
1578 692 1627 731 s.
1668 678 2064 749 promtuaria
2122 675 2278 750 juris
2324 679 2388 736 in
2432 694 2616 737 usum
2673 684 3067 754 potissimum

250 766 808 836 pragmaticorum
827 767 1191 839 compilata,
1219 767 1415 824 velut:
1456 769 1513 827 1.
1544 771 2006 829 Promtuarium
2030 772 2191 844 jnris
2216 772 2701 834 Bertochianum
2726 808 2886 820 ——
2912 796 3069 840 cura

253 866 395 922 Car.
424 866 619 922 Ferd.
671 866 1023 924 Hommelii.
1044 869 1112 924 Τ.
1142 863 1194 923 1.
1227 868 1303 924 11.
1339 867 1497 939 Lips.
1536 869 1719 928 1777.
1748 872 1957 928 8.-2,
1992 874 2093 930 Jo.
2122 877 2367 933 Ernest.
2395 879 2556 934 Just.
2589 878 2827 935 muneri
2854 896 3070 953 prom-

254 959 541 1016 tuarium
557 959 722 1032 juris
742 976 976 1018 novum
1000 977 1075 1020 ex
1102 962 1344 1033 legibus
1367 969 1433 1020 et
1454 963 1843 1035 optimorum
1860 969 1891 1023 J
1895 970 2151 1026 Ctorum
2171 975 2301 1026 tam
2317 976 2609 1027 veterum
2639 987 2830 1043 quam
2843 989 3068 1032 recen-

254 1058 495 1116 tiorum
522 1059 774 1131 scriptis
802 1060 1029 1119 ordine
1070 1060 1327 1133 alphab.
1361 1068 1760 1133 congestum.
1779 1067 1846 1121 Τ.
1878 1060 2005 1118 1-
2029 1068 2157 1126 XII.
2189 1067 2350 1140 Lips.
2387 1069 2548 1127 1784
2578 1100 2658 1112 —-
2688 1072 2874 1131 1790.
2908 1071 2998 1146 8.)

999 1256 1024 1329 §
1046 1255 1146 1312 27.
1169 1250 1560 1352 Disceplz’rtae
1581 1255 2060 1314 Pandectarum
2080 1259 2267 1318 notia.

341 1435 818 1493 pandectarum
849 1434 1181 1507 disciplina
1228 1435 1474 1509 injuris
1517 1436 1780 1493 Romani
1824 1437 2096 1495 maxime
2134 1437 2364 1510 privati
2411 1442 2789 1513 praeceptis,
2816 1457 2943 1516 qua
2960 1444 3050 1500 ad

259 1532 594 1592 rorensem
648 1549 834 1592 usum
870 1539 1183 1606 spectant,
1235 1533 1525 1606 pleniore
1579 1535 2003 1608 uberioreque
2054 1538 2249 1595 modo
2298 1538 2683 1610 explicandis
2734 1546 3048 1600 versatur.

259 1634 816 1710 Quemadmodum
865 1632 1054 1704 igitur
1095 1633 1376 1693 fontibus
1425 1635 1782 1694 Pandectae
1825 1635 2012 1695 facile
2057 1637 2532 1709 distinguuntur
2580 1641 2661 1697 ab
2718 1640 2852 1698 aliis
2892 1640 3056 1713 juris

259 1732 628 1806 disciplinis,
653 1733 830 1790 velut
850 1733 1010 1807 juris
1035 1733 1387 1792 Germanici
1429 1734 1677 1810 privati,
1721 1740 1856 1793 tum
1893 1735 2085 1794 etiam
2119 1737 2433 1807 canonici,
2478 1737 2566 1796 ita
2596 1738 2677 1794 ab
2714 1739 3064 1798 Institutio-

257 1847 413 1890 num
447 1831 745 1890 doctrina
770 1875 788 1904 ‚
819 1846 939 1889 nec
968 1847 1101 1890 non
1126 1849 1165 1889 a
1204 1833 1433 1890 scholis
1460 1833 1707 1907 dejure
1738 1836 2023 1892 Romano
2062 1850 2237 1896 mere
2271 1836 2581 1894 historicis
2605 1837 2852 1896 diversa
2878 1844 3051 1896 trac-

257 1931 432 1988 tandi
465 1932 723 1990 ratione
747 1930 1067 1989 differunt.
1104 1932 1272 1990 Licet
1295 1933 1462 1990 enim
1505 1932 1568 1990 in
1601 1930 2073 1992 Pandectarum
2108 1951 2366 2008 quoque
2410 1938 2707 1995 doctrina
2740 1937 3062 1996 interdum

258 2033 321 2084 et
344 2027 673 2099 pontificis
689 2026 1123 2095 decretorum,
1147 2034 1213 2086 et
1238 2029 1734 2087 domesticarum
1766 2029 1975 2101 legum
2003 2031 2241 2088 mentio
2276 2030 2561 2089 facienda
2595 2032 2698 2105 sit,
2733 2039 3048 2104 quatenus

260 2222 592 2281 definitum
618 2229 740 2292 est,
759 2238 836 2280 ea
865 2228 1082 2282 tamen
1116 2224 1336 2298 utique
1364 2224 1544 2282 nobis
1572 2225 1882 2283 servanda
1916 2224 2038 2282 erit
2068 2227 2254 2294 ratic,
2284 2232 2385 2292 ut,
2461 2240 2888 2298 quaecunque
2938 2227 3069 2286 istis

264 2318 509 2390 legibus
546 2320 648 2376 vel
678 2320 956 2391 primum
983 2319 1359 2387 constituta,
1385 2320 1483 2377 vel
1513 2334 1587 2377 ex
1609 2319 1755 2393 jure
1788 2321 2075 2378 Romano
2106 2320 2190 2377 ita
2219 2321 2548 2378 immutata
2575 2327 2725 2380 sunt
2751 2362 2768 2387 ,
2800 2327 2872 2378 ut
2892 2323 3066 2381 velut

258 2417 430 2474 mixti
460 2419 611 2475 inde
621 2418 787 2491 juris
815 2418 1056 2490 species
1082 2419 1402 2492 existeret,
1437 2418 1663 2477 eadem
1684 2418 1943 2476 minime
1966 2415 2094 2477 huc
2122 2419 2562 2492 importemus,
2590 2420 2702 2479 sed
2731 2419 2960 2479 scholis
2982 2424 3064 2480 de

252 2523 537 2590 utroque
562 2519 674 2575 illo
708 2518 858 2591 jure
882 2519 1226 2591 separatim
1258 2518 1569 2577 habendis
1590 2559 1607 2586 ‚
1643 2524 1781 2576 tota
1825 2518 2284 2591 relinquamus.
2316 2521 2546 2578 Contra
2572 2535 2728 2580 vero
2759 2536 3065 2579 nonnun-

255 2631 459 2689 quam
483 2616 670 2674 etiam
714 2617 779 2674 in
804 2617 1055 2692 eajuris
1098 2619 1361 2676 Romani
1403 2619 1613 2690 capita
1646 2614 1891 2691 'inquiri
1927 2619 2277 2691 oportebit,
2315 2633 2591 2693 quorum
2632 2622 2845 2679 nullus
2877 2621 3065 2680 hodie

261 2711 553 2769 cernitur
575 2727 727 2771 usus
750 2712 1056 2782 forensis3
1080 2715 1193 2773 sed
1220 2719 1437 2772 tamen
1460 2729 1541 2774 eo
1581 2728 1786 2787 usque
1810 2714 2122 2773 duntaxat
2140 2758 2156 2782 ‚
2192 2716 2406 2789 quoad
2438 2717 2826 2776 accuratiori
2870 2716 3062 2792 hujus

258 2807 451 2880 ipsius
460 2808 625 2883 J’uris
645 2808 863 2878 civilis,
885 2823 1019 2883 quo
1042 2825 1216 2870 nunc
1242 2811 1506 2879 utimur,
1533 2810 1877 2882 cognitioni
1903 2810 2200 2869 inserviat
2229 2809 2289 2886 ¹).

1343 3005 1369 3079 §
1407 3006 1501 3064 28.
1536 3006 1788 3064 Ordinis
1814 3009 2001 3065 ratic.

262 3256 265 3261 .
331 3197 512 3273 Quod
538 3211 699 3256 vero
718 3198 803 3256 ad
824 3198 1140 3257 rationem
1165 3196 1403 3255 ordinis
1425 3204 1492 3256 et
1520 3197 2065 3271 disponendarum
2088 3193 2370 3269 partium
2406 3196 2735 3255 doctrinae
2773 3195 3049 3254 Pandec-

246 3296 460 3350 tarum
489 3293 721 3351 attinet
742 3335 759 3361 ‚
796 3293 927 3353 duo
949 3299 1276 3365 tamquam
1303 3307 1549 3351 summa
1575 3307 1814 3364 genera
1843 3298 1990 3350 sunt
2015 3291 2477 3364 distinguenda.
2506 3293 2782 3350 Alterum
2808 3293 3041 3362 quaIe,

244 3390 309 3447 in
350 3408 483 3465 quo
518 3392 629 3465 ,ius
675 3393 859 3451 civile
906 3394 989 3451 ad
1028 3393 1490 3453 Pandectarum
1510 3391 2045 3450 Justinianearum
2093 3393 2321 3451 seriem
2363 3391 2698 3464 exponitur
2712 3409 2730 3465 ;
2772 3391 3047 3448 alterum

245 3488 745 3563 summationem,
812 3489 989 3561 quod
1037 3494 1303 3558 vocant,
1326 3487 1490 3561 juris
1533 3486 1726 3545 civilis
1766 3487 1960 3545 libros
2005 3486 2340 3545 continens
2385 3468 2732 3561 ejusmodi,
2772 3499 3049 3558 quorum

248 3591 547 3644 auctores
574 3601 757 3644 suam
801 3586 1062 3659 quisque
1090 3588 1296 3658 legem
1331 3587 1395 3644 in
1432 3586 1818 3645 collocandis
1837 3587 2367 3660 disponendisque
2414 3588 2604 3645 rebus
2647 3585 2845 3644 secuti
2875 3590 3044 3643 sunt.

245 3681 322 3739 Et
342 3685 425 3742 de
445 3686 634 3756 legali
660 3686 918 3759 quidem
947 3687 1248 3746 methodo
1281 3702 1411 3746 non
1449 3693 1546 3745 est
1570 3733 1585 3759 ,
1619 3688 1795 3760 quod
1848 3687 2141 3760 pluribus
2187 3687 2503 3754 dicamus,
2536 3702 2682 3744 cum
2700 3686 2834 3760 jam
2859 3698 3047 3741 nemo

245 3776 514 3838 fortasse
543 3780 660 3854 sit,
702 3781 858 3853 quin
907 3798 1021 3840 sua
1046 3791 1274 3855 sponte
1306 3782 1614 3853 intelligat
1635 3825 1654 3857 ,
1684 3798 1876 3855 quam
1907 3797 2134 3856 parum
2180 3783 2287 3840 illa
2312 3782 2695 3840 conveniens
2720 3781 2800 3838 sit
2841 3779 2922 3836 ad
2944 3793 3047 3834 ar-

244 3881 374 3935 tem
397 3885 694 3937 nostram
711 3880 814 3937 via
838 3896 914 3939 ac
942 3883 1190 3941 ratione
1228 3884 1630 3941 tractandam
1670 3877 1731 3955 ¹).
1761 3883 1876 3959 Qui
1925 3897 2080 3941 vero
2109 3883 2374 3941 alteram
2393 3923 2409 3952 ‚
2442 3896 2632 3953 quam
2661 3890 3050 3937 commemo-

245 3973 529 4032 ravimus
550 4015 568 4039 ,
596 3976 912 4033 rationem
940 3978 1333 4049 sequendam
1362 3993 1497 4036 esse
1521 3983 1751 4050 putant
1769 4024 1785 4049 ‚
1809 3977 1890 4036 de
1917 3992 1995 4036 eo
2023 3978 2277 4052 quidem
2295 4024 2310 4047 ,
2333 3977 2559 4051 quibus
2587 3977 2650 4032 in
2675 3972 2825 4032 locis
2851 3987 3047 4044 quae-

244 4086 369 4142 que
398 4088 506 4130 res
523 4073 605 4130 sit
636 4075 1035 4149 collocanda,
1061 4076 1323 4135 mirifice
1358 4077 1523 4134 inter
1554 4091 1622 4135 se
1647 4077 2011 4149 discrepant
2037 4073 2102 4150 ²).
2127 4077 2324 4150 quue
2364 4089 2482 4146 pro
2504 4073 2691 4131 variis
2720 4072 3045 4130 hominum

235 4167 569 4241 iudicandi
607 4173 962 4232 rationibus
1007 4175 1194 4233 aliter
1235 4191 1371 4234 esse
1418 4176 1658 4248 nequit.
1694 4178 1852 4235 Sunt
1889 4184 2103 4234 tamen
2143 4176 2486 4243 nonnulla,
2527 4186 2694 4245 quae
2718 4178 3045 4245 tamquam

245 4264 418 4333 leges
459 4267 866 4326 observanda
895 4285 1032 4328 esse
1065 4270 1407 4343 unicuique
1443 4271 1771 4338 videntur,
1810 4272 1916 4342 qui
1941 4271 2102 4344 juris
2125 4270 2568 4349 systematibus
2592 4267 3047 4326 concinnandis

243 4372 477 4419 manus
492 4378 639 4421 suas
658 4366 1005 4424 admovere
1027 4367 1196 4425 velit.
1222 4368 1497 4424 Primum
1520 4407 1537 4435 ,
1558 4372 1631 4423 ut
1648 4381 1688 4423 a
1734 4365 2227 4438 simplicioribus
2261 4360 2738 4437 proficiscamur
2767 4364 2850 4421 ad
2869 4379 3044 4421 com-

872 4545 899 4599 ς
918 4540 998 4589 27.
1743 4541 1793 4598 2)
1827 4545 1894 4589 Η.
1918 4541 2194 4588 Blondeau
2228 4543 2311 4589 des
2343 4541 2591 4589 methodes
2620 4541 2681 4587 de
2708 4539 3043 4587 classiflcation

305 4600 355 4657 1)
384 4599 655 4662 ef.709e1
683 4604 1119 4663 Untersuchungen
1143 4607 1263 4653 uber
1285 4606 1363 4653 die
1385 4605 1615 4652 Bestand-
1679 4607 1763 4664 qui
1785 4609 1869 4651 ont
1887 4605 1963 4651 ete
1985 4605 2159 4651 suivies
2180 4616 2241 4650 ou
2264 4606 2519 4662 proposees
2542 4605 2568 4650 a
2587 4605 2796 4651 diverses
2808 4604 3047 4661 epoques‚

237 4662 413 4719 meite,
445 4664 600 4712 Natnr
622 4668 724 4712 und
755 4667 1101 4714 wissenschaftl
1128 4669 1346 4727 Stellung
1368 4668 1452 4715 des
1480 4670 1610 4715 Pan·
1676 4678 1800 4726 pour
1814 4667 2017 4713 faciliter
2040 4668 2053 4713 1
2059 4666 2216 4712 stude
2237 4668 2301 4713 du
2323 4668 2450 4713 droit
2464 4667 2628 4725 privs
2658 4670 2707 4711 et
2741 4670 3046 4711 notaminent

233 4725 916 4787 dektenrcchu.1.ips.183¹.
1686 4731 1746 4776 de
1762 4732 1906 4778 celles
1922 4732 2004 4788 qui
2029 4735 2138 4775 sont
2157 4729 2379 4787 adoptees
2403 4730 2624 4785 aujourd*
2627 4728 2709 4774 hui
2730 4729 2849 4773 dans
2869 4728 2911 4771 la
2936 4729 3046 4785 plu-

874 4787 994 4847 398·
1684 4800 1796 4851 part
1826 4793 1910 4838 des
1944 4792 2229 4838 universitas
2252 4792 2299 4836 d'
2303 4792 2577 4848 Anemagne
2610 4790 2836 4847 (Themis
2867 4789 2925 4835 T.
2961 4790 3039 4835 111.

281 4848 423 4907 nef.
428 4851 496 4897 Η.
512 4851 721 4899 ΒοηεΙΙΙ
734 4852 1185 4909 commentat-iiim.
1196 4854 1325 4902 civil.
1337 4854 1443 4902 Lib.
1468 4856 1504 4902 1.
1517 4853 1614 4903 c..1
1684 4852 2104 4902 tivr.15.2⁴s
2133 4851 2335 4912 -27.7)
2351 4856 2476 4901 —G.
2489 4856 2546 4900 F.
2559 4852 2774 4900 Pus-lata
2795 4852 2844 4897 in
2869 4850 3040 4897 Rhein.

231 4911 852 4975 52⁸qq.-Huqocivilist.
865 4916 1051 4974 ungat.
1072 4918 1131 4964 11.
1147 4930 1196 4977 p.
1210 4915 1417 4967 19et94.
1430 4917 1526 4976 (ed.
1549 4915 1616 4976 1.)
1680 4919 1898 4966 Muscam
1911 4867 1997 4965 lfi
2020 4930 2068 4976 p.
2092 4913 2184 4965 115
2203 4928 2308 4977 sqq.
