<?xml version="1.0" encoding="UTF-8"?>
<!DOCTYPE html PUBLIC "-//W3C//DTD XHTML 1.0 Transitional//EN"
    "http://www.w3.org/TR/xhtml1/DTD/xhtml1-transitional.dtd">
<html xmlns="http://www.w3.org/1999/xhtml" xml:lang="en" lang="en">
 <head>
  <title>
</title>
<meta http-equiv="Content-Type" content="text/html;charset=utf-8" />
  <meta name='ocr-system' content='tesseract 3.04.00' />
  <meta name='ocr-capabilities' content='ocr_page ocr_carea ocr_par ocr_line ocrx_word'/>
</head>
<body>
  <div class='ocr_page' id='page_1' title='image "./doctrinapandect03mhgoog/doctrinapandect03mhgoog_0691.png"; bbox 0 0 3544 5506; ppageno 0'>
   <div class='ocr_carea' id='block_1_1' title="bbox 825 324 3041 386">
    <p class='ocr_par' dir='ltr' id='par_1_1' title="bbox 825 324 3041 386">
     <span class='ocr_line' id='line_1_1' title="bbox 825 324 3041 386; baseline 0.001 -11"><span class='ocrx_word' id='word_1_1' title='bbox 825 332 959 375; x_wconf 67' lang='lat' dir='ltr'>car.</span> <span class='ocrx_word' id='word_1_2' title='bbox 999 333 1066 375; x_wconf 80' lang='lat' dir='ltr'><strong>v.</strong></span> <span class='ocrx_word' id='word_1_3' title='bbox 1107 333 1184 375; x_wconf 72' lang='lat' dir='ltr'>nn</span> <span class='ocrx_word' id='word_1_4' title='bbox 1219 332 1352 386; x_wconf 80' lang='lat' dir='ltr'>ms,</span> <span class='ocrx_word' id='word_1_5' title='bbox 1393 333 1553 383; x_wconf 59' lang='lat' dir='ltr'>Quae</span> <span class='ocrx_word' id='word_1_6' title='bbox 1591 333 1711 374; x_wconf 70' lang='lat' dir='ltr'>uon</span> <span class='ocrx_word' id='word_1_7' title='bbox 1749 333 2007 375; x_wconf 72' lang='lat' dir='ltr'>mnus</span> <span class='ocrx_word' id='word_1_8' title='bbox 2043 333 2162 374; x_wconf 80' lang='grc' dir='ltr'><strong>τιτ.</strong></span> <span class='ocrx_word' id='word_1_9' title='bbox 2202 333 2445 384; x_wconf 66' lang='lat' dir='ltr'>nmmo.</span> <span class='ocrx_word' id='word_1_10' title='bbox 2926 324 3041 383; x_wconf 84' lang='grc'>669</span> 
     </span>
    </p>
   </div>
   <div class='ocr_carea' id='block_1_2' title="bbox 235 437 3060 2662">
    <p class='ocr_par' dir='ltr' id='par_1_2' title="bbox 235 437 3060 2662">
     <span class='ocr_line' id='line_1_2' title="bbox 242 437 3043 519; baseline 0.003 -19"><span class='ocrx_word' id='word_1_11' title='bbox 242 441 471 500; x_wconf 90' lang='lat' dir='ltr'>ctanda</span> <span class='ocrx_word' id='word_1_12' title='bbox 501 446 671 500; x_wconf 89' lang='lat' dir='ltr'>sunt.</span> <span class='ocrx_word' id='word_1_13' title='bbox 703 437 780 498; x_wconf 91' lang='lat' dir='ltr'>Et</span> <span class='ocrx_word' id='word_1_14' title='bbox 803 440 866 512; x_wconf 90' lang='grc' dir='ltr'>Ι)</span> <span class='ocrx_word' id='word_1_15' title='bbox 911 456 1057 500; x_wconf 90' lang='lat' dir='ltr'>cum</span> <span class='ocrx_word' id='word_1_16' title='bbox 1086 442 1168 499; x_wconf 91' lang='lat' dir='ltr'>de</span> <span class='ocrx_word' id='word_1_17' title='bbox 1196 444 1340 502; x_wconf 95' lang='lat' dir='ltr'>loco</span> <span class='ocrx_word' id='word_1_18' title='bbox 1375 442 1527 500; x_wconf 92' lang='lat' dir='ltr'>nihil</span> <span class='ocrx_word' id='word_1_19' title='bbox 1549 438 1882 500; x_wconf 89' lang='lat' dir='ltr'>dessnitum</span> <span class='ocrx_word' id='word_1_20' title='bbox 1916 448 2012 501; x_wconf 89' lang='lat' dir='ltr'>est</span> <span class='ocrx_word' id='word_1_21' title='bbox 2052 443 2376 502; x_wconf 89' lang='lat' dir='ltr'>testatoris</span> <span class='ocrx_word' id='word_1_22' title='bbox 2398 446 2766 516; x_wconf 79' lang='lat' dir='ltr'>voluntate,</span> <span class='ocrx_word' id='word_1_23' title='bbox 2798 447 3043 519; x_wconf 82' lang='lat' dir='ltr'>species</span> 
     </span>
     <span class='ocr_line' id='line_1_3' title="bbox 242 533 3039 619; baseline 0.002 -25"><span class='ocrx_word' id='word_1_24' title='bbox 242 533 495 610; x_wconf 84' lang='lat' dir='ltr'>quidem</span> <span class='ocrx_word' id='word_1_25' title='bbox 524 581 541 612; x_wconf 91' lang='lat'>‚</span> <span class='ocrx_word' id='word_1_26' title='bbox 569 544 704 595; x_wconf 90' lang='lat' dir='ltr'>tum</span> <span class='ocrx_word' id='word_1_27' title='bbox 729 538 921 596; x_wconf 90' lang='lat' dir='ltr'>etiam</span> <span class='ocrx_word' id='word_1_28' title='bbox 949 553 1054 597; x_wconf 89' lang='lat' dir='ltr'>res</span> <span class='ocrx_word' id='word_1_29' title='bbox 1077 554 1152 596; x_wconf 85' lang='lat' dir='ltr'>ex</span> <span class='ocrx_word' id='word_1_30' title='bbox 1174 546 1353 597; x_wconf 89' lang='lat' dir='ltr'>certo</span> <span class='ocrx_word' id='word_1_31' title='bbox 1389 554 1465 596; x_wconf 93' lang='lat' dir='ltr'>ac</span> <span class='ocrx_word' id='word_1_32' title='bbox 1493 539 1755 597; x_wconf 81' lang='lat' dir='ltr'>definito</span> <span class='ocrx_word' id='word_1_33' title='bbox 1787 554 2024 611; x_wconf 81' lang='lat' dir='ltr'>genere</span> <span class='ocrx_word' id='word_1_34' title='bbox 2043 587 2058 612; x_wconf 90' lang='lat'>‚</span> <span class='ocrx_word' id='word_1_35' title='bbox 2097 534 2180 597; x_wconf 90' lang='lat' dir='ltr'>ibi</span> <span class='ocrx_word' id='word_1_36' title='bbox 2222 541 2597 614; x_wconf 87' lang='lat' dir='ltr'>plerumque</span> <span class='ocrx_word' id='word_1_37' title='bbox 2627 548 3039 619; x_wconf 77' lang='lat' dir='ltr'>praestentur</span> 
     </span>
     <span class='ocr_line' id='line_1_4' title="bbox 243 634 3041 711; baseline 0.002 -21"><span class='ocrx_word' id='word_1_38' title='bbox 243 634 742 691; x_wconf 81' lang='lat' dir='ltr'>exhibeanturve</span> <span class='ocrx_word' id='word_1_39' title='bbox 767 649 1026 692; x_wconf 91' lang='lat' dir='ltr'>necesse</span> <span class='ocrx_word' id='word_1_40' title='bbox 1055 641 1180 707; x_wconf 90' lang='lat' dir='ltr'>est,</span> <span class='ocrx_word' id='word_1_41' title='bbox 1211 635 1319 692; x_wconf 92' lang='lat' dir='ltr'>ubi</span> <span class='ocrx_word' id='word_1_42' title='bbox 1347 641 1527 703; x_wconf 91' lang='lat' dir='ltr'>sunt,</span> <span class='ocrx_word' id='word_1_43' title='bbox 1560 641 2012 708; x_wconf 81' lang='lat' dir='ltr'>praeterquam</span> <span class='ocrx_word' id='word_1_44' title='bbox 2043 636 2091 692; x_wconf 88' lang='lat' dir='ltr'>si</span> <span class='ocrx_word' id='word_1_45' title='bbox 2115 636 2265 693; x_wconf 92' lang='lat' dir='ltr'>dolo</span> <span class='ocrx_word' id='word_1_46' title='bbox 2288 637 2458 693; x_wconf 92' lang='lat' dir='ltr'>malo</span> <span class='ocrx_word' id='word_1_47' title='bbox 2485 637 2654 711; x_wconf 85' lang='lat' dir='ltr'>ejus,</span> <span class='ocrx_word' id='word_1_48' title='bbox 2682 637 2788 710; x_wconf 88' lang='lat' dir='ltr'>qui</span> <span class='ocrx_word' id='word_1_49' title='bbox 2808 653 3041 695; x_wconf 89' lang='lat' dir='ltr'>onera-</span> 
     </span>
     <span class='ocr_line' id='line_1_5' title="bbox 235 730 3038 805; baseline 0.001 -18"><span class='ocrx_word' id='word_1_50' title='bbox 235 737 365 803; x_wconf 87' lang='lat' dir='ltr'>tur,</span> <span class='ocrx_word' id='word_1_51' title='bbox 402 731 597 803; x_wconf 88' lang='lat' dir='ltr'>alium</span> <span class='ocrx_word' id='word_1_52' title='bbox 623 730 684 788; x_wconf 96' lang='lat' dir='ltr'>in</span> <span class='ocrx_word' id='word_1_53' title='bbox 715 733 930 790; x_wconf 90' lang='lat' dir='ltr'>locum</span> <span class='ocrx_word' id='word_1_54' title='bbox 955 733 1304 789; x_wconf 78' lang='lat' dir='ltr'>translatae</span> <span class='ocrx_word' id='word_1_55' title='bbox 1344 738 1493 789; x_wconf 92' lang='lat' dir='ltr'>sunt</span> <span class='ocrx_word' id='word_1_56' title='bbox 1516 775 1532 801; x_wconf 87' lang='lat'>‚</span> <span class='ocrx_word' id='word_1_57' title='bbox 1568 747 1761 805; x_wconf 90' lang='lat' dir='ltr'>quam</span> <span class='ocrx_word' id='word_1_58' title='bbox 1793 746 1922 804; x_wconf 89' lang='lat' dir='ltr'>quo</span> <span class='ocrx_word' id='word_1_59' title='bbox 1963 730 2145 788; x_wconf 78' lang='lat' dir='ltr'>fuere</span> <span class='ocrx_word' id='word_1_60' title='bbox 2180 732 2403 789; x_wconf 88' lang='lat' dir='ltr'>mortis</span> <span class='ocrx_word' id='word_1_61' title='bbox 2434 738 2729 804; x_wconf 88' lang='lat' dir='ltr'>tempore</span> <span class='ocrx_word' id='word_1_62' title='bbox 2766 739 3038 791; x_wconf 90' lang='lat' dir='ltr'>testato·</span> 
     </span>
     <span class='ocr_line' id='line_1_6' title="bbox 241 826 3040 905; baseline 0.001 -21"><span class='ocrx_word' id='word_1_63' title='bbox 241 827 363 903; x_wconf 69' lang='grc' dir='ltr'>τῖες</span> <span class='ocrx_word' id='word_1_64' title='bbox 394 842 523 900; x_wconf 92' lang='lat' dir='ltr'>quo</span> <span class='ocrx_word' id='word_1_65' title='bbox 553 826 722 885; x_wconf 84' lang='lat' dir='ltr'>sacto</span> <span class='ocrx_word' id='word_1_66' title='bbox 741 828 822 886; x_wconf 87' lang='lat' dir='ltr'>ibi</span> <span class='ocrx_word' id='word_1_67' title='bbox 847 834 998 885; x_wconf 91' lang='lat' dir='ltr'>sunt</span> <span class='ocrx_word' id='word_1_68' title='bbox 1026 827 1454 900; x_wconf 88' lang='lat' dir='ltr'>praestandae</span> <span class='ocrx_word' id='word_1_69' title='bbox 1481 871 1498 895; x_wconf 89' lang='lat'><strong>,</strong></span> <span class='ocrx_word' id='word_1_70' title='bbox 1525 828 1638 885; x_wconf 90' lang='lat' dir='ltr'>ubi</span> <span class='ocrx_word' id='word_1_71' title='bbox 1663 833 1994 900; x_wconf 86' lang='lat' dir='ltr'>petuntur.</span> <span class='ocrx_word' id='word_1_72' title='bbox 2024 828 2257 905; x_wconf 87' lang='lat' dir='ltr'>Quodsi</span> <span class='ocrx_word' id='word_1_73' title='bbox 2279 844 2356 886; x_wconf 83' lang='lat' dir='ltr'>ex</span> <span class='ocrx_word' id='word_1_74' title='bbox 2378 827 2779 900; x_wconf 80' lang='lat' dir='ltr'>sungibilium</span> <span class='ocrx_word' id='word_1_75' title='bbox 2800 843 3040 900; x_wconf 86' lang='lat' dir='ltr'>genere</span> 
     </span>
     <span class='ocr_line' id='line_1_7' title="bbox 240 924 3040 998; baseline -0 -16"><span class='ocrx_word' id='word_1_76' title='bbox 240 929 387 982; x_wconf 88' lang='lat' dir='ltr'>sunt</span> <span class='ocrx_word' id='word_1_77' title='bbox 421 939 523 981; x_wconf 90' lang='lat' dir='ltr'>res</span> <span class='ocrx_word' id='word_1_78' title='bbox 543 963 559 988; x_wconf 93' lang='lat'>‚</span> <span class='ocrx_word' id='word_1_79' title='bbox 592 939 714 982; x_wconf 90' lang='lat' dir='ltr'>nec</span> <span class='ocrx_word' id='word_1_80' title='bbox 737 938 893 981; x_wconf 81' lang='lat' dir='ltr'>vero</span> <span class='ocrx_word' id='word_1_81' title='bbox 919 925 1097 981; x_wconf 91' lang='lat' dir='ltr'>locus</span> <span class='ocrx_word' id='word_1_82' title='bbox 1125 925 1601 981; x_wconf 90' lang='lat' dir='ltr'>demonstratus</span> <span class='ocrx_word' id='word_1_83' title='bbox 1625 929 1721 981; x_wconf 89' lang='lat' dir='ltr'>est</span> <span class='ocrx_word' id='word_1_84' title='bbox 1741 969 1758 990; x_wconf 75' lang='grc'>,</span> <span class='ocrx_word' id='word_1_85' title='bbox 1785 925 1961 981; x_wconf 89' lang='lat' dir='ltr'>unde</span> <span class='ocrx_word' id='word_1_86' title='bbox 1992 930 2355 998; x_wconf 75' lang='lat' dir='ltr'>sumantur,</span> <span class='ocrx_word' id='word_1_87' title='bbox 2388 924 2472 982; x_wconf 88' lang='lat' dir='ltr'>ibi</span> <span class='ocrx_word' id='word_1_88' title='bbox 2515 925 3040 996; x_wconf 60' lang='lat' dir='ltr'>praestabuntur3</span> 
     </span>
     <span class='ocr_line' id='line_1_8' title="bbox 243 1014 3040 1094; baseline 0.001 -18"><span class='ocrx_word' id='word_1_89' title='bbox 243 1019 350 1076; x_wconf 89' lang='lat' dir='ltr'>ubi</span> <span class='ocrx_word' id='word_1_90' title='bbox 384 1021 720 1077; x_wconf 88' lang='lat' dir='ltr'>commode</span> <span class='ocrx_word' id='word_1_91' title='bbox 743 1026 809 1077; x_wconf 92' lang='lat' dir='ltr'>et</span> <span class='ocrx_word' id='word_1_92' title='bbox 832 1018 961 1091; x_wconf 92' lang='lat' dir='ltr'>peti</span> <span class='ocrx_word' id='word_1_93' title='bbox 985 1025 1050 1076; x_wconf 92' lang='lat' dir='ltr'>et</span> <span class='ocrx_word' id='word_1_94' title='bbox 1076 1016 1392 1091; x_wconf 88' lang='lat' dir='ltr'>praestari</span> <span class='ocrx_word' id='word_1_95' title='bbox 1423 1018 1719 1092; x_wconf 86' lang='lat' dir='ltr'>possunt¹</span> <span class='ocrx_word' id='word_1_96' title='bbox 1737 1019 1781 1094; x_wconf 93' lang='lat'><strong>).</strong></span> <span class='ocrx_word' id='word_1_97' title='bbox 1802 1014 1859 1077; x_wconf 85' lang='lat'>11</span> <span class='ocrx_word' id='word_1_98' title='bbox 1884 1018 1901 1092; x_wconf 85' lang='lat'><em>)</em></span> <span class='ocrx_word' id='word_1_99' title='bbox 1926 1022 2011 1077; x_wconf 92' lang='lat' dir='ltr'>De</span> <span class='ocrx_word' id='word_1_100' title='bbox 2035 1025 2328 1092; x_wconf 88' lang='lat' dir='ltr'>tempore</span> <span class='ocrx_word' id='word_1_101' title='bbox 2345 1063 2363 1090; x_wconf 88' lang='lat'><strong>‚</strong></span> <span class='ocrx_word' id='word_1_102' title='bbox 2383 1035 2514 1093; x_wconf 90' lang='lat' dir='ltr'>quo</span> <span class='ocrx_word' id='word_1_103' title='bbox 2538 1021 2649 1077; x_wconf 85' lang='lat' dir='ltr'>fiat</span> <span class='ocrx_word' id='word_1_104' title='bbox 2672 1016 3040 1093; x_wconf 88' lang='lat' dir='ltr'>praestatio,</span> 
     </span>
     <span class='ocr_line' id='line_1_9' title="bbox 245 1114 3046 1193; baseline 0 -16"><span class='ocrx_word' id='word_1_105' title='bbox 245 1134 319 1177; x_wconf 88' lang='lat' dir='ltr'>ex</span> <span class='ocrx_word' id='word_1_106' title='bbox 344 1118 416 1177; x_wconf 88' lang='lat' dir='ltr'>iis</span> <span class='ocrx_word' id='word_1_107' title='bbox 435 1118 572 1177; x_wconf 83' lang='lat' dir='ltr'>fere</span> <span class='ocrx_word' id='word_1_108' title='bbox 597 1120 721 1177; x_wconf 91' lang='lat' dir='ltr'>erit</span> <span class='ocrx_word' id='word_1_109' title='bbox 744 1120 1192 1185; x_wconf 88' lang='lat' dir='ltr'>statuendum,</span> <span class='ocrx_word' id='word_1_110' title='bbox 1241 1134 1409 1193; x_wconf 91' lang='lat' dir='ltr'>quae</span> <span class='ocrx_word' id='word_1_111' title='bbox 1449 1114 1774 1192; x_wconf 87' lang='lat' dir='ltr'>superius,</span> <span class='ocrx_word' id='word_1_112' title='bbox 1821 1114 2263 1192; x_wconf 90' lang='lat' dir='ltr'>quaestionem</span> <span class='ocrx_word' id='word_1_113' title='bbox 2306 1126 2745 1192; x_wconf 77' lang='lat' dir='ltr'>exponentes:</span> <span class='ocrx_word' id='word_1_114' title='bbox 2785 1121 3046 1193; x_wconf 80' lang='lat' dir='ltr'>quando</span> 
     </span>
     <span class='ocr_line' id='line_1_10' title="bbox 243 1213 3047 1291; baseline 0.001 -19"><span class='ocrx_word' id='word_1_115' title='bbox 243 1215 376 1274; x_wconf 86' lang='lat' dir='ltr'>dies</span> <span class='ocrx_word' id='word_1_116' title='bbox 401 1217 760 1287; x_wconf 87' lang='lat' dir='ltr'>legatorum</span> <span class='ocrx_word' id='word_1_117' title='bbox 790 1215 1049 1273; x_wconf 71' lang='lat' dir='ltr'>veniat?</span> <span class='ocrx_word' id='word_1_118' title='bbox 1070 1216 1236 1275; x_wconf 87' lang='lat' dir='ltr'>hanc</span> <span class='ocrx_word' id='word_1_119' title='bbox 1262 1217 1329 1273; x_wconf 92' lang='lat' dir='ltr'>in</span> <span class='ocrx_word' id='word_1_120' title='bbox 1359 1231 1497 1274; x_wconf 92' lang='lat' dir='ltr'>rem</span> <span class='ocrx_word' id='word_1_121' title='bbox 1528 1216 1902 1274; x_wconf 75' lang='lat' dir='ltr'>tradidimus</span> <span class='ocrx_word' id='word_1_122' title='bbox 1928 1217 1946 1291; x_wconf 97' lang='lat'>(</span> <span class='ocrx_word' id='word_1_123' title='bbox 1973 1213 1999 1285; x_wconf 86' lang='lat'>§</span> <span class='ocrx_word' id='word_1_124' title='bbox 2027 1214 2147 1273; x_wconf 73' lang='lat'>728</span> <span class='ocrx_word' id='word_1_125' title='bbox 2165 1215 2208 1290; x_wconf 92' lang='lat'><strong>).</strong></span> <span class='ocrx_word' id='word_1_126' title='bbox 2247 1218 2322 1274; x_wconf 88' lang='lat' dir='ltr'>At</span> <span class='ocrx_word' id='word_1_127' title='bbox 2356 1231 2511 1287; x_wconf 82' lang='lat' dir='ltr'>vero</span> <span class='ocrx_word' id='word_1_128' title='bbox 2541 1218 2864 1275; x_wconf 89' lang='lat' dir='ltr'>modicum</span> <span class='ocrx_word' id='word_1_129' title='bbox 2885 1222 3047 1275; x_wconf 90' lang='lat' dir='ltr'>tem-</span> 
     </span>
     <span class='ocr_line' id='line_1_11' title="bbox 243 1309 3041 1386; baseline 0.001 -17"><span class='ocrx_word' id='word_1_130' title='bbox 243 1311 415 1386; x_wconf 89' lang='lat' dir='ltr'>poris</span> <span class='ocrx_word' id='word_1_131' title='bbox 448 1327 526 1369; x_wconf 83' lang='lat' dir='ltr'>ex</span> <span class='ocrx_word' id='word_1_132' title='bbox 557 1327 768 1385; x_wconf 89' lang='lat' dir='ltr'>aequo</span> <span class='ocrx_word' id='word_1_133' title='bbox 794 1318 860 1369; x_wconf 90' lang='lat' dir='ltr'>et</span> <span class='ocrx_word' id='word_1_134' title='bbox 892 1314 1063 1371; x_wconf 93' lang='lat' dir='ltr'>bono</span> <span class='ocrx_word' id='word_1_135' title='bbox 1105 1311 1297 1369; x_wconf 90' lang='lat' dir='ltr'>etiam</span> <span class='ocrx_word' id='word_1_136' title='bbox 1326 1313 1611 1370; x_wconf 88' lang='lat' dir='ltr'>dandum</span> <span class='ocrx_word' id='word_1_137' title='bbox 1645 1317 1740 1370; x_wconf 87' lang='lat' dir='ltr'>est</span> <span class='ocrx_word' id='word_1_138' title='bbox 1761 1318 2068 1381; x_wconf 90' lang='lat' dir='ltr'>onerato,</span> <span class='ocrx_word' id='word_1_139' title='bbox 2093 1327 2240 1370; x_wconf 89' lang='lat' dir='ltr'>cum</span> <span class='ocrx_word' id='word_1_140' title='bbox 2272 1318 2384 1370; x_wconf 90' lang='lat' dir='ltr'>aut</span> <span class='ocrx_word' id='word_1_141' title='bbox 2412 1314 2687 1385; x_wconf 89' lang='lat' dir='ltr'>pecunia</span> <span class='ocrx_word' id='word_1_142' title='bbox 2728 1309 3002 1371; x_wconf 89' lang='lat' dir='ltr'>debetur</span> <span class='ocrx_word' id='word_1_143' title='bbox 3023 1359 3041 1386; x_wconf 89' lang='lat'>‚</span> 
     </span>
     <span class='ocr_line' id='line_1_12' title="bbox 246 1404 3049 1483; baseline 0.002 -19"><span class='ocrx_word' id='word_1_144' title='bbox 246 1414 358 1467; x_wconf 91' lang='lat' dir='ltr'>aut</span> <span class='ocrx_word' id='word_1_145' title='bbox 384 1408 556 1465; x_wconf 89' lang='lat' dir='ltr'>aliud</span> <span class='ocrx_word' id='word_1_146' title='bbox 598 1409 750 1481; x_wconf 92' lang='lat' dir='ltr'>quid</span> <span class='ocrx_word' id='word_1_147' title='bbox 797 1404 1150 1483; x_wconf 86' lang='lat' dir='ltr'>ejusmodi,</span> <span class='ocrx_word' id='word_1_148' title='bbox 1194 1410 1370 1482; x_wconf 90' lang='lat' dir='ltr'>quod</span> <span class='ocrx_word' id='word_1_149' title='bbox 1410 1425 1660 1467; x_wconf 90' lang='lat' dir='ltr'>moram</span> <span class='ocrx_word' id='word_1_150' title='bbox 1705 1409 1891 1470; x_wconf 79' lang='lat' dir='ltr'>facile</span> <span class='ocrx_word' id='word_1_151' title='bbox 1934 1410 2161 1468; x_wconf 82' lang='lat' dir='ltr'>afferat</span> <span class='ocrx_word' id='word_1_152' title='bbox 2206 1413 2568 1483; x_wconf 87' lang='lat' dir='ltr'>praestandi</span> <span class='ocrx_word' id='word_1_153' title='bbox 2613 1412 2765 1473; x_wconf 19' lang='lat' dir='ltr'>sine.</span> <span class='ocrx_word' id='word_1_154' title='bbox 2794 1412 3049 1470; x_wconf 88' lang='lat' dir='ltr'>onerati</span> 
     </span>
     <span class='ocr_line' id='line_1_13' title="bbox 247 1501 3045 1583; baseline 0.001 -19"><span class='ocrx_word' id='word_1_155' title='bbox 247 1501 526 1580; x_wconf 80' lang='lat' dir='ltr'>culpa²).</span> <span class='ocrx_word' id='word_1_156' title='bbox 559 1508 791 1583; x_wconf 81' lang='lat' dir='ltr'>Quodsi</span> <span class='ocrx_word' id='word_1_157' title='bbox 818 1509 937 1566; x_wconf 88' lang='lat' dir='ltr'>sub</span> <span class='ocrx_word' id='word_1_158' title='bbox 966 1510 1235 1566; x_wconf 89' lang='lat' dir='ltr'>obtentu</span> <span class='ocrx_word' id='word_1_159' title='bbox 1259 1503 1412 1580; x_wconf 86' lang='lat' dir='ltr'>legis</span> <span class='ocrx_word' id='word_1_160' title='bbox 1439 1506 1763 1567; x_wconf 83' lang='lat' dir='ltr'>Falcidiae</span> <span class='ocrx_word' id='word_1_161' title='bbox 1792 1510 1858 1582; x_wconf 63' lang='grc' dir='ltr'>(ς</span> <span class='ocrx_word' id='word_1_162' title='bbox 1889 1508 2075 1581; x_wconf 86' lang='grc'><strong>749.)</strong></span> <span class='ocrx_word' id='word_1_163' title='bbox 2104 1514 2396 1567; x_wconf 89' lang='lat' dir='ltr'>moratur</span> <span class='ocrx_word' id='word_1_164' title='bbox 2424 1511 2609 1568; x_wconf 88' lang='lat' dir='ltr'>heres</span> <span class='ocrx_word' id='word_1_165' title='bbox 2635 1511 3045 1581; x_wconf 87' lang='lat' dir='ltr'>solutionem,</span> 
     </span>
     <span class='ocr_line' id='line_1_14' title="bbox 243 1605 3049 1679; baseline 0.002 -20"><span class='ocrx_word' id='word_1_166' title='bbox 243 1608 460 1661; x_wconf 84' lang='lat' dir='ltr'>tamen</span> <span class='ocrx_word' id='word_1_167' title='bbox 489 1605 829 1676; x_wconf 86' lang='lat' dir='ltr'>legatarius</span> <span class='ocrx_word' id='word_1_168' title='bbox 867 1607 1176 1678; x_wconf 84' lang='lat' dir='ltr'>consequi</span> <span class='ocrx_word' id='word_1_169' title='bbox 1221 1611 1431 1679; x_wconf 84' lang='lat' dir='ltr'>potest</span> <span class='ocrx_word' id='word_1_170' title='bbox 1457 1649 1472 1676; x_wconf 94' lang='lat'>,</span> <span class='ocrx_word' id='word_1_171' title='bbox 1525 1612 1598 1663; x_wconf 91' lang='lat' dir='ltr'>ut</span> <span class='ocrx_word' id='word_1_172' title='bbox 1642 1605 1700 1663; x_wconf 90' lang='lat' dir='ltr'>ei</span> <span class='ocrx_word' id='word_1_173' title='bbox 1724 1607 1927 1665; x_wconf 88' lang='lat' dir='ltr'>solida</span> <span class='ocrx_word' id='word_1_174' title='bbox 1958 1612 2369 1678; x_wconf 88' lang='lat' dir='ltr'>preastentur</span> <span class='ocrx_word' id='word_1_175' title='bbox 2416 1609 2661 1677; x_wconf 86' lang='lat' dir='ltr'>legata,</span> <span class='ocrx_word' id='word_1_176' title='bbox 2697 1607 3049 1666; x_wconf 87' lang='lat' dir='ltr'>dummodo</span> 
     </span>
     <span class='ocr_line' id='line_1_15' title="bbox 246 1696 3051 1775; baseline 0.002 -19"><span class='ocrx_word' id='word_1_177' title='bbox 246 1696 522 1775; x_wconf 85' lang='lat' dir='ltr'>legitime</span> <span class='ocrx_word' id='word_1_178' title='bbox 564 1708 828 1774; x_wconf 86' lang='lat' dir='ltr'>caveat,</span> <span class='ocrx_word' id='word_1_179' title='bbox 865 1701 1040 1774; x_wconf 91' lang='lat' dir='ltr'>quod</span> <span class='ocrx_word' id='word_1_180' title='bbox 1085 1702 1355 1774; x_wconf 89' lang='lat' dir='ltr'>amplius</span> <span class='ocrx_word' id='word_1_181' title='bbox 1400 1697 1758 1775; x_wconf 87' lang='lat' dir='ltr'>acceperit,</span> <span class='ocrx_word' id='word_1_182' title='bbox 1799 1719 1993 1775; x_wconf 91' lang='lat' dir='ltr'>quam</span> <span class='ocrx_word' id='word_1_183' title='bbox 2024 1717 2142 1775; x_wconf 87' lang='lat' dir='ltr'>per</span> <span class='ocrx_word' id='word_1_184' title='bbox 2184 1717 2331 1760; x_wconf 90' lang='lat' dir='ltr'>eam</span> <span class='ocrx_word' id='word_1_185' title='bbox 2374 1704 2580 1774; x_wconf 87' lang='lat' dir='ltr'>legem</span> <span class='ocrx_word' id='word_1_186' title='bbox 2621 1703 2845 1771; x_wconf 88' lang='lat' dir='ltr'>liceat,</span> <span class='ocrx_word' id='word_1_187' title='bbox 2893 1703 2956 1761; x_wconf 92' lang='lat' dir='ltr'>id</span> <span class='ocrx_word' id='word_1_188' title='bbox 2982 1719 3051 1763; x_wconf 92' lang='lat' dir='ltr'>se</span> 
     </span>
     <span class='ocr_line' id='line_1_16' title="bbox 247 1788 3051 1875; baseline 0.001 -18"><span class='ocrx_word' id='word_1_189' title='bbox 247 1803 632 1874; x_wconf 89' lang='lat' dir='ltr'>quandoque</span> <span class='ocrx_word' id='word_1_190' title='bbox 648 1803 1089 1860; x_wconf 82' lang='lat' dir='ltr'>restituturum</span> <span class='ocrx_word' id='word_1_191' title='bbox 1103 1799 1172 1875; x_wconf 82' lang='lat'><strong>³).</strong></span> <span class='ocrx_word' id='word_1_192' title='bbox 1201 1805 1532 1861; x_wconf 90' lang='lat' dir='ltr'>Caeterum</span> <span class='ocrx_word' id='word_1_193' title='bbox 1549 1804 1629 1861; x_wconf 88' lang='lat' dir='ltr'>de</span> <span class='ocrx_word' id='word_1_194' title='bbox 1646 1818 1866 1861; x_wconf 89' lang='lat' dir='ltr'>morae</span> <span class='ocrx_word' id='word_1_195' title='bbox 1883 1847 1898 1872; x_wconf 91' lang='lat'>‚</span> <span class='ocrx_word' id='word_1_196' title='bbox 1927 1804 2009 1860; x_wconf 91' lang='lat' dir='ltr'>ab</span> <span class='ocrx_word' id='word_1_197' title='bbox 2034 1809 2308 1861; x_wconf 86' lang='lat' dir='ltr'>onerato</span> <span class='ocrx_word' id='word_1_198' title='bbox 2332 1803 2644 1860; x_wconf 85' lang='lat' dir='ltr'>admissae</span> <span class='ocrx_word' id='word_1_199' title='bbox 2669 1817 2817 1860; x_wconf 89' lang='lat' dir='ltr'>cum</span> <span class='ocrx_word' id='word_1_200' title='bbox 2840 1788 3051 1861; x_wconf 78' lang='lat' dir='ltr'>causis</span> 
     </span>
     <span class='ocr_line' id='line_1_17' title="bbox 248 1892 3052 1975; baseline 0 -19"><span class='ocrx_word' id='word_1_201' title='bbox 248 1903 445 1971; x_wconf 90' lang='lat' dir='ltr'>atque</span> <span class='ocrx_word' id='word_1_202' title='bbox 476 1894 656 1956; x_wconf 90' lang='lat' dir='ltr'>initio</span> <span class='ocrx_word' id='word_1_203' title='bbox 677 1942 693 1969; x_wconf 90' lang='lat'>‚</span> <span class='ocrx_word' id='word_1_204' title='bbox 726 1906 860 1956; x_wconf 92' lang='lat' dir='ltr'>tum</span> <span class='ocrx_word' id='word_1_205' title='bbox 887 1900 947 1955; x_wconf 80' lang='lat' dir='ltr'>vi</span> <span class='ocrx_word' id='word_1_206' title='bbox 976 1904 1042 1957; x_wconf 91' lang='lat' dir='ltr'>et</span> <span class='ocrx_word' id='word_1_207' title='bbox 1064 1892 1293 1956; x_wconf 86' lang='lat' dir='ltr'>effectu</span> <span class='ocrx_word' id='word_1_208' title='bbox 1316 1939 1334 1968; x_wconf 93' lang='lat'>,</span> <span class='ocrx_word' id='word_1_209' title='bbox 1367 1900 1519 1957; x_wconf 90' lang='lat' dir='ltr'>item</span> <span class='ocrx_word' id='word_1_210' title='bbox 1554 1900 1933 1972; x_wconf 90' lang='lat' dir='ltr'>plerumque</span> <span class='ocrx_word' id='word_1_211' title='bbox 1962 1899 2085 1956; x_wconf 89' lang='lat' dir='ltr'>erit</span> <span class='ocrx_word' id='word_1_212' title='bbox 2107 1914 2184 1957; x_wconf 84' lang='lat' dir='ltr'>ex</span> <span class='ocrx_word' id='word_1_213' title='bbox 2210 1899 2673 1975; x_wconf 83' lang='lat' dir='ltr'>communibus</span> <span class='ocrx_word' id='word_1_214' title='bbox 2693 1899 3052 1972; x_wconf 85' lang='lat' dir='ltr'>praeceptis</span> 
     </span>
     <span class='ocr_line' id='line_1_18' title="bbox 238 1994 3056 2072; baseline 0 -18"><span class='ocrx_word' id='word_1_215' title='bbox 238 1994 754 2072; x_wconf 84' lang='lat' dir='ltr'>judicandum⁴).</span> <span class='ocrx_word' id='word_1_216' title='bbox 790 1999 989 2071; x_wconf 86' lang='lat' dir='ltr'>Igitur</span> <span class='ocrx_word' id='word_1_217' title='bbox 1029 2005 1174 2071; x_wconf 85' lang='lat' dir='ltr'>post</span> <span class='ocrx_word' id='word_1_218' title='bbox 1203 2015 1451 2058; x_wconf 89' lang='lat' dir='ltr'>moram</span> <span class='ocrx_word' id='word_1_219' title='bbox 1505 2000 1843 2057; x_wconf 89' lang='lat' dir='ltr'>admissam</span> <span class='ocrx_word' id='word_1_220' title='bbox 1885 2004 1950 2056; x_wconf 89' lang='lat' dir='ltr'>et</span> <span class='ocrx_word' id='word_1_221' title='bbox 1997 2013 2257 2057; x_wconf 90' lang='lat' dir='ltr'>omnem</span> <span class='ocrx_word' id='word_1_222' title='bbox 2302 1999 2396 2056; x_wconf 86' lang='lat' dir='ltr'>rei</span> <span class='ocrx_word' id='word_1_223' title='bbox 2438 2013 2698 2056; x_wconf 91' lang='lat' dir='ltr'>causam</span> <span class='ocrx_word' id='word_1_224' title='bbox 2728 2004 3056 2071; x_wconf 89' lang='lat' dir='ltr'>praestare</span> 
     </span>
     <span class='ocr_line' id='line_1_19' title="bbox 249 2094 3054 2173; baseline -0.001 -17"><span class='ocrx_word' id='word_1_225' title='bbox 249 2114 510 2156; x_wconf 87' lang='lat' dir='ltr'>necesse</span> <span class='ocrx_word' id='word_1_226' title='bbox 537 2097 731 2156; x_wconf 83' lang='lat' dir='ltr'>habet</span> <span class='ocrx_word' id='word_1_227' title='bbox 772 2098 1193 2173; x_wconf 77' lang='lat' dir='ltr'>oneratus5),</span> <span class='ocrx_word' id='word_1_228' title='bbox 1247 2105 1313 2157; x_wconf 90' lang='lat' dir='ltr'>et</span> <span class='ocrx_word' id='word_1_229' title='bbox 1362 2100 1610 2172; x_wconf 88' lang='lat' dir='ltr'>reliqua</span> <span class='ocrx_word' id='word_1_230' title='bbox 1655 2113 1872 2157; x_wconf 88' lang='lat' dir='ltr'>morae</span> <span class='ocrx_word' id='word_1_231' title='bbox 1918 2097 2326 2157; x_wconf 90' lang='lat' dir='ltr'>incommoda</span> <span class='ocrx_word' id='word_1_232' title='bbox 2358 2094 2690 2170; x_wconf 82' lang='lat' dir='ltr'>sentiet⁶).</span> <span class='ocrx_word' id='word_1_233' title='bbox 2737 2100 2879 2155; x_wconf 73' lang='lat' dir='ltr'>lam</span> <span class='ocrx_word' id='word_1_234' title='bbox 2906 2096 3054 2155; x_wconf 91' lang='lat' dir='ltr'>siin</span> 
     </span>
     <span class='ocr_line' id='line_1_20' title="bbox 253 2192 3059 2273; baseline 0 -23"><span class='ocrx_word' id='word_1_235' title='bbox 253 2192 558 2273; x_wconf 85' lang='lat' dir='ltr'>judicium</span> <span class='ocrx_word' id='word_1_236' title='bbox 582 2196 857 2254; x_wconf 86' lang='lat' dir='ltr'>deducta</span> <span class='ocrx_word' id='word_1_237' title='bbox 886 2201 981 2253; x_wconf 86' lang='lat' dir='ltr'>est</span> <span class='ocrx_word' id='word_1_238' title='bbox 1014 2211 1116 2253; x_wconf 89' lang='lat' dir='ltr'>res</span> <span class='ocrx_word' id='word_1_239' title='bbox 1143 2239 1159 2266; x_wconf 90' lang='lat'>‚</span> <span class='ocrx_word' id='word_1_240' title='bbox 1192 2201 1499 2253; x_wconf 89' lang='lat' dir='ltr'>oneratus</span> <span class='ocrx_word' id='word_1_241' title='bbox 1525 2234 1543 2265; x_wconf 92' lang='lat'><strong>,</strong></span> <span class='ocrx_word' id='word_1_242' title='bbox 1570 2195 1719 2252; x_wconf 90' lang='lat' dir='ltr'>licet</span> <span class='ocrx_word' id='word_1_243' title='bbox 1747 2196 1918 2253; x_wconf 91' lang='lat' dir='ltr'>bona</span> <span class='ocrx_word' id='word_1_244' title='bbox 1950 2194 2073 2251; x_wconf 78' lang='lat' dir='ltr'>fide</span> <span class='ocrx_word' id='word_1_245' title='bbox 2095 2193 2201 2265; x_wconf 71' lang='lat' dir='ltr'>Jus</span> <span class='ocrx_word' id='word_1_246' title='bbox 2232 2208 2421 2250; x_wconf 90' lang='lat' dir='ltr'>suum</span> <span class='ocrx_word' id='word_1_247' title='bbox 2467 2192 2804 2267; x_wconf 75' lang='lat' dir='ltr'>defendat,</span> <span class='ocrx_word' id='word_1_248' title='bbox 2840 2197 3059 2250; x_wconf 90' lang='lat' dir='ltr'>tamen</span> 
     </span>
     <span class='ocr_line' id='line_1_21' title="bbox 249 2288 3058 2368; baseline -0.001 -15"><span class='ocrx_word' id='word_1_249' title='bbox 249 2302 396 2368; x_wconf 87' lang='lat' dir='ltr'>post</span> <span class='ocrx_word' id='word_1_250' title='bbox 421 2297 1048 2353; x_wconf 81' lang='lat' dir='ltr'>litem-contestatam</span> <span class='ocrx_word' id='word_1_251' title='bbox 1075 2293 1321 2353; x_wconf 76' lang='lat' dir='ltr'>fructus</span> <span class='ocrx_word' id='word_1_252' title='bbox 1349 2302 1543 2368; x_wconf 88' lang='lat' dir='ltr'>atque</span> <span class='ocrx_word' id='word_1_253' title='bbox 1574 2311 1803 2353; x_wconf 89' lang='lat' dir='ltr'>usuras</span> <span class='ocrx_word' id='word_1_254' title='bbox 1827 2295 2188 2367; x_wconf 88' lang='lat' dir='ltr'>rependere</span> <span class='ocrx_word' id='word_1_255' title='bbox 2213 2288 2483 2364; x_wconf 85' lang='lat' dir='ltr'>debet⁷)</span> <span class='ocrx_word' id='word_1_256' title='bbox 2507 2312 2525 2367; x_wconf 92' lang='lat'>;</span> <span class='ocrx_word' id='word_1_257' title='bbox 2548 2291 2775 2365; x_wconf 88' lang='lat' dir='ltr'>quodsi</span> <span class='ocrx_word' id='word_1_258' title='bbox 2797 2306 2953 2349; x_wconf 82' lang='lat' dir='ltr'>vero</span> <span class='ocrx_word' id='word_1_259' title='bbox 2981 2307 3058 2349; x_wconf 82' lang='lat' dir='ltr'>ex</span> 
     </span>
     <span class='ocr_line' id='line_1_22' title="bbox 251 2383 3057 2464; baseline -0.001 -15"><span class='ocrx_word' id='word_1_260' title='bbox 251 2387 449 2464; x_wconf 86' lang='lat' dir='ltr'>ipsius</span> <span class='ocrx_word' id='word_1_261' title='bbox 478 2393 832 2449; x_wconf 88' lang='lat' dir='ltr'>sententiae</span> <span class='ocrx_word' id='word_1_262' title='bbox 862 2397 1089 2450; x_wconf 88' lang='lat' dir='ltr'>tenore</span> <span class='ocrx_word' id='word_1_263' title='bbox 1127 2397 1306 2449; x_wconf 88' lang='lat' dir='ltr'>certo</span> <span class='ocrx_word' id='word_1_264' title='bbox 1332 2394 1621 2457; x_wconf 81' lang='lat' dir='ltr'>constet,</span> <span class='ocrx_word' id='word_1_265' title='bbox 1669 2406 1919 2448; x_wconf 86' lang='lat' dir='ltr'>moram</span> <span class='ocrx_word' id='word_1_266' title='bbox 1958 2390 2017 2448; x_wconf 88' lang='lat' dir='ltr'>ei</span> <span class='ocrx_word' id='word_1_267' title='bbox 2066 2390 2307 2446; x_wconf 89' lang='lat' dir='ltr'>nullam</span> <span class='ocrx_word' id='word_1_268' title='bbox 2340 2383 2528 2463; x_wconf 85' lang='lat' dir='ltr'>objici</span> <span class='ocrx_word' id='word_1_269' title='bbox 2568 2403 2787 2461; x_wconf 87' lang='lat' dir='ltr'>posse,</span> <span class='ocrx_word' id='word_1_270' title='bbox 2827 2403 2947 2446; x_wconf 92' lang='lat' dir='ltr'>nec</span> <span class='ocrx_word' id='word_1_271' title='bbox 2975 2388 3057 2445; x_wconf 87' lang='lat' dir='ltr'>ad</span> 
     </span>
     <span class='ocr_line' id='line_1_23' title="bbox 247 2464 3060 2565; baseline -0.002 -14"><span class='ocrx_word' id='word_1_272' title='bbox 247 2508 480 2551; x_wconf 86' lang='lat' dir='ltr'>usuras</span> <span class='ocrx_word' id='word_1_273' title='bbox 505 2507 724 2551; x_wconf 92' lang='lat' dir='ltr'>morae</span> <span class='ocrx_word' id='word_1_274' title='bbox 756 2499 907 2550; x_wconf 90' lang='lat' dir='ltr'>ante</span> <span class='ocrx_word' id='word_1_275' title='bbox 929 2507 1066 2549; x_wconf 92' lang='lat' dir='ltr'>rem</span> <span class='ocrx_word' id='word_1_276' title='bbox 1082 2490 1438 2565; x_wconf 87' lang='lat' dir='ltr'>judicatam</span> <span class='ocrx_word' id='word_1_277' title='bbox 1464 2491 1800 2550; x_wconf 81' lang='lat' dir='ltr'>solvendas</span> <span class='ocrx_word' id='word_1_278' title='bbox 1820 2489 1962 2562; x_wconf 88' lang='lat' dir='ltr'>cogi</span> <span class='ocrx_word' id='word_1_279' title='bbox 1983 2505 2134 2547; x_wconf 90' lang='lat' dir='ltr'>eum</span> <span class='ocrx_word' id='word_1_280' title='bbox 2167 2503 2386 2561; x_wconf 89' lang='lat' dir='ltr'>posse,</span> <span class='ocrx_word' id='word_1_281' title='bbox 2418 2488 2580 2562; x_wconf 85' lang='lat' dir='ltr'>juris</span> <span class='ocrx_word' id='word_1_282' title='bbox 2612 2495 2679 2546; x_wconf 90' lang='lat' dir='ltr'>et</span> <span class='ocrx_word' id='word_1_283' title='bbox 2720 2464 3060 2560; x_wconf 72' lang='lat' dir='ltr'>aequita&#39;tis</span> 
     </span>
     <span class='ocr_line' id='line_1_24' title="bbox 255 2583 1133 2662; baseline -0.008 -14"><span class='ocrx_word' id='word_1_284' title='bbox 255 2585 491 2648; x_wconf 85' lang='lat' dir='ltr'>rationi</span> <span class='ocrx_word' id='word_1_285' title='bbox 527 2590 915 2648; x_wconf 87' lang='lat' dir='ltr'>conveniens</span> <span class='ocrx_word' id='word_1_286' title='bbox 945 2583 1133 2662; x_wconf 67' lang='lat' dir='ltr'>estss).</span> 
     </span>
    </p>
   </div>
   <div class='ocr_carea' id='block_1_3' title="bbox 359 2829 2957 2912">
    <p class='ocr_par' dir='ltr' id='par_1_3' title="bbox 359 2829 2957 2912">
     <span class='ocr_line' id='line_1_25' title="bbox 359 2829 2957 2912; baseline -0.002 -19"><span class='ocrx_word' id='word_1_287' title='bbox 359 2836 386 2909; x_wconf 70' lang='grc' dir='ltr'>ς</span> <span class='ocrx_word' id='word_1_288' title='bbox 411 2835 553 2896; x_wconf 77' lang='grc'><strong>748.</strong></span> <span class='ocrx_word' id='word_1_289' title='bbox 587 2840 663 2904; x_wconf 87' lang='grc' dir='ltr'>Β)</span> <span class='ocrx_word' id='word_1_290' title='bbox 697 2833 820 2905; x_wconf 76' lang='lat' dir='ltr'>Quo</span> <span class='ocrx_word' id='word_1_291' title='bbox 832 2833 970 2911; x_wconf 77' lang='lat' dir='ltr'>jure</span> <span class='ocrx_word' id='word_1_292' title='bbox 987 2832 1255 2892; x_wconf 74' lang='lat' dir='ltr'>adversus</span> <span class='ocrx_word' id='word_1_293' title='bbox 1280 2833 1625 2894; x_wconf 77' lang='lat' dir='ltr'>honoratum</span> <span class='ocrx_word' id='word_1_294' title='bbox 1649 2841 1859 2892; x_wconf 75' lang='lat' dir='ltr'>utatur</span> <span class='ocrx_word' id='word_1_295' title='bbox 1884 2840 2157 2891; x_wconf 75' lang='lat' dir='ltr'>oneratus</span> <span class='ocrx_word' id='word_1_296' title='bbox 2179 2832 2207 2890; x_wconf 86' lang='grc'><strong>1</strong></span> <span class='ocrx_word' id='word_1_297' title='bbox 2238 2830 2262 2909; x_wconf 92' lang='grc'><strong>)</strong></span> <span class='ocrx_word' id='word_1_298' title='bbox 2292 2831 2628 2891; x_wconf 82' lang='lat' dir='ltr'>summatim</span> <span class='ocrx_word' id='word_1_299' title='bbox 2662 2829 2957 2912; x_wconf 76' lang='lat' dir='ltr'>definitur.</span> 
     </span>
    </p>
   </div>
   <div class='ocr_carea' id='block_1_4' title="bbox 247 3085 3075 3761">
    <p class='ocr_par' dir='ltr' id='par_1_4' title="bbox 247 3085 3075 3761">
     <span class='ocr_line' id='line_1_26' title="bbox 340 3085 3068 3170; baseline -0.005 -14"><span class='ocrx_word' id='word_1_300' title='bbox 340 3101 397 3156; x_wconf 91' lang='lat' dir='ltr'>Is</span> <span class='ocrx_word' id='word_1_301' title='bbox 425 3110 721 3170; x_wconf 84' lang='lat' dir='ltr'>quoque,</span> <span class='ocrx_word' id='word_1_302' title='bbox 770 3093 880 3167; x_wconf 92' lang='lat' dir='ltr'>qui</span> <span class='ocrx_word' id='word_1_303' title='bbox 913 3096 1219 3151; x_wconf 88' lang='lat' dir='ltr'>oneratus</span> <span class='ocrx_word' id='word_1_304' title='bbox 1251 3092 1347 3144; x_wconf 92' lang='lat' dir='ltr'>est</span> <span class='ocrx_word' id='word_1_305' title='bbox 1369 3128 1387 3159; x_wconf 90' lang='lat'>,</span> <span class='ocrx_word' id='word_1_306' title='bbox 1415 3085 1523 3157; x_wconf 84' lang='lat' dir='ltr'>jus</span> <span class='ocrx_word' id='word_1_307' title='bbox 1572 3099 1758 3143; x_wconf 90' lang='lat' dir='ltr'>suum</span> <span class='ocrx_word' id='word_1_308' title='bbox 1806 3085 2098 3143; x_wconf 88' lang='lat' dir='ltr'>tuebitur</span> <span class='ocrx_word' id='word_1_309' title='bbox 2140 3100 2272 3143; x_wconf 91' lang='lat' dir='ltr'>non</span> <span class='ocrx_word' id='word_1_310' title='bbox 2314 3088 2515 3144; x_wconf 90' lang='lat' dir='ltr'>modo</span> <span class='ocrx_word' id='word_1_311' title='bbox 2541 3086 3022 3158; x_wconf 83' lang='lat' dir='ltr'>exceptionibus</span> <span class='ocrx_word' id='word_1_312' title='bbox 3049 3127 3068 3153; x_wconf 88' lang='lat'>‚</span> 
     </span>
     <span class='ocr_line' id='line_1_27' title="bbox 251 3180 3068 3257; baseline -0.006 -4"><span class='ocrx_word' id='word_1_313' title='bbox 251 3210 483 3253; x_wconf 80' lang='lat' dir='ltr'>verum</span> <span class='ocrx_word' id='word_1_314' title='bbox 504 3189 697 3251; x_wconf 86' lang='lat' dir='ltr'>etiam</span> <span class='ocrx_word' id='word_1_315' title='bbox 722 3182 1253 3248; x_wconf 83' lang='lat' dir='ltr'>vindicationibus</span> <span class='ocrx_word' id='word_1_316' title='bbox 1279 3227 1296 3255; x_wconf 84' lang='lat'>‚</span> <span class='ocrx_word' id='word_1_317' title='bbox 1328 3187 1395 3239; x_wconf 89' lang='lat' dir='ltr'>et</span> <span class='ocrx_word' id='word_1_318' title='bbox 1421 3182 1487 3237; x_wconf 92' lang='lat' dir='ltr'>in</span> <span class='ocrx_word' id='word_1_319' title='bbox 1520 3196 1859 3253; x_wconf 86' lang='lat' dir='ltr'>personam</span> <span class='ocrx_word' id='word_1_320' title='bbox 1891 3180 2248 3239; x_wconf 88' lang='lat' dir='ltr'>actionibus</span> <span class='ocrx_word' id='word_1_321' title='bbox 2276 3180 2338 3257; x_wconf 71' lang='lat' dir='ltr'>(S</span> <span class='ocrx_word' id='word_1_322' title='bbox 2363 3180 2505 3240; x_wconf 82' lang='lat'><strong>751.</strong></span> <span class='ocrx_word' id='word_1_323' title='bbox 2530 3182 2548 3253; x_wconf 96' lang='lat'><em>)</em></span> <span class='ocrx_word' id='word_1_324' title='bbox 2576 3224 2593 3250; x_wconf 82' lang='lat'><strong>‚</strong></span> <span class='ocrx_word' id='word_1_325' title='bbox 2636 3184 2813 3239; x_wconf 82' lang='lat' dir='ltr'>velut</span> <span class='ocrx_word' id='word_1_326' title='bbox 2840 3181 3068 3256; x_wconf 83' lang='lat' dir='ltr'>incerti</span> 
     </span>
     <span class='ocr_line' id='line_1_28' title="bbox 250 3277 3069 3366; baseline -0.005 -12"><span class='ocrx_word' id='word_1_327' title='bbox 250 3295 694 3363; x_wconf 87' lang='lat' dir='ltr'>condictione,</span> <span class='ocrx_word' id='word_1_328' title='bbox 725 3308 853 3366; x_wconf 93' lang='lat' dir='ltr'>qua</span> <span class='ocrx_word' id='word_1_329' title='bbox 875 3291 974 3348; x_wconf 81' lang='lat' dir='ltr'>vel</span> <span class='ocrx_word' id='word_1_330' title='bbox 1002 3288 1274 3346; x_wconf 84' lang='lat' dir='ltr'>maxime</span> <span class='ocrx_word' id='word_1_331' title='bbox 1300 3300 1526 3344; x_wconf 89' lang='lat' dir='ltr'>eorum</span> <span class='ocrx_word' id='word_1_332' title='bbox 1558 3282 1817 3340; x_wconf 90' lang='lat' dir='ltr'>nomine</span> <span class='ocrx_word' id='word_1_333' title='bbox 1847 3289 2064 3339; x_wconf 87' lang='lat' dir='ltr'>utetur</span> <span class='ocrx_word' id='word_1_334' title='bbox 2088 3324 2105 3355; x_wconf 91' lang='lat'>‚</span> <span class='ocrx_word' id='word_1_335' title='bbox 2133 3298 2302 3355; x_wconf 91' lang='lat' dir='ltr'>quae</span> <span class='ocrx_word' id='word_1_336' title='bbox 2327 3277 2390 3339; x_wconf 90' lang='lat' dir='ltr'>in</span> <span class='ocrx_word' id='word_1_337' title='bbox 2416 3298 2554 3340; x_wconf 89' lang='lat' dir='ltr'>rem</span> <span class='ocrx_word' id='word_1_338' title='bbox 2579 3285 2855 3354; x_wconf 89' lang='lat' dir='ltr'>legatam</span> <span class='ocrx_word' id='word_1_339' title='bbox 2883 3283 2964 3340; x_wconf 92' lang='lat' dir='ltr'>ab</span> <span class='ocrx_word' id='word_1_340' title='bbox 2990 3297 3069 3341; x_wconf 93' lang='lat' dir='ltr'>eo</span> 
     </span>
     <span class='ocr_line' id='line_1_29' title="bbox 247 3375 3067 3463; baseline -0.006 -13"><span class='ocrx_word' id='word_1_341' title='bbox 247 3395 537 3463; x_wconf 87' lang='lat' dir='ltr'>impensa</span> <span class='ocrx_word' id='word_1_342' title='bbox 570 3397 718 3448; x_wconf 91' lang='lat' dir='ltr'>sunt</span> <span class='ocrx_word' id='word_1_343' title='bbox 737 3387 825 3458; x_wconf 82' lang='lat'>¹),</span> <span class='ocrx_word' id='word_1_344' title='bbox 861 3381 1139 3458; x_wconf 84' lang='lat' dir='ltr'>denique</span> <span class='ocrx_word' id='word_1_345' title='bbox 1168 3380 1474 3456; x_wconf 88' lang='lat' dir='ltr'>peculiari</span> <span class='ocrx_word' id='word_1_346' title='bbox 1493 3375 1644 3455; x_wconf 79' lang='lat' dir='ltr'>quod</span> <span class='ocrx_word' id='word_1_347' title='bbox 1672 3375 1987 3452; x_wconf 76' lang='lat' dir='ltr'>leqatorum</span> <span class='ocrx_word' id='word_1_348' title='bbox 2008 3379 2351 3437; x_wconf 88' lang='lat' dir='ltr'>interdicto</span> <span class='ocrx_word' id='word_1_349' title='bbox 2373 3418 2391 3447; x_wconf 87' lang='lat'>‚</span> <span class='ocrx_word' id='word_1_350' title='bbox 2421 3379 2596 3452; x_wconf 89' lang='lat' dir='ltr'>quod</span> <span class='ocrx_word' id='word_1_351' title='bbox 2627 3375 2886 3453; x_wconf 88' lang='lat' dir='ltr'>quidem</span> <span class='ocrx_word' id='word_1_352' title='bbox 2931 3378 3067 3436; x_wconf 89' lang='lat' dir='ltr'>adi-</span> 
     </span>
     <span class='ocr_line' id='line_1_30' title="bbox 249 3470 3071 3562; baseline -0.008 -16"><span class='ocrx_word' id='word_1_353' title='bbox 249 3488 596 3562; x_wconf 83' lang='lat' dir='ltr'>piscendae</span> <span class='ocrx_word' id='word_1_354' title='bbox 620 3483 1026 3559; x_wconf 85' lang='lat' dir='ltr'>possessionis</span> <span class='ocrx_word' id='word_1_355' title='bbox 1047 3487 1144 3540; x_wconf 90' lang='lat' dir='ltr'>est</span> <span class='ocrx_word' id='word_1_356' title='bbox 1163 3521 1181 3549; x_wconf 89' lang='lat'>,</span> <span class='ocrx_word' id='word_1_357' title='bbox 1209 3480 1376 3537; x_wconf 90' lang='lat' dir='ltr'>hanc</span> <span class='ocrx_word' id='word_1_358' title='bbox 1393 3470 1727 3535; x_wconf 88' lang='lat' dir='ltr'>continens</span> <span class='ocrx_word' id='word_1_359' title='bbox 1747 3488 2008 3558; x_wconf 86' lang='lat' dir='ltr'>causam</span> <span class='ocrx_word' id='word_1_360' title='bbox 2030 3518 2046 3543; x_wconf 95' lang='lat'>‚</span> <span class='ocrx_word' id='word_1_361' title='bbox 2076 3480 2151 3530; x_wconf 93' lang='lat' dir='ltr'>ut</span> <span class='ocrx_word' id='word_1_362' title='bbox 2173 3517 2190 3548; x_wconf 86' lang='lat'>‚</span> <span class='ocrx_word' id='word_1_363' title='bbox 2222 3476 2396 3547; x_wconf 90' lang='lat' dir='ltr'>quod</span> <span class='ocrx_word' id='word_1_364' title='bbox 2424 3474 2783 3546; x_wconf 85' lang='lat' dir='ltr'>legatorum</span> <span class='ocrx_word' id='word_1_365' title='bbox 2809 3474 3071 3532; x_wconf 76' lang='lat' dir='ltr'>nomine</span> 
     </span>
     <span class='ocr_line' id='line_1_31' title="bbox 252 3569 3075 3650; baseline -0.006 -3"><span class='ocrx_word' id='word_1_366' title='bbox 252 3603 395 3647; x_wconf 90' lang='lat' dir='ltr'>non</span> <span class='ocrx_word' id='word_1_367' title='bbox 425 3604 501 3645; x_wconf 87' lang='lat' dir='ltr'>ex</span> <span class='ocrx_word' id='word_1_368' title='bbox 525 3589 854 3645; x_wconf 82' lang='lat' dir='ltr'>voluntate</span> <span class='ocrx_word' id='word_1_369' title='bbox 881 3581 1132 3641; x_wconf 89' lang='lat' dir='ltr'>heredis</span> <span class='ocrx_word' id='word_1_370' title='bbox 1160 3577 1502 3650; x_wconf 85' lang='lat' dir='ltr'>occupavit</span> <span class='ocrx_word' id='word_1_371' title='bbox 1530 3572 2018 3645; x_wconf 85' lang='lat' dir='ltr'>legatarius‚-id</span> <span class='ocrx_word' id='word_1_372' title='bbox 2058 3573 2275 3630; x_wconf 86' lang='lat' dir='ltr'>heredi</span> <span class='ocrx_word' id='word_1_373' title='bbox 2334 3569 2672 3630; x_wconf 85' lang='lat' dir='ltr'>restituat²</span> <span class='ocrx_word' id='word_1_374' title='bbox 2693 3573 2736 3646; x_wconf 93' lang='lat'><strong>).</strong></span> <span class='ocrx_word' id='word_1_375' title='bbox 2776 3576 2846 3630; x_wconf 90' lang='lat' dir='ltr'>ln</span> <span class='ocrx_word' id='word_1_376' title='bbox 2886 3587 3075 3645; x_wconf 90' lang='lat' dir='ltr'>prae-</span> 
     </span>
     <span class='ocr_line' id='line_1_32' title="bbox 251 3667 3069 3761; baseline -0.007 -12"><span class='ocrx_word' id='word_1_377' title='bbox 251 3688 461 3761; x_wconf 85' lang='lat' dir='ltr'>cipuis</span> <span class='ocrx_word' id='word_1_378' title='bbox 482 3695 696 3746; x_wconf 88' lang='lat' dir='ltr'>autem</span> <span class='ocrx_word' id='word_1_379' title='bbox 726 3685 1037 3744; x_wconf 89' lang='lat' dir='ltr'>heredum</span> <span class='ocrx_word' id='word_1_380' title='bbox 1057 3723 1075 3749; x_wconf 87' lang='lat'>‚</span> <span class='ocrx_word' id='word_1_381' title='bbox 1110 3681 1218 3755; x_wconf 91' lang='lat' dir='ltr'>qui</span> <span class='ocrx_word' id='word_1_382' title='bbox 1238 3676 1489 3738; x_wconf 89' lang='lat' dir='ltr'>onerati</span> <span class='ocrx_word' id='word_1_383' title='bbox 1512 3679 1662 3734; x_wconf 84' lang='lat' dir='ltr'>sunt</span> <span class='ocrx_word' id='word_1_384' title='bbox 1683 3717 1698 3744; x_wconf 94' lang='lat'>,</span> <span class='ocrx_word' id='word_1_385' title='bbox 1725 3667 1977 3747; x_wconf 88' lang='lat' dir='ltr'>juribus</span> <span class='ocrx_word' id='word_1_386' title='bbox 2006 3673 2376 3730; x_wconf 91' lang='lat' dir='ltr'>habendum</span> <span class='ocrx_word' id='word_1_387' title='bbox 2420 3678 2516 3731; x_wconf 93' lang='lat' dir='ltr'>est</span> <span class='ocrx_word' id='word_1_388' title='bbox 2560 3681 2835 3747; x_wconf 89' lang='lat' dir='ltr'>quartae</span> <span class='ocrx_word' id='word_1_389' title='bbox 2869 3673 3069 3731; x_wconf 90' lang='lat' dir='ltr'>dedu-</span> 
     </span>
    </p>
   </div>
   <div class='ocr_carea' id='block_1_5' title="bbox 255 3772 2452 3862">
    <p class='ocr_par' dir='ltr' id='par_1_5' title="bbox 255 3772 2452 3862">
     <span class='ocr_line' id='line_1_33' title="bbox 255 3772 2452 3862; baseline -0.008 -13"><span class='ocrx_word' id='word_1_390' title='bbox 255 3789 509 3849; x_wconf 87' lang='lat' dir='ltr'>cendae</span> <span class='ocrx_word' id='word_1_391' title='bbox 529 3788 634 3862; x_wconf 84' lang='lat' dir='ltr'>jus</span> <span class='ocrx_word' id='word_1_392' title='bbox 660 3804 738 3848; x_wconf 84' lang='lat' dir='ltr'>ex</span> <span class='ocrx_word' id='word_1_393' title='bbox 775 3789 937 3858; x_wconf 89' lang='lat' dir='ltr'>Lege</span> <span class='ocrx_word' id='word_1_394' title='bbox 957 3777 1260 3856; x_wconf 87' lang='lat' dir='ltr'>Falcidia,</span> <span class='ocrx_word' id='word_1_395' title='bbox 1290 3780 1371 3838; x_wconf 89' lang='lat' dir='ltr'>de</span> <span class='ocrx_word' id='word_1_396' title='bbox 1400 3791 1531 3851; x_wconf 90' lang='lat' dir='ltr'>quo</span> <span class='ocrx_word' id='word_1_397' title='bbox 1556 3775 1689 3849; x_wconf 85' lang='lat' dir='ltr'>jam</span> <span class='ocrx_word' id='word_1_398' title='bbox 1713 3772 2058 3846; x_wconf 86' lang='lat' dir='ltr'>separatim</span> <span class='ocrx_word' id='word_1_399' title='bbox 2080 3772 2452 3831; x_wconf 82' lang='lat' dir='ltr'>videbimus.</span> 
     </span>
    </p>
   </div>
   <div class='ocr_carea' id='block_1_6' title="bbox 241 4001 3081 4239">
    <p class='ocr_par' dir='ltr' id='par_1_6' title="bbox 241 4001 3081 4239">
     <span class='ocr_line' id='line_1_34' title="bbox 864 4001 3081 4146; baseline -0.007 -57"><span class='ocrx_word' id='word_1_400' title='bbox 864 4045 891 4100; x_wconf 82' lang='grc' dir='ltr'>ς</span> <span class='ocrx_word' id='word_1_401' title='bbox 919 4039 1033 4089; x_wconf 68' lang='grc'><strong>747.</strong></span> <span class='ocrx_word' id='word_1_402' title='bbox 1695 4024 2018 4146; x_wconf 35' lang='lat' dir='ltr'>gaug-‚stim</span> <span class='ocrx_word' id='word_1_403' title='bbox 2039 4024 2121 4074; x_wconf 72' lang='grc'>47.</span> <span class='ocrx_word' id='word_1_404' title='bbox 2143 4001 2301 4086; x_wconf 75' lang='lat' dir='ltr'>)-cr.</span> <span class='ocrx_word' id='word_1_405' title='bbox 2340 4028 2392 4074; x_wconf 82' lang='lat'><strong>1..</strong></span> <span class='ocrx_word' id='word_1_406' title='bbox 2413 4026 2497 4075; x_wconf 76' lang='grc'>47.</span> <span class='ocrx_word' id='word_1_407' title='bbox 2520 4025 2608 4084; x_wconf 80' lang='lat' dir='ltr'>ss.</span> <span class='ocrx_word' id='word_1_408' title='bbox 2632 4026 2699 4075; x_wconf 78' lang='lat' dir='ltr'>ae</span> <span class='ocrx_word' id='word_1_409' title='bbox 2718 4028 2816 4089; x_wconf 73' lang='lat' dir='ltr'>leq.</span> <span class='ocrx_word' id='word_1_410' title='bbox 2837 4029 2878 4074; x_wconf 93' lang='lat'><strong>1.</strong></span> <span class='ocrx_word' id='word_1_411' title='bbox 2901 4024 2947 4082; x_wconf 82' lang='lat' dir='ltr'>(s</span> <span class='ocrx_word' id='word_1_412' title='bbox 2967 4025 3081 4075; x_wconf 76' lang='lat'><strong>575.</strong></span> 
     </span>
     <span class='ocr_line' id='line_1_35' title="bbox 241 4150 3080 4239; baseline -0.007 -19"><span class='ocrx_word' id='word_1_413' title='bbox 241 4163 244 4164; x_wconf 38' lang='lat'><em>⁷</em></span> <span class='ocrx_word' id='word_1_414' title='bbox 331 4177 382 4234; x_wconf 85' lang='lat'>1)</span> <span class='ocrx_word' id='word_1_415' title='bbox 402 4176 454 4221; x_wconf 84' lang='grc' dir='ltr'><strong>Ι..</strong></span> <span class='ocrx_word' id='word_1_416' title='bbox 478 4172 558 4222; x_wconf 78' lang='lat'><strong>38.</strong></span> <span class='ocrx_word' id='word_1_417' title='bbox 580 4176 634 4222; x_wconf 83' lang='lat' dir='ltr'><strong>D.</strong></span> <span class='ocrx_word' id='word_1_418' title='bbox 659 4167 988 4239; x_wconf 47' lang='lat' dir='ltr'>&amp;judic-JV</span> <span class='ocrx_word' id='word_1_419' title='bbox 1010 4165 1108 4223; x_wconf 80' lang='grc'><strong>,1.)</strong></span> <span class='ocrx_word' id='word_1_420' title='bbox 1132 4187 1186 4199; x_wconf 93' lang='lat'>-</span> <span class='ocrx_word' id='word_1_421' title='bbox 1209 4163 1264 4208; x_wconf 87' lang='lat' dir='ltr'>L.</span> <span class='ocrx_word' id='word_1_422' title='bbox 1286 4156 1494 4207; x_wconf 79' lang='lat'><strong>50—52.</strong></span> <span class='ocrx_word' id='word_1_423' title='bbox 1516 4152 1637 4203; x_wconf 80' lang='lat' dir='ltr'>eod.</span> <span class='ocrx_word' id='word_1_424' title='bbox 1761 4150 1811 4199; x_wconf 76' lang='grc'><strong>7)</strong></span> <span class='ocrx_word' id='word_1_425' title='bbox 1834 4152 1887 4196; x_wconf 84' lang='lat' dir='ltr'><strong>L.</strong></span> <span class='ocrx_word' id='word_1_426' title='bbox 1910 4152 1959 4197; x_wconf 88' lang='lat'><strong>1.</strong></span> <span class='ocrx_word' id='word_1_427' title='bbox 1997 4157 2047 4197; x_wconf 82' lang='lat' dir='ltr'>et</span> <span class='ocrx_word' id='word_1_428' title='bbox 2067 4153 2121 4198; x_wconf 81' lang='lat'><strong>1..</strong></span> <span class='ocrx_word' id='word_1_429' title='bbox 2145 4153 2235 4198; x_wconf 86' lang='lat' dir='ltr'>ult.</span> <span class='ocrx_word' id='word_1_430' title='bbox 2258 4152 2313 4198; x_wconf 90' lang='lat' dir='ltr'><strong>C.</strong></span> <span class='ocrx_word' id='word_1_431' title='bbox 2337 4150 2405 4198; x_wconf 78' lang='lat' dir='ltr'>de</span> <span class='ocrx_word' id='word_1_432' title='bbox 2426 4164 2579 4198; x_wconf 76' lang='lat' dir='ltr'>usur.</span> <span class='ocrx_word' id='word_1_433' title='bbox 2603 4154 2659 4199; x_wconf 78' lang='lat' dir='ltr'>et</span> <span class='ocrx_word' id='word_1_434' title='bbox 2674 4150 2898 4204; x_wconf 77' lang='lat' dir='ltr'>fructib.</span> <span class='ocrx_word' id='word_1_435' title='bbox 2934 4150 3080 4211; x_wconf 73' lang='lat' dir='ltr'>lequ-</span> 
     </span>
    </p>
   </div>
   <div class='ocr_carea' id='block_1_7' title="bbox 257 4211 2066 4295">
    <p class='ocr_par' dir='ltr' id='par_1_7' title="bbox 257 4211 2066 4295">
     <span class='ocr_line' id='line_1_36' title="bbox 257 4211 2066 4295; baseline -0.015 -9"><span class='ocrx_word' id='word_1_436' title='bbox 257 4240 386 4285; x_wconf 74' lang='lat' dir='ltr'>-t„</span> <span class='ocrx_word' id='word_1_437' title='bbox 410 4235 490 4285; x_wconf 83' lang='grc'>47.</span> <span class='ocrx_word' id='word_1_438' title='bbox 515 4250 586 4295; x_wconf 89' lang='lat' dir='ltr'>pr.</span> <span class='ocrx_word' id='word_1_439' title='bbox 608 4242 658 4283; x_wconf 83' lang='lat' dir='ltr'>et</span> <span class='ocrx_word' id='word_1_440' title='bbox 677 4237 702 4290; x_wconf 74' lang='lat' dir='ltr'><strong>S</strong></span> <span class='ocrx_word' id='word_1_441' title='bbox 722 4236 767 4279; x_wconf 88' lang='lat'><strong>1.</strong></span> <span class='ocrx_word' id='word_1_442' title='bbox 791 4232 858 4278; x_wconf 80' lang='lat' dir='ltr'>de</span> <span class='ocrx_word' id='word_1_443' title='bbox 880 4230 1153 4288; x_wconf 73' lang='lat' dir='ltr'><strong>le9.l.-1,.</strong></span> <span class='ocrx_word' id='word_1_444' title='bbox 1176 4238 1262 4272; x_wconf 90' lang='lat' dir='ltr'>un.</span> <span class='ocrx_word' id='word_1_445' title='bbox 1286 4224 1339 4270; x_wconf 91' lang='lat' dir='ltr'>C.</span> <span class='ocrx_word' id='word_1_446' title='bbox 1361 4218 1639 4278; x_wconf 78' lang='lat' dir='ltr'>ubifldeic.</span> <span class='ocrx_word' id='word_1_447' title='bbox 1708 4220 1810 4263; x_wconf 81' lang='lat' dir='ltr'>tor.</span> <span class='ocrx_word' id='word_1_448' title='bbox 1838 4211 1940 4269; x_wconf 80' lang='lat' dir='ltr'>(Vl,</span> <span class='ocrx_word' id='word_1_449' title='bbox 1964 4212 2066 4270; x_wconf 91' lang='grc'><strong>47.)</strong></span> 
     </span>
    </p>
   </div>
   <div class='ocr_carea' id='block_1_8' title="bbox 253 4274 3086 4670">
    <p class='ocr_par' dir='ltr' id='par_1_8' title="bbox 253 4274 3086 4419">
     <span class='ocr_line' id='line_1_37' title="bbox 253 4274 3086 4360; baseline -0.01 -11"><span class='ocrx_word' id='word_1_450' title='bbox 253 4301 380 4360; x_wconf 78' lang='lat' dir='ltr'>peti</span> <span class='ocrx_word' id='word_1_451' title='bbox 395 4306 566 4358; x_wconf 77' lang='lat' dir='ltr'>opor-e.</span> <span class='ocrx_word' id='word_1_452' title='bbox 585 4300 687 4357; x_wconf 82' lang='lat' dir='ltr'>(nl,</span> <span class='ocrx_word' id='word_1_453' title='bbox 712 4294 812 4351; x_wconf 86' lang='lat'><strong>17.)</strong></span> <span class='ocrx_word' id='word_1_454' title='bbox 833 4295 876 4351; x_wconf 75' lang='lat' dir='ltr'>(S</span> <span class='ocrx_word' id='word_1_455' title='bbox 897 4289 1049 4350; x_wconf 55' lang='lat'><strong>5690.</strong></span> <span class='ocrx_word' id='word_1_456' title='bbox 1765 4275 1815 4334; x_wconf 84' lang='lat'>8)</span> <span class='ocrx_word' id='word_1_457' title='bbox 1837 4275 1953 4332; x_wconf 71' lang='grc' dir='ltr'>ᾹΙἪ-</span> <span class='ocrx_word' id='word_1_458' title='bbox 1991 4278 2042 4322; x_wconf 83' lang='grc'>1..</span> <span class='ocrx_word' id='word_1_459' title='bbox 2066 4274 2147 4323; x_wconf 90' lang='grc'><strong>89.</strong></span> <span class='ocrx_word' id='word_1_460' title='bbox 2192 4279 2217 4332; x_wconf 76' lang='lat' dir='ltr'>S</span> <span class='ocrx_word' id='word_1_461' title='bbox 2248 4276 2296 4322; x_wconf 90' lang='lat'><strong>1.</strong></span> <span class='ocrx_word' id='word_1_462' title='bbox 2320 4277 2375 4322; x_wconf 90' lang='lat' dir='ltr'>D.</span> <span class='ocrx_word' id='word_1_463' title='bbox 2399 4276 2475 4322; x_wconf 80' lang='lat' dir='ltr'>ad</span> <span class='ocrx_word' id='word_1_464' title='bbox 2493 4278 2552 4322; x_wconf 84' lang='lat' dir='ltr'><strong>L.</strong></span> <span class='ocrx_word' id='word_1_465' title='bbox 2571 4275 2770 4324; x_wconf 75' lang='lat' dir='ltr'>Falcid.</span> <span class='ocrx_word' id='word_1_466' title='bbox 2791 4276 2993 4333; x_wconf 79' lang='lat' dir='ltr'>(XXXV,</span> <span class='ocrx_word' id='word_1_467' title='bbox 3014 4274 3086 4333; x_wconf 74' lang='lat'><strong>2.)</strong></span> 
     </span>
     <span class='ocr_line' id='line_1_38' title="bbox 335 4337 3085 4419; baseline -0.011 -8"><span class='ocrx_word' id='word_1_468' title='bbox 335 4365 385 4419; x_wconf 71' lang='grc' dir='ltr'>Ξ)</span> <span class='ocrx_word' id='word_1_469' title='bbox 406 4365 458 4409; x_wconf 87' lang='lat' dir='ltr'>L.</span> <span class='ocrx_word' id='word_1_470' title='bbox 481 4361 562 4410; x_wconf 88' lang='grc'>71.</span> <span class='ocrx_word' id='word_1_471' title='bbox 585 4365 609 4418; x_wconf 76' lang='lat' dir='ltr'>S</span> <span class='ocrx_word' id='word_1_472' title='bbox 629 4362 679 4409; x_wconf 76' lang='lat'><strong>2.</strong></span> <span class='ocrx_word' id='word_1_473' title='bbox 699 4365 750 4406; x_wconf 83' lang='lat' dir='ltr'>et</span> <span class='ocrx_word' id='word_1_474' title='bbox 765 4371 868 4416; x_wconf 78' lang='lat' dir='ltr'>arg.</span> <span class='ocrx_word' id='word_1_475' title='bbox 892 4357 986 4412; x_wconf 71' lang='lat'>55.</span> <span class='ocrx_word' id='word_1_476' title='bbox 1009 4354 1077 4401; x_wconf 78' lang='lat' dir='ltr'>de</span> <span class='ocrx_word' id='word_1_477' title='bbox 1099 4354 1197 4411; x_wconf 72' lang='lat' dir='ltr'>leq.</span> <span class='ocrx_word' id='word_1_478' title='bbox 1223 4351 1261 4396; x_wconf 87' lang='lat'><strong>1.</strong></span> <span class='ocrx_word' id='word_1_479' title='bbox 1297 4372 1354 4381; x_wconf 92' lang='lat'>-</span> <span class='ocrx_word' id='word_1_480' title='bbox 1387 4340 1639 4408; x_wconf 60' lang='lat'><strong>(3125571.</strong></span> <span class='ocrx_word' id='word_1_481' title='bbox 1706 4364 1768 4374; x_wconf 89' lang='lat'>—-</span> <span class='ocrx_word' id='word_1_482' title='bbox 1804 4341 1856 4385; x_wconf 83' lang='lat'><strong>1..</strong></span> <span class='ocrx_word' id='word_1_483' title='bbox 1886 4340 1934 4385; x_wconf 82' lang='lat'><strong>5.</strong></span> <span class='ocrx_word' id='word_1_484' title='bbox 1959 4352 2033 4398; x_wconf 86' lang='lat' dir='ltr'>pr.</span> <span class='ocrx_word' id='word_1_485' title='bbox 2059 4341 2115 4387; x_wconf 84' lang='grc' dir='ltr'><strong>Ι).</strong></span> <span class='ocrx_word' id='word_1_486' title='bbox 2139 4337 2206 4384; x_wconf 84' lang='lat' dir='ltr'>de</span> <span class='ocrx_word' id='word_1_487' title='bbox 2225 4350 2379 4411; x_wconf 60' lang='lat' dir='ltr'>usur.</span> <span class='ocrx_word' id='word_1_488' title='bbox 2407 4340 2423 4395; x_wconf 92' lang='lat'>(</span> <span class='ocrx_word' id='word_1_489' title='bbox 2447 4340 2594 4410; x_wconf 58' lang='lat' dir='ltr'>xxll3</span> <span class='ocrx_word' id='word_1_490' title='bbox 2630 4341 2677 4385; x_wconf 89' lang='lat'><strong>1.</strong></span> <span class='ocrx_word' id='word_1_491' title='bbox 2700 4344 2809 4410; x_wconf 38' lang='lat'>)·—</span> <span class='ocrx_word' id='word_1_492' title='bbox 2841 4338 2916 4384; x_wconf 70' lang='lat' dir='ltr'><strong>Cf.</strong></span> <span class='ocrx_word' id='word_1_493' title='bbox 2939 4350 3085 4408; x_wconf 72' lang='lat' dir='ltr'>supra</span> 
     </span>
    </p>

    <p class='ocr_par' dir='ltr' id='par_1_9' title="bbox 260 4399 3081 4547">
     <span class='ocr_line' id='line_1_39' title="bbox 260 4399 3081 4474; baseline -0.007 -8"><span class='ocrx_word' id='word_1_494' title='bbox 260 4434 377 4474; x_wconf 84' lang='lat' dir='ltr'>not.</span> <span class='ocrx_word' id='word_1_495' title='bbox 406 4425 482 4474; x_wconf 76' lang='lat'>¹4,</span> <span class='ocrx_word' id='word_1_496' title='bbox 515 4435 526 4446; x_wconf 85' lang='lat'><strong>·</strong></span> <span class='ocrx_word' id='word_1_497' title='bbox 1695 4405 1735 4468; x_wconf 67' lang='grc' dir='ltr'>ι(5</span> <span class='ocrx_word' id='word_1_498' title='bbox 1756 4400 1870 4448; x_wconf 72' lang='lat'><strong>228.</strong></span> <span class='ocrx_word' id='word_1_499' title='bbox 1894 4407 1997 4448; x_wconf 91' lang='lat' dir='ltr'>not.</span> <span class='ocrx_word' id='word_1_500' title='bbox 2017 4399 2097 4447; x_wconf 70' lang='grc' dir='ltr'><strong>ΞΟ.</strong></span> <span class='ocrx_word' id='word_1_501' title='bbox 2123 4408 2171 4446; x_wconf 84' lang='lat' dir='ltr'>et</span> <span class='ocrx_word' id='word_1_502' title='bbox 2200 4400 2420 4448; x_wconf 77' lang='lat' dir='ltr'>Tlubaut</span> <span class='ocrx_word' id='word_1_503' title='bbox 2442 4401 2617 4448; x_wconf 75' lang='lat' dir='ltr'>Archiv</span> <span class='ocrx_word' id='word_1_504' title='bbox 2640 4402 2677 4449; x_wconf 70' lang='lat' dir='ltr'>l.</span> <span class='ocrx_word' id='word_1_505' title='bbox 2701 4413 2794 4449; x_wconf 77' lang='lat' dir='ltr'>civ.</span> <span class='ocrx_word' id='word_1_506' title='bbox 2815 4402 2983 4448; x_wconf 76' lang='lat' dir='ltr'>Praxis</span> <span class='ocrx_word' id='word_1_507' title='bbox 3002 4403 3081 4447; x_wconf 84' lang='lat' dir='ltr'>lx.</span> 
     </span>
     <span class='ocr_line' id='line_1_40' title="bbox 329 4461 2259 4547; baseline -0.013 -11"><span class='ocrx_word' id='word_1_508' title='bbox 329 4488 456 4547; x_wconf 61' lang='grc' dir='ltr'><strong>ὀμ..</strong></span> <span class='ocrx_word' id='word_1_509' title='bbox 479 4488 528 4534; x_wconf 74' lang='lat'><strong>2.</strong></span> <span class='ocrx_word' id='word_1_510' title='bbox 543 4489 597 4535; x_wconf 86' lang='lat' dir='ltr'><strong>C.</strong></span> <span class='ocrx_word' id='word_1_511' title='bbox 614 4485 682 4533; x_wconf 77' lang='lat' dir='ltr'>de</span> <span class='ocrx_word' id='word_1_512' title='bbox 699 4496 853 4532; x_wconf 76' lang='lat' dir='ltr'>usur.</span> <span class='ocrx_word' id='word_1_513' title='bbox 873 4484 926 4528; x_wconf 78' lang='lat' dir='ltr'>el</span> <span class='ocrx_word' id='word_1_514' title='bbox 940 4476 1155 4533; x_wconf 76' lang='lat' dir='ltr'>fructib.</span> <span class='ocrx_word' id='word_1_515' title='bbox 1169 4475 1389 4534; x_wconf 75' lang='lat' dir='ltr'>leyator.</span> <span class='ocrx_word' id='word_1_516' title='bbox 1409 4482 1452 4516; x_wconf 76' lang='lat' dir='ltr'>s.</span> <span class='ocrx_word' id='word_1_517' title='bbox 1464 4466 1644 4527; x_wconf 70' lang='lat' dir='ltr'>fidele.</span> <span class='ocrx_word' id='word_1_518' title='bbox 1711 4479 1762 4525; x_wconf 84' lang='lat' dir='ltr'>p.</span> <span class='ocrx_word' id='word_1_519' title='bbox 1801 4461 1863 4511; x_wconf 88' lang='lat'>88</span> <span class='ocrx_word' id='word_1_520' title='bbox 1887 4476 1994 4523; x_wconf 86' lang='lat' dir='ltr'>sqq.</span> <span class='ocrx_word' id='word_1_521' title='bbox 2017 4465 2118 4521; x_wconf 78' lang='lat' dir='ltr'>(Nr.</span> <span class='ocrx_word' id='word_1_522' title='bbox 2139 4465 2259 4522; x_wconf 84' lang='lat' dir='ltr'><strong>vl.).</strong></span> 
     </span>
    </p>

    <p class='ocr_par' dir='ltr' id='par_1_10' title="bbox 261 4549 2493 4670">
     <span class='ocr_line' id='line_1_41' title="bbox 261 4549 1162 4611; baseline -0.01 -13"><span class='ocrx_word' id='word_1_523' title='bbox 261 4552 372 4609; x_wconf 77' lang='lat' dir='ltr'>(Vl,</span> <span class='ocrx_word' id='word_1_524' title='bbox 391 4549 491 4607; x_wconf 82' lang='grc'><strong>47.)</strong></span> <span class='ocrx_word' id='word_1_525' title='bbox 1152 4601 1162 4611; x_wconf 44' lang='lat'><strong>·</strong></span> 
     </span>
     <span class='ocr_line' id='line_1_42' title="bbox 334 4584 2493 4670; baseline -0.015 -10"><span class='ocrx_word' id='word_1_526' title='bbox 334 4612 384 4670; x_wconf 83' lang='grc'>4)</span> <span class='ocrx_word' id='word_1_527' title='bbox 405 4614 479 4659; x_wconf 74' lang='lat' dir='ltr'><strong>Cf.</strong></span> <span class='ocrx_word' id='word_1_528' title='bbox 502 4615 528 4668; x_wconf 78' lang='grc' dir='ltr'>ς</span> <span class='ocrx_word' id='word_1_529' title='bbox 546 4609 635 4658; x_wconf 77' lang='lat'>371</span> <span class='ocrx_word' id='word_1_530' title='bbox 659 4622 767 4669; x_wconf 71' lang='lat' dir='ltr'>sqq.</span> <span class='ocrx_word' id='word_1_531' title='bbox 801 4631 862 4641; x_wconf 90' lang='lat'>—</span> <span class='ocrx_word' id='word_1_532' title='bbox 896 4606 1096 4662; x_wconf 77' lang='lat' dir='ltr'>Except.</span> <span class='ocrx_word' id='word_1_533' title='bbox 1120 4600 1220 4647; x_wconf 78' lang='lat' dir='ltr'>vid.</span> <span class='ocrx_word' id='word_1_534' title='bbox 1246 4593 1405 4654; x_wconf 70' lang='lat'><strong>3729.</strong></span> <span class='ocrx_word' id='word_1_535' title='bbox 1427 4594 1643 4641; x_wconf 85' lang='lat' dir='ltr'>context.</span> <span class='ocrx_word' id='word_1_536' title='bbox 2323 4589 2349 4644; x_wconf 76' lang='lat' dir='ltr'>g</span> <span class='ocrx_word' id='word_1_537' title='bbox 2378 4584 2493 4636; x_wconf 74' lang='grc'><strong>748,</strong></span> 
     </span>
    </p>
   </div>
   <div class='ocr_carea' id='block_1_9' title="bbox 261 4671 2637 4795">
    <p class='ocr_par' dir='ltr' id='par_1_11' title="bbox 261 4671 2637 4795">
     <span class='ocr_line' id='line_1_43' title="bbox 261 4671 2637 4795; baseline -0.012 -9"><span class='ocrx_word' id='word_1_538' title='bbox 261 4671 728 4795; x_wconf 55' lang='grc' dir='ltr'><strong>ὃάὅῗῗῖἓῖῗ.7ἱ4.</strong></span> <span class='ocrx_word' id='word_1_539' title='bbox 755 4746 829 4791; x_wconf 76' lang='lat' dir='ltr'>pr.</span> <span class='ocrx_word' id='word_1_540' title='bbox 871 4733 925 4776; x_wconf 84' lang='grc' dir='ltr'>ι..</span> <span class='ocrx_word' id='word_1_541' title='bbox 947 4724 1370 4775; x_wconf 58' lang='lat' dir='ltr'>sauciemur.</span> <span class='ocrx_word' id='word_1_542' title='bbox 1394 4714 1643 4778; x_wconf 51' lang='lat' dir='ltr'>(xima.)</span> <span class='ocrx_word' id='word_1_543' title='bbox 1772 4715 1819 4770; x_wconf 84' lang='lat'>1)</span> <span class='ocrx_word' id='word_1_544' title='bbox 1840 4714 1893 4760; x_wconf 82' lang='lat'><strong>1..</strong></span> <span class='ocrx_word' id='word_1_545' title='bbox 1919 4711 2001 4760; x_wconf 68' lang='grc' dir='ltr'>ὅθ.</span> <span class='ocrx_word' id='word_1_546' title='bbox 2025 4725 2101 4770; x_wconf 74' lang='lat' dir='ltr'>pr.</span> <span class='ocrx_word' id='word_1_547' title='bbox 2126 4714 2179 4760; x_wconf 83' lang='lat'><strong>1..</strong></span> <span class='ocrx_word' id='word_1_548' title='bbox 2201 4710 2283 4759; x_wconf 86' lang='lat'><strong>60.</strong></span> <span class='ocrx_word' id='word_1_549' title='bbox 2316 4713 2574 4772; x_wconf 67' lang='lat' dir='ltr'>ndezeq.</span> <span class='ocrx_word' id='word_1_550' title='bbox 2599 4714 2637 4759; x_wconf 89' lang='lat'><strong>1.</strong></span> 
     </span>
    </p>
   </div>
   <div class='ocr_carea' id='block_1_10' title="bbox 261 4772 3090 4923">
    <p class='ocr_par' dir='ltr' id='par_1_12' title="bbox 261 4772 3090 4923">
     <span class='ocr_line' id='line_1_44' title="bbox 263 4772 3090 4857; baseline -0.01 -9"><span class='ocrx_word' id='word_1_551' title='bbox 263 4803 391 4847; x_wconf 87' lang='lat' dir='ltr'><strong>—L.</strong></span> <span class='ocrx_word' id='word_1_552' title='bbox 413 4800 492 4848; x_wconf 75' lang='lat'><strong>24.</strong></span> <span class='ocrx_word' id='word_1_553' title='bbox 516 4812 590 4857; x_wconf 84' lang='lat' dir='ltr'>pr.</span> <span class='ocrx_word' id='word_1_554' title='bbox 616 4799 666 4843; x_wconf 89' lang='lat' dir='ltr'>in</span> <span class='ocrx_word' id='word_1_555' title='bbox 689 4800 725 4842; x_wconf 77' lang='lat' dir='ltr'>l&#39;.</span> <span class='ocrx_word' id='word_1_556' title='bbox 741 4797 796 4841; x_wconf 91' lang='lat' dir='ltr'>D.</span> <span class='ocrx_word' id='word_1_557' title='bbox 817 4793 886 4841; x_wconf 80' lang='lat' dir='ltr'>de</span> <span class='ocrx_word' id='word_1_558' title='bbox 905 4804 1007 4840; x_wconf 76' lang='lat' dir='ltr'>usu</span> <span class='ocrx_word' id='word_1_559' title='bbox 1023 4792 1079 4837; x_wconf 81' lang='lat' dir='ltr'>et</span> <span class='ocrx_word' id='word_1_560' title='bbox 1094 4784 1269 4840; x_wconf 72' lang='lat' dir='ltr'>usufr.</span> <span class='ocrx_word' id='word_1_561' title='bbox 1293 4783 1392 4843; x_wconf 74' lang='lat' dir='ltr'>leq.</span> <span class='ocrx_word' id='word_1_562' title='bbox 1416 4780 1646 4839; x_wconf 76' lang='grc' dir='ltr'>(ΧΧΧΙΙΙ,</span> <span class='ocrx_word' id='word_1_563' title='bbox 1772 4779 1821 4836; x_wconf 79' lang='lat'>2)</span> <span class='ocrx_word' id='word_1_564' title='bbox 1844 4776 1946 4834; x_wconf 81' lang='lat' dir='ltr'>Dig.</span> <span class='ocrx_word' id='word_1_565' title='bbox 1971 4777 2131 4828; x_wconf 80' lang='lat' dir='ltr'>(xuu</span> <span class='ocrx_word' id='word_1_566' title='bbox 2151 4810 2166 4829; x_wconf 77' lang='grc'>,</span> <span class='ocrx_word' id='word_1_567' title='bbox 2184 4772 2253 4825; x_wconf 77' lang='lat'><strong>5.)</strong></span> <span class='ocrx_word' id='word_1_568' title='bbox 2275 4781 2329 4821; x_wconf 86' lang='lat' dir='ltr'>et</span> <span class='ocrx_word' id='word_1_569' title='bbox 2344 4776 2463 4823; x_wconf 91' lang='lat' dir='ltr'>Cod.</span> <span class='ocrx_word' id='word_1_570' title='bbox 2488 4776 2630 4832; x_wconf 79' lang='lat' dir='ltr'>(vlu,</span> <span class='ocrx_word' id='word_1_571' title='bbox 2650 4776 2720 4833; x_wconf 72' lang='grc' dir='ltr'><strong>ὅ.)</strong></span> <span class='ocrx_word' id='word_1_572' title='bbox 2740 4773 2889 4847; x_wconf 72' lang='lat' dir='ltr'>quod</span> <span class='ocrx_word' id='word_1_573' title='bbox 2899 4775 3090 4835; x_wconf 67' lang='lat' dir='ltr'>leonto-</span> 
     </span>
     <span class='ocr_line' id='line_1_45' title="bbox 261 4834 3087 4923; baseline -0.01 -11"><span class='ocrx_word' id='word_1_574' title='bbox 261 4865 341 4923; x_wconf 78' lang='lat'><strong>5.)</strong></span> <span class='ocrx_word' id='word_1_575' title='bbox 366 4865 411 4920; x_wconf 75' lang='lat' dir='ltr'>(S</span> <span class='ocrx_word' id='word_1_576' title='bbox 428 4861 542 4911; x_wconf 82' lang='grc'><strong>746.</strong></span> <span class='ocrx_word' id='word_1_577' title='bbox 567 4860 770 4916; x_wconf 87' lang='lat' dir='ltr'><strong>not.1.).</strong></span> <span class='ocrx_word' id='word_1_578' title='bbox 1712 4852 1853 4888; x_wconf 82' lang='lat' dir='ltr'>rum.</span> <span class='ocrx_word' id='word_1_579' title='bbox 1870 4837 1995 4886; x_wconf 63' lang='lat' dir='ltr'>—CR</span> <span class='ocrx_word' id='word_1_580' title='bbox 2012 4838 2127 4886; x_wconf 80' lang='lat'><strong>1..1.</strong></span> <span class='ocrx_word' id='word_1_581' title='bbox 2152 4834 2244 4894; x_wconf 71' lang='grc'><strong>34.</strong></span> <span class='ocrx_word' id='word_1_582' title='bbox 2270 4840 2324 4887; x_wconf 87' lang='lat' dir='ltr'><strong>D.</strong></span> <span class='ocrx_word' id='word_1_583' title='bbox 2348 4838 2467 4886; x_wconf 80' lang='lat' dir='ltr'>eod.</span> <span class='ocrx_word' id='word_1_584' title='bbox 2494 4864 2554 4874; x_wconf 90' lang='lat'>—-</span> <span class='ocrx_word' id='word_1_585' title='bbox 2577 4837 2821 4888; x_wconf 74' lang='lat' dir='ltr'>Itoulurt</span> <span class='ocrx_word' id='word_1_586' title='bbox 2843 4839 2880 4884; x_wconf 90' lang='lat' dir='ltr'>l.</span> <span class='ocrx_word' id='word_1_587' title='bbox 2908 4840 2940 4885; x_wconf 91' lang='lat' dir='ltr'>l.</span> <span class='ocrx_word' id='word_1_588' title='bbox 2967 4839 3025 4884; x_wconf 84' lang='grc' dir='ltr'><strong>Τ.</strong></span> <span class='ocrx_word' id='word_1_589' title='bbox 3051 4840 3087 4883; x_wconf 92' lang='lat' dir='ltr'>l.</span> 
     </span>
    </p>
   </div>
   <div class='ocr_carea' id='block_1_11' title="bbox 337 4900 1918 4985">
    <p class='ocr_par' dir='ltr' id='par_1_13' title="bbox 337 4900 1918 4985">
     <span class='ocr_line' id='line_1_46' title="bbox 337 4900 1918 4985; baseline -0.013 -13"><span class='ocrx_word' id='word_1_590' title='bbox 337 4924 387 4985; x_wconf 81' lang='lat'>6)</span> <span class='ocrx_word' id='word_1_591' title='bbox 408 4927 459 4972; x_wconf 84' lang='lat'>1..</span> <span class='ocrx_word' id='word_1_592' title='bbox 482 4927 530 4973; x_wconf 78' lang='lat'><strong>3.</strong></span> <span class='ocrx_word' id='word_1_593' title='bbox 552 4921 695 4973; x_wconf 56' lang='grc' dir='ltr'>(λάε</span> <span class='ocrx_word' id='word_1_594' title='bbox 737 4931 890 4968; x_wconf 80' lang='lat' dir='ltr'>usur.</span> <span class='ocrx_word' id='word_1_595' title='bbox 929 4922 984 4964; x_wconf 76' lang='lat' dir='ltr'>et</span> <span class='ocrx_word' id='word_1_596' title='bbox 1020 4911 1236 4968; x_wconf 75' lang='lat' dir='ltr'>fructib.</span> <span class='ocrx_word' id='word_1_597' title='bbox 1281 4910 1508 4969; x_wconf 76' lang='lat' dir='ltr'>leqator.</span> <span class='ocrx_word' id='word_1_598' title='bbox 1552 4917 1648 4952; x_wconf 79' lang='lat' dir='ltr'>seu</span> <span class='ocrx_word' id='word_1_599' title='bbox 1718 4916 1771 4963; x_wconf 90' lang='lat' dir='ltr'>p.</span> <span class='ocrx_word' id='word_1_600' title='bbox 1808 4900 1918 4952; x_wconf 82' lang='lat'><strong>519.</strong></span> 
     </span>
    </p>
   </div>
  </div>
 </body>
</html>
