3544 5506
512 299 621 354 544
1260 310 1409 351 rus
1445 308 1606 351 senc.
1647 310 1763 351 us.
1805 310 1903 351 111.
1942 310 2020 352 nn
2056 310 2580 354 onionmmnus.

511 442 585 486 ex
617 439 696 485 eo
731 419 914 482 facile
948 421 1376 496 judicabitur,
1424 423 1597 494 quod
1625 421 1710 480 de
1736 423 2077 496 utriusque
2112 423 2301 495 hujus
2327 419 2502 482 vocis
2534 431 2601 482 et
2642 408 2900 483 nomine
2941 432 3009 484 et
3036 426 3303 486 notione

510 537 701 595 supra
731 520 778 595 (S
802 517 973 589 852.)
1003 534 1041 575 a
1063 518 1247 576 nobis
1269 518 1629 591 expositum
1655 525 1752 577 est
1769 516 1844 592 ⁸).

1033 704 1058 776 ξ
1088 696 1231 758 555.
1266 697 1367 769 111)
1397 697 1480 753 Dc
1504 694 1738 773 reliquis
1762 695 2179 773 obliqats'onum
2196 697 2380 756 causis
2409 699 2764 759 summatim.

588 881 967 941 Exoriuntur
997 895 1477 953 nonnumquam
1513 880 1931 952 obligationes
1949 884 2015 939 et
2039 878 2199 937 citra
2221 878 2669 951 obligatorium
2698 873 3001 937 debitoris
3021 878 3258 935 factum
3280 917 3296 943 ‚

507 999 582 1042 ex
610 984 742 1040 sola
777 982 1098 1054 aequitate
1136 976 1378 1051 legibus
1419 980 1657 1051 agnita.
1696 983 1767 1036 Et
1800 994 1992 1037 causa
2020 995 2244 1037 earum
2287 994 2425 1037 esse
2448 973 2625 1037 varia
2650 985 2894 1051 potest,
2925 980 3101 1036 velut
3122 977 3299 1035 debi-

506 1079 660 1137 toris
689 1093 884 1135 nexus
913 1084 1023 1134 aut
1065 1093 1211 1134 cum
1239 1077 1341 1144 iis,
1379 1078 1551 1135 unde
1582 1070 2075 1148 proficiscuntur
2102 1073 2268 1133 facta
2302 1075 2676 1146 obligatoria
2705 1069 2786 1147 ¹),
2836 1080 2949 1132 aut
2979 1090 3125 1132 cum
3160 1090 3300 1131 cre·

504 1179 783 1236 ditor-um
808 1177 1094 1250 personis
1109 1172 1151 1250 2)
1180 1195 1197 1249 ;
1223 1181 1560 1248 praeterea
1589 1175 1877 1248 aequitas
1899 1218 1917 1250 ,
1956 1191 2123 1248 quae
2155 1177 2524 1248 provideat,
2564 1192 2646 1232 ne
2678 1176 2817 1248 quis
2851 1187 2999 1233 cum
3035 1175 3299 1232 alterius

503 1276 737 1332 damno
757 1274 1006 1330 lucrum
1030 1272 1294 1343 sentiat,
1334 1286 1609 1343 suasque
1652 1270 1764 1327 sibi
1793 1286 1895 1328 res
1925 1278 2263 1329 conservet
2292 1267 2356 1343 ³).
2383 1278 2517 1328 tum
2548 1286 2702 1328 vero
2727 1272 2955 1342 culpae
2978 1270 3298 1341 negligen-

504 1372 705 1430 tiaeve
745 1371 1133 1444 praesumtio
1152 1369 1228 1445 ⁴),
1264 1365 1542 1443 denique
1579 1376 1795 1428 certae
1837 1370 1929 1428 rei
1958 1371 2266 1443 possessio
2287 1367 2356 1441 ὅ).
2399 1374 2572 1448 Quae
2613 1371 2870 1442 quidem
2900 1371 3020 1427 hoc
3058 1370 3119 1425 in
3154 1370 3298 1428 loco

503 1467 843 1526 universim
881 1466 1156 1524 innuisse
1181 1460 1448 1524 sufficiat
1466 1509 1482 1537 ‚
1513 1460 1824 1538 siquidem
1845 1467 2130 1538 singulae
2161 1466 2388 1524 harum
2423 1466 2887 1538 obligationum
2912 1480 3142 1524 causae
3168 1461 3296 1523 suis

503 1582 795 1640 quaeque
815 1566 968 1624 locis
995 1566 1450 1640 relinquendae
1475 1573 1647 1624 sunt.

1707 1807 1939 1864 CAPUT
1979 1807 2083 1863 111.

575 2011 648 2051 DE
687 2010 867 2064 June,
909 2012 974 2052 nt
1010 2011 1129 2062 Quo
1169 2011 1474 2056 VERSATUR
1513 2009 1877 2065 OBLIGAT10‚
1917 2011 1968 2053 S.
2010 2011 2085 2053 DE
2122 2009 2546 2053 OBLtoAuoms
2580 2009 2886 2062 MATERIA,
2931 2009 2996 2049 vl
3035 2006 3237 2059 ATQUE

1758 2107 2031 2148 EFFECTU.

963 2283 1150 2361 §556.
1189 2288 1231 2341 l.
1274 2283 1357 2341 De
1382 2283 1628 2342 materia
1654 2281 2063 2360 obliqationum
2082 2284 2151 2357 A)
2178 2289 2479 2361 praecepta
2505 2278 2811 2358 generalia.

581 2480 843 2534 Possunt
870 2483 933 2535 et
958 2493 1054 2535 res
1075 2519 1093 2549 ‚
1141 2485 1214 2535 ut
1254 2478 1513 2551 proprie
1557 2478 1858 2536 dicuntur
1881 2475 1927 2554 (§
1953 2478 2149 2553 212.),
2192 2478 2256 2535 in
2287 2477 2671 2549 obligatione
2700 2490 2836 2533 esse
2856 2521 2871 2546 ‚
2923 2479 2988 2531 et
3020 2470 3190 2529 facta
3218 2467 3278 2544 Ι).

499 2577 844 2634 Universim
871 2585 1083 2635 autem
1120 2578 1199 2635 de
1225 2578 1686 2649 obligationum
1718 2579 1984 2637 materia
2005 2622 2021 2654 ‚
2042 2585 2299 2650 praeter
2321 2594 2399 2635 ea
2419 2625 2434 2648 ‚
2470 2592 2636 2650 quae
2661 2590 2851 2651 supra
2869 2617 2885 2649 ‚
2912 2576 2993 2631 «le
3014 2586 3287 2630 conven-

498 2670 774 2733 tionibus
812 2676 1227 2746 disserentes,
1261 2678 1325 2734 in
1354 2679 1633 2735 medium
1679 2679 2056 2751 protulimus
2096 2676 2142 2753 (§
2168 2677 2373 2751 55⁴3,
2406 2677 2566 2736 haec
2609 2677 2800 2734 etiam
2835 2671 3284 2747 praecipienda

499 2782 678 2833 sunt:
706 2775 765 2849 1)
797 2780 914 2835 Per
933 2793 1147 2836 rerum
1184 2786 1481 2837 naturam
1511 2787 1582 2836 ut
1608 2795 1743 2838 esse
1777 2786 1887 2839 aut
1916 2779 2050 2840 lieri
2080 2780 2275 2852 possit
2301 2793 2559 2837 necesse
2590 2783 2685 2835 est
2706 2821 2722 2846 ‚
2750 2776 2923 2849 quod
2949 2774 3014 2830 in
3044 2773 3285 2841 obliga·

561 2971 608 3029 8)
637 2971 818 3028 Quibus
841 2970 1039 3031 quidem
1063 2973 1291 3020 adhibitis
1312 2973 1700 3020 distinctionibus
1723 2975 1857 3020 nullo
1920 2982 1991 3022 est
2017 3011 2030 3026 ..
2054 2988 2230 3036 magna
2278 2977 2419 3034 culpa
2466 2974 2605 3020 dolus
2637 2979 2728 3017 est.
2762 2992 2784 3012 υ
2831 2996 2887 3004 -
2922 2971 3098 3015 Has-se
3130 2967 3281 3022 eulpa

498 3036 692 3092 negotio
715 3036 948 3092 explicari
968 3037 1142 3093 poterit
1162 3036 1213 3082 1..
1237 3036 1285 3082 5.
1305 3037 1331 3092 S
1352 3037 1398 3081 2.
1432 3037 1488 3082 D.
1520 3033 1852 3083 commodati.
1919 3052 1967 3097 p.
1992 3036 2163 3087 276.-
2184 3037 2340 3086 Kritz
2361 3041 2398 3085 l.
2418 3038 2452 3081 l.
2477 3049 2526 3095 p.
2554 3034 2633 3082 3⁴.
2655 3032 2814 3092 ³503
2833 3031 2885 3077 L.
2913 3030 2990 3078 103.
3011 3032 3038 3086 ς
3061 3030 3110 3076 1.
3137 3030 3192 3074 D.
3212 3027 3285 3074 de

499 3113 526 3140 «ι
550 3099 687 3144 Nunc
708 3098 966 3144 videndum
1004 3104 1075 3143 est
1091 3132 1106 3156 ‚
1131 3099 1247 3156 quid
1283 3101 1443 3145 veniat
1475 3099 1526 3144 in
1559 3101 1854 3146 commodati
1915 3101 2057 3161 piyn.
2080 3106 2185 3150 act.
2230 3119 2252 3139 u
2268 3102 2589 3148 Venitautem
2607 3100 2657 3144 in
2684 3097 2774 3143 hac
2795 3095 2987 3142 actione
3004 3098 3055 3138 et
3073 3093 3216 3163 dolus
3233 3094 3282 3135 et

499 3161 688 3207 actione
708 3175 718 3202 :
742 3166 905 3207 utrum
928 3162 1086 3212 dolus,
1110 3173 1169 3206 an
1185 3167 1233 3206 et
1253 3164 1415 3218 culpa..
1435 3172 1498 3206 an
1510 3174 1624 3207 vero
1641 3167 1689 3207 et
1710 3173 1855 3208 omne
1919 3167 2059 3222 culpa
2075 3201 2089 3222 ‚
2113 3170 2167 3211 ut
2198 3164 2245 3209 in
2282 3163 2592 3210 commodato
2614 3176 2627 3220 3
2673 3160 2805 3205 venit
2840 3160 2889 3203 et
2926 3156 3176 3202 custodis:
3208 3153 3283 3198 vis

497 3223 800 3280 periculum?
839 3222 896 3271 Et
932 3224 1129 3280 quidem
1173 3225 1221 3268 in
1257 3225 1585 3270 contractibus
1603 3225 1852 3270 interdum
1916 3227 2073 3282 major
2094 3240 2193 3273 non
2215 3228 2405 3271 venitm
2426 3227 2506 3282 (L.
2532 3223 2608 3270 19.
2633 3221 2686 3269 C.
2709 3221 2776 3268 de
2792 3219 3051 3278 piynort'b·
3075 3223 3134 3265 et
3152 3216 3278 3272 'UT’-

497 3285 663 3331 ‹iolum
701 3289 889 3344 solum,
922 3287 1166 3332 interdum
1191 3292 1240 3331 et
1277 3289 1470 3345 culpam
1507 3293 1811 3346 praestamus
1834 3303 1847 3333 :
1916 3288 2171 3347 (thl,t4.)
2196 3314 2254 3322 —-
2278 3291 2451 3336 Hasse
2474 3289 2622 3344 Culpa
2645 3299 2693 3344 p.
2719 3284 2828 3330 211.
2851 3287 2899 3328 et
2921 3295 2968 3339 p.
2991 3275 3104 3328 23⁴.
3132 3303 3191 3313 —-·
3216 3279 3283 3324 Ο·

495 3348 663 3394 dolum
697 3349 745 3395 in
779 3348 1025 3407 deposito;
1049 3359 1162 3394 nam
1205 3349 1320 3406 quia
1355 3351 1485 3395 nulla
1529 3350 1710 3395 utilitas
1743 3350 1851 3405 ejus
1915 3353 2083 3398 mnino
2103 3358 2268 3398 autem
2291 3353 2339 3397 in
2374 3350 2504 3397 hunc
2528 3351 2687 3395 locum
2710 3349 2775 3394 cf.
2801 3350 2852 3393 et
2893 3346 3044 3392 etiam
3066 3338 3289 3391 Helene!

493 3416 728 3465 versatur„
752 3413 881 3468 apud
896 3421 1043 3469 quem
1062 3411 1343 3468 deponitur,
1355 3414 1529 3458 merito
1549 3413 1691 3458 dotus
1707 3423 1848 3469 prae-
1908 3414 2062 3463 Lehre
2086 3427 2194 3462 vom
2217 3415 2626 3461 schadensersatz
2646 3400 2894 3468 §21-24.

492 3476 649 3518 statur
677 3474 806 3519 solus
828 3507 841 3528 ,
880 3473 973 3519 nisi
1010 3472 1134 3517 forte
1167 3477 1218 3518 et
1255 3484 1440 3520 merces
1471 3474 1704 3520 accessit:
1732 3479 1846 3522 tunc

493 3535 623 3580 enim
639 3568 654 3588 ,
677 3540 729 3580 ιιι
761 3539 834 3580 est
868 3535 1186 3582 constitutum
1207 3569 1222 3589 ,
1244 3540 1293 3579 et
1323 3538 1463 3594 culpa
1485 3536 1756 3582 exhibetur.
1783 3560 1843 3568 —-
2529 3537 2556 3591 S
2575 3534 2689 3584 555.

494 3597 586 3641 Sed
607 3598 690 3644 ubi
711 3598 962 3656 utriusque
986 3598 1166 3643 utilitas
1203 3596 1435 3656 vertitur,
1458 3604 1511 3643 ut
1534 3599 1582 3642 in
1604 3603 1737 3642 emto
1753 3631 1768 3655 ‚
1790 3603 1846 3645 ut

497 3661 545 3704 in
566 3661 742 3715 locato,
764 3666 816 3705 ut
838 3661 885 3705 in
908 3662 1042 3714 dote,
1058 3664 1113 3704 ut
1134 3660 1182 3704 in
1202 3660 1421 3716 pignore,
1445 3664 1498 3705 ut
1521 3661 1570 3705 in
1589 3662 1843 3707 societate:
1986 3664 2030 3719 1)
2055 3665 2165 3711 vid.
2188 3662 2411 3722 inprimis
2447 3662 2566 3708 inst.
2590 3662 2606 3719 (
2629 3662 2688 3707 lv
2714 3694 2729 3720 ‚
2751 3658 2798 3707 7.
2826 3661 2844 3718 )
2867 3656 3147 3716 quodcum
3166 3667 3232 3703 eo
3254 3689 3272 3718 ,

492 3727 542 3765 et
562 3722 701 3768 dolus
721 3726 770 3767 et
789 3724 932 3781 culpa
953 3726 1246 3778 praestatur.
1275 3723 1646 3768 commodatum
1681 3728 1846 3769 autem
1911 3723 2075 3784 quiin
2111 3725 2288 3773 aliena
2310 3728 2579 3781 potestate
2606 3728 2688 3770 est
2704 3757 2724 3786 ,
2766 3720 3031 3784 neqotium
3060 3723 3274 3781 gestum

492 3784 775 3841 plerumque
812 3787 967 3832 solam
1012 3784 1275 3828 utilitatem
1331 3785 1548 3830 continet
1588 3784 1694 3839 eJus
1713 3818 1728 3839 ‚
1769 3786 1847 3831 cui
1910 3800 2028 3834 esse
2071 3787 2286 3836 dicatur·
2310 3803 2328 3843 ,-
2373 3792 2423 3833 et
2463 3788 2479 3846 (
2504 3788 2582 3846 lv,
2603 3784 2691 3844 8.)
2729 3787 2797 3833 de
2830 3783 3068 3832 noxalib.
3103 3781 3278 3832 actio-

491 3847 829 3894 commodatur
850 3863 859 3893 ε
884 3852 932 3892 et
953 3847 1062 3892 ideo
1084 3848 1241 3891 verior
1262 3851 1334 3893 est
1363 3847 1452 3902 Qu.
1478 3847 1625 3892 Mucii
1650 3853 1847 3893 senten·
1910 3849 2085 3897 nibus.

494 3909 560 3954 tia
589 3909 909 3957 existimantis
925 3943 940 3960 ,
973 3914 1021 3953 et
1041 3910 1232 3964 culpam
1270 3910 1640 3968 praestandam,
1660 3915 1709 3953 et
1730 3909 1847 3955 dili·
1974 3913 2022 3970 2)
2040 3914 2112 3959 Cf.
2136 3925 2277 3970 supra
2298 3911 2453 3968 3911.

489 3972 720 4027 gentiam.
742 3988 767 4016 ιι
788 3974 854 4030 (v.
881 3971 1052 4017 Loelu·
1068 3971 1274 4017 Theorie
1295 3972 1382 4017 der
1403 3973 1552 4030 Culpa
1574 3983 1621 4028 p.
1644 3969 1722 4018 47.
1739 3970 1846 4031 ⁴8.)
1971 3974 2019 4032 ὅ)
2040 3979 2088 4034 a)
2107 3978 2158 4022 1..
2177 3974 2288 4022 206.
2314 3977 2368 4022 D.
2391 3977 2458 4022 de
2480 3976 2716 4036 madar.
2754 3995 2809 4004 --
2845 3972 2899 4017 L.
2922 3968 2972 4017 ὅ.
2994 3972 3024 4026 S
3052 3969 3102 4018 4.
3128 3972 3184 4016 D.
3208 3970 3279 4016 de

494 4034 628 4080 ——CL
652 4038 703 4079 et
726 4036 776 4082 L.
799 4033 880 4082 ⁴7.
901 4031 988 4088 35.
1011 4036 1066 4080 D.
1089 4033 1155 4081 de
1175 4034 1272 4093 leq.
1295 4036 1331 4080 l.
1361 4040 1413 4079 et
1443 4036 1495 4080 L.
1536 4032 1610 4080 18.
1634 4045 1708 4092 pr.
1729 4036 1778 4080 in
1803 4035 1839 4082 t'.
1911 4042 2081 4096 neqot.
2112 4042 2244 4100 qest.
2273 4037 2374 4094 (111,
2393 4037 2464 4097 5.)
2499 4063 2554 4071 -
2590 4037 2693 4093 Dig.
2720 4034 2860 4093 (XV,
2882 4034 2931 4079 5.
2956 4034 2972 4091 )
2994 4034 3063 4080 de
3083 4032 3277 4080 int-em

491 4094 545 4139 D.
569 4097 823 4144 commod.
848 4123 907 4131 -
925 4108 973 4141 υ.
999 4097 1168 4142 Loehr
1189 4098 1331 4143 Beitr.
1359 4108 1404 4153 p.
1430 4094 1522 4145 214
1546 4109 1649 4155 sqq.
1676 4121 1730 4129 -—
1758 4100 1843 4142 At·
1906 4111 2079 4148 ver-so.
2112 4125 2175 4136 --
2209 4101 2278 4157 b)
2317 4102 2420 4158 mg,
2454 4101 2618 4161 (mv,
2638 4099 2722 4157 2.)
2759 4098 2826 4144 de
2867 4100 2925 4144 L.
2967 4096 3177 4144 Rhodia
3208 4093 3283 4141 de

491 4168 586 4214 que
609 4157 830 4206 similiter
845 4161 897 4205 1..
925 4159 1002 4204 25.
1028 4159 1082 4204 D.
1104 4159 1173 4206 de
1207 4170 1315 4218 req.
1339 4161 1455 4214 jur.
1478 4160 1841 4217 interpretanda
1892 4166 2074 4218 jactu.

488 4224 580 4274 est,
597 4221 659 4266 de
690 4222 828 4277 cujus
845 4229 1010 4268 tamen
1032 4223 1124 4266 loci
1140 4227 1189 4267 et
1212 4223 1416 4268 lectione
1427 4228 1477 4266 et
1500 4233 1639 4267 sensu
1662 4222 1841 4267 acriter
1964 4223 2011 4282 4)
2034 4227 2081 4282 a)
2102 4226 2201 4284 mg.
2226 4232 2243 4285 (
2267 4229 2348 4280 lx,
2369 4227 2417 4272 3.
2439 4227 2455 4283 )
2477 4225 2544 4274 de
2565 4222 2644 4271 his
2664 4256 2682 4284 ,
2726 4223 2819 4281 qm·
2856 4219 3170 4281 effuderint,
3195 4218 3284 4264 vel

489 4281 793 4329 interductos
813 4285 1099 4344 disputatur.
1120 4285 1390 4331 florentiae
1404 4285 1839 4343 italegiturzucou-
1902 4288 2209 4343 dejecerint.
2236 4315 2290 4323 —
2318 4290 2383 4346 b)
2409 4291 2461 4335 L.
2486 4288 2533 4334 1.
2558 4289 2584 4344 S
2606 4286 2651 4334 1.
2676 4290 2724 4332 et
2744 4288 2792 4332 3.
2815 4287 2869 4332 D.
2896 4286 3124 4344 nautae,
3143 4293 3279 4330 case—

486 4348 672 4390 tractus
694 4348 891 4403 quidam
913 4349 1077 4393 dolum
1101 4348 1280 4391 malum
1294 4347 1802 4404 dumtaxatrecipiuut
1821 4381 1836 4403 ,
1895 4363 2086 4412 pones,
2111 4350 2410 4412 stabulat-ll,
2439 4355 2500 4397 ut
2519 4353 2734 4405 recepta
2758 4346 3059 4395 restituant
3078 4341 3277 4404 (lv,9.)

488 4406 686 4463 quidam
706 4411 942 4456 etdolum
971 4416 1020 4454 et
1041 4411 1232 4465 culpam
1253 4420 1269 4467 ς
1293 4411 1458 4456 dolum
1499 4415 1689 4456 tantum
1714 4423 1727 4454 ι
1750 4409 1839 4453 de·
1900 4437 1960 4446 —-
1997 4415 2047 4460 l..
2074 4425 2157 4460 un.
2178 4412 2265 4470 35.
2286 4413 2333 4459 6.
2361 4415 2414 4458 D.
2435 4410 2568 4467 furti
2587 4411 2850 4457 adversus
2869 4412 3077 4456 nautas
3100 4442 3118 4470 ,
3142 4419 3276 4456 eme·

486 4470 696 4524 positum
717 4477 763 4517 et
788 4473 1085 4530 precarium3
1106 4472 1270 4517 dolum
1303 4478 1354 4517 et
1388 4471 1585 4529 culpam
1607 4488 1617 4517 :
1640 4470 1839 4517 manda·
1894 4488 2084 4534 pones,
2110 4476 2435 4524 stabularios
2457 4475 2653 4533 (xum,
2678 4469 2747 4529 5.)

488 4533 613 4586 tum,
636 4536 1018 4590 commodatum,
1039 4534 1286 4578 venditum
1302 4566 1318 4589 ‚
1333 4535 1521 4591 pignori
1555 4538 1835 4592 acceptum,
1961 4536 2011 4596 5)
2033 4540 2086 4583 V.
2102 4552 2146 4584 c.
2172 4540 2273 4597 Dig.
2292 4539 2369 4595 (x,
2388 4535 2456 4596 ⁴.)
2478 4537 2556 4584 ad
2570 4533 2947 4584 exhibendum.
2965 4557 3023 4566 -—
3043 4532 3273 4591 (XXXIX,

486 4592 721 4663 locatum,
743 4598 860 4641 item
879 4598 1004 4643 dotis
1027 4596 1187 4651 datio,
1212 4597 1396 4645 tutelae
1411 4633 1427 4658 ‚
1451 4599 1643 4655 negotia
1662 4601 1795 4653 gesta
1817 4628 1832 4652 ‚
1899 4597 1972 4657 2.)
1993 4600 2061 4647 de
2081 4602 2277 4648 damno
2309 4599 2527 4653 infecto.
2565 4620 2627 4634 --
2661 4598 2885 4656 (xxxix,
2908 4591 2981 4655 ὅ.)
3003 4593 3073 4642 de
3095 4603 3280 4654 aquae

484 4665 539 4700 m
556 4655 637 4701 liis
654 4658 866 4715 quidem
905 4664 959 4706 ee
998 4658 1316 4717 diliqentiam
1335 4692 1354 4719 ,
1377 4661 1581 4707 societas
1600 4666 1646 4706 et
1668 4669 1833 4704 rerum
1898 4663 2112 4718 pluviae
2130 4665 2407 4712 arcendae
2429 4662 2657 4710 actione.
2681 4660 2779 4707 rel.

481 4721 764 4765 communio
778 4725 828 4766 et
844 4723 1007 4768 dolum
1026 4725 1074 4766 et
1095 4724 1287 4778 culpam
1307 4724 1493 4782 recipit.
1512 4721 1834 4778 (Vid.Sclsoe-

483 4789 612 4826 man
640 4781 738 4835 jur.
765 4784 958 4841 Fragm.
993 4796 1041 4841 p.
1064 4781 1126 4830 99
1149 4805 1210 4817 —
1234 4782 1346 4830 1οι1.
1370 4811 1427 4819 -
1462 4788 1636 4832 Hasse
1669 4785 1819 4841 culpa
2484 4785 2509 4844 ς
2541 4783 2654 4833 356.

484 4854 533 4900 p.
557 4840 652 4889 295
674 4855 779 4902 sqq.
803 4849 851 4890 et
872 4845 1103 4892 zeitschr.
1142 4859 1191 4904 p.
1216 4844 1309 4892 210
1341 4871 1396 4879 -
1432 4845 1565 4904 215.)
1587 4873 1644 4881 -
1682 4846 1755 4892 Cf.
1780 4853 1830 4894 et.

483 4904 539 4951 L.
565 4903 675 4954 220.
710 4907 764 4954 D.
788 4906 855 4956 de
872 4910 944 4958 V.
967 4909 1021 4956 S.
1056 4908 1119 4968 (ιι
1151 4909 1323 4967 Magna
1359 4909 1656 4969 negligentia
1686 4911 1829 4972 culpa
1954 4914 1999 4974 1)
2016 4914 2069 4962 L.
2092 4913 2139 4962 2.
2164 4925 2236 4974 pr.
2256 4914 2312 4961 D.
2335 4913 2402 4962 de
2425 4913 2497 4963 V.
2517 4914 2576 4959 0.
2596 4910 2749 4974 (ΧΙΝ,
2774 4909 2840 4973 1.)
