3544 5506
450 264 563 322 538
1188 278 1342 320 puts
1379 278 1537 321 sm.
1578 279 1697 322 un.
1739 280 1838 322 111.
1880 280 1957 323 bn
1988 280 2517 324 omGAoelomntJS.

445 390 536 450 sic
576 396 826 460 tamen,
864 395 968 459 ut,
1020 387 1070 447 si
1097 402 1176 447 ex
1219 389 1636 462 promissione
1678 386 1892 464 operis
1935 392 2151 466 coepti
2182 393 2628 466 proficiscatur
2667 395 3004 468 obligatio,
3046 403 3244 471 atque

444 492 656 545 totum
700 485 1089 558 perficiendo
1119 486 1199 542 ad
1243 492 1589 558 egestatem
1634 488 2107 560 perduceretur
2148 489 2560 564 promittens,
2600 495 2668 549 et
2711 490 2846 564 ipse
2881 498 2949 550 et
2977 487 3248 554 heredes

443 582 584 661 ejus
611 579 893 640 extranei
931 581 1252 655 quintam,
1300 580 1481 640 liberi
1510 578 1705 655 ipsius
1742 598 1877 641 non
1918 584 2035 642 nisi
2076 585 2392 644 decimam
2443 580 2812 661 patrimonii
2855 594 3103 660 partem
3137 591 3249 648 de-

443 682 640 739 beant
666 678 758 750 ιι).
795 679 902 739 Sin
939 686 1206 754 propter
1233 681 1550 740 honorem
1579 681 1915 754 promissio
1941 681 2110 741 sacta
2135 682 2249 754 sit,
2277 690 2343 741 at
2371 699 2503 741 non
2540 684 2845 758 praestito
2866 686 3115 745 honore
3133 688 3247 745 de-

445 776 708 841 cesserit
749 777 1132 854 promittens
1157 824 1173 852 ,
1223 781 1491 840 heredes
1531 782 1669 855 ejus
1707 782 1860 840 nihil
1896 783 2171 853 debent,
2214 778 2333 842 nisi
2367 783 2502 858 jam
2532 783 2779 856 impleri
2809 791 3108 859 coeptum
3150 793 3248 845 est

442 877 857 951 promissum,
904 892 1041 950 quo
1073 876 1249 935 facto
1277 877 1431 935 item
1454 878 1739 937 extranei
1761 879 2030 937 heredes
2062 878 2125 936 in
2153 879 2477 951 quintam,
2507 880 2686 939 liberi
2729 881 3152 953 promittentis
3180 883 3247 940 in

442 972 752 1036 decimam
778 977 1145 1049 patrimonii
1169 988 1418 1050 partem
1448 984 1753 1037 tenentur
1771 1025 1789 1051 ,
1830 979 1947 1036 nisi
1972 980 2317 1051 perticere,
2344 981 2519 1052 quod
2549 980 2922 1040 inchoatum
2949 987 3077 1051 est,
3110 997 3245 1040 ma-

439 1076 558 1134 lint
579 1074 674 1150 12).
722 1074 786 1150 5)
828 1076 1057 1150 Utique
1086 1083 1304 1136 autem
1329 1072 1574 1150 impleri
1600 1078 1839 1137 debent
1872 1078 2307 1149 conditiones,
2336 1095 2495 1151 quas
2524 1079 2780 1152 quidem
2820 1080 3084 1140 honeste
3118 1096 3242 1140 nec

442 1179 672 1231 contra
696 1172 1086 1246 reipublicae
1113 1173 1385 1231 salutem
1410 1169 1644 1247 adjecit
1680 1174 2059 1247 promittens
2088 1172 2182 1248 ¹³).
2224 1178 2438 1248 Neque
2468 1191 2622 1234 vero
2656 1191 2804 1235 cum
2834 1177 3241 1249 pollicitatio-

440 1271 628 1328 nibus
654 1267 1166 1328 commiscendae
1199 1274 1348 1325 sunt
1393 1269 1764 1340 sponsiones
1805 1269 2062 1328 incertis
2093 1270 2382 1342 personis
2422 1278 2689 1344 propter
2730 1271 3014 1330 futuram
3049 1288 3238 1345 prae·

438 1369 773 1429 stationem
795 1368 1019 1437 sactae,
1046 1367 1300 1443 (vocant
1319 1384 1336 1425 ε
1359 1366 1809 1445 Auslobunqen);
1836 1385 2005 1443 quae
2025 1370 2284 1442 quidem
2310 1370 2808 1429 conventionum
2829 1372 3070 1445 species
3089 1380 3239 1431 sunt

436 1485 659 1528 earum
682 1468 910 1526 similes
932 1509 949 1536 ,
993 1469 1164 1525 unde
1207 1469 1614 1541 praescriptis
1641 1465 1853 1527 verbis
1882 1466 2163 1543 experiri
2194 1477 2675 1529 consueverunt
2701 1470 2998 1542 Romani,
3029 1487 3239 1546 quan-

439 1569 784 1641 doquidem
810 1581 942 1625 non
982 1574 1175 1625 antea
1219 1566 1507 1641 perfecta
1548 1564 1836 1627 nascitur
1874 1568 2218 1641 obligatio,
2266 1584 2462 1642 quam
2509 1570 2883 1644 praestitum
2923 1566 3004 1628 sit
3041 1570 3233 1642 illud,

438 1669 620 1744 cujus
643 1662 902 1726 nomine
928 1666 1096 1725 sacta
1126 1673 1221 1729 est
1247 1668 1502 1741 sponsio
1526 1665 1617 1740 ¹⁴).

987 1854 1015 1931 ς
1050 1855 1194 1913 548.
1228 1855 1287 1921 2)
1312 1855 1394 1910 De
1416 1850 1551 1911 aliis
1580 1850 1680 1911 hoc
1705 1870 1782 1912 a
1806 1872 2002 1931 ymera
2023 1851 2306 1932 sactorum
2330 1855 2681 1915 summatim.

517 2036 679 2095 Sunt
699 2034 893 2094 etiam
925 2035 1047 2094 alia
1070 2079 1087 2106 ‚
1120 2051 1321 2108 quae,
1353 2051 1502 2094 cum
1537 2041 1798 2109 praeter
1821 2037 2277 2095 conventiones
2299 2036 2467 2094 licite
2490 2035 2919 2108 suscipiantur
2938 2080 2955 2107 ,
2986 2036 3233 2109 obliga·

434 2134 640 2193 tiones
688 2129 982 2207 pariant,
1035 2136 1213 2193 velut
1257 2135 1667 2207 negotiorum
1722 2137 1965 2209 gestio,
2014 2138 2256 2195 tutelae
2309 2135 2812 2205 administratio,
2863 2137 3235 2196 hereditatis

434 2234 653 2295 aditio.
683 2239 771 2294 De
797 2235 1026 2308 quibus
1072 2241 1283 2294 tamen
1327 2236 1632 2309 quoniam
1677 2236 1833 2293 nihil
1878 2243 1974 2295 est
2001 2238 2175 2310 quod
2204 2235 2565 2308 generatim
2608 2237 3063 2309 praecipiatur,
3102 2231 3233 2295 suis

441 2347 738 2406 quaeque
757 2333 912 2392 locis
940 2333 1354 2406 relinquenda
1380 2339 1549 2391 sunt.

691 2511 717 2584 ς
745 2513 890 2570 549.
925 2513 988 2585 Β)
1017 2508 1236 2569 Illic-ita
1253 2506 1418 2587 facta
1435 2556 1451 2580 ,
1479 2527 1524 2569 s.
1550 2509 1796 2588 injuria.
1839 2510 1898 2584 1)
1923 2512 2007 2569 De
2031 2510 2253 2590 injuria
2278 2519 2605 2592 capessatur
2626 2510 2960 2589 qeneratim.

517 2690 755 2766 Injuria
797 2688 1149 2763 generatim
1173 2687 1404 2747 dicitur
1429 2735 1445 2764 ‚
1477 2689 1906 2763 quodcunque
1932 2703 2062 2747 non
2086 2688 2234 2766 jure
2271 2688 2431 2766 sst¹);
2476 2691 2667 2766 idque
2693 2682 2884 2750 etiam
2921 2692 3228 2751 delictum

430 2799 703 2852 vocatur
731 2791 779 2868 (§
818 2789 976 2864 89.).
1014 2789 1280 2849 Omnino
1323 2797 1570 2866 autem,
1602 2797 1677 2848 ut
1708 2793 1788 2849 de
1816 2792 2085 2850 aliorum
2127 2791 2360 2866 injuria
2404 2790 2709 2866 conqueri
2738 2794 2909 2868 apud
2949 2789 3228 2869 iudicem

427 2895 739 2968 possimus
764 2935 780 2967 ,
811 2892 969 2949 haec
1003 2891 1066 2948 in
1092 2903 1292 2948 unum
1318 2897 1712 2949 concurrant
1744 2907 2003 2951 necesse
2033 2897 2166 2951 est:
2200 2891 2475 2964 primum
2505 2935 2521 2960 ‚
2557 2895 2630 2949 ut
2654 2892 2890 2966 aliquid
2922 2907 3055 2951 non
3085 2886 3226 2969 iure

425 2990 664 3049 sactum
693 2989 774 3047 sit
792 3032 808 3059 ,
840 2987 1010 3061 quod
1027 2985 1189 3061 juris
1210 2986 1410 3045 nostri
1432 2989 1762 3045 contineat
1781 2986 2291 3046 imminutionem
2317 3004 2334 3072 Ξ
2362 2988 2593 3046 deinde
2610 3031 2627 3063 ,
2664 2995 2737 3046 ut
2759 2990 2947 3062 culpa
2970 2989 3036 3046 id
3062 2990 3224 3048 alte·

423 3086 558 3145 rius
585 3078 886 3144 acciderit
909 3078 978 3156 ²).
1022 3085 1242 3156 Itaque
1270 3076 1317 3156 Ι)
1347 3083 1651 3141 damnum
1695 3084 1877 3141 alteri
1913 3078 2135 3142 fecisse
2171 3099 2302 3142 non
2335 3081 2621 3168 videtur,
2652 3083 2758 3158 qui
2789 3091 2901 3142 aut
2931 3084 3083 3157 ‚iure
3108 3099 3225 3145 suo

424 3196 578 3240 usus
602 3187 697 3239 cst
734 3179 814 3255 ³),
851 3185 963 3237 aut
991 3194 1067 3236 ex
1111 3173 1370 3236 alterius
1400 3180 1729 3237 voluntate
1778 3178 1924 3236 fecit
1942 3175 1983 3252 4)
2009 3223 2024 3249 ‚
2056 3186 2168 3237 aut
2196 3180 2383 3252 hujus
2409 3179 2602 3251 ipsius
2633 3180 2863 3253 injuria
2898 3181 3227 3242 lacessitus

422 3280 593 3339 intra
614 3279 819 3353 justos
841 3277 1224 3337 defensionis
1246 3277 1550 3336 terminos
1584 3279 1867 3336 constitit
1901 3277 1991 3351 ⁵):
2038 3295 2187 3336 nam
2233 3279 2526 3350 omnino,
2557 3281 2731 3352 quod
2770 3274 2908 3352 quis
2933 3294 3008 3338 ex
3033 3281 3224 3354 culpa

424 3397 539 3440 sua
564 3381 866 3438 damnum
897 3379 1135 3451 patitur
1156 3422 1171 3449 ,
1213 3393 1345 3437 non
1373 3378 1740 3449 intelligitur
1766 3378 2004 3436 sentire
2024 3377 2096 3452 Β).
2123 3379 2199 3454 11)
2242 3380 2436 3451 Culpa
2463 3385 2676 3436 autem
2706 3382 2834 3438 late
2862 3386 3072 3437 sumta
3099 3424 3116 3450 ,
3150 3388 3223 3438 ut

422 3473 526 3535 hic
547 3519 565 3551 ,
597 3476 830 3533 dicitur
856 3472 1118 3548 quaevis
1138 3474 1409 3548 injuria,
1442 3489 1607 3545 quae
1637 3468 1896 3546 quidem
1916 3475 2064 3548 jure
2088 3474 2445 3547 meritoque
2469 3473 2760 3548 imputari
2790 3474 2928 3548 ejus
2968 3478 3223 3536 auctori

423 3582 634 3651 potest
651 3566 729 3648 Ἴ).
757 3578 969 3647 anue
992 3575 1092 3632 vel
1117 3589 1192 3631 ex
1223 3588 1496 3646 persona
1526 3573 1920 3631 aestimanda
1952 3580 2046 3631 est
2064 3616 2079 3642 ,
2109 3574 2208 3631 vel
2240 3589 2316 3632 ex
2345 3574 2479 3646 ipsa
2503 3586 2577 3632 re
2598 3617 2615 3649 ‚
2655 3576 2751 3632 vel
2777 3589 2853 3632 ex
2876 3573 3026 3633 sacti
3054 3592 3218 3650 qua-

425 3677 628 3735 litate.
661 3679 742 3733 Ex
764 3688 1038 3746 persona
1062 3673 1183 3732 hoc
1217 3674 1415 3731 modo
1439 3716 1454 3744 ‚
1487 3680 1562 3730 ut
1585 3673 1635 3731 is
1657 3669 1765 3740 sit,
1794 3674 1899 3746 qui
1931 3669 2239 3731 damnum
2278 3670 2527 3752 intulit,
2555 3673 2620 3731 in
2646 3690 2838 3746 quem
2859 3673 3024 3747 juris
3055 3656 3223 3750 inju-

422 3774 654 3845 iaeque
680 3770 860 3831 notio
896 3777 1090 3843 atque
1128 3769 1428 3842 cogitatio
1462 3768 1697 3827 cadere
1726 3775 1943 3842 potest
1979 3767 2071 3842 ⁸);
2118 3783 2194 3827 ex
2237 3784 2308 3827 re
2359 3769 2447 3825 ita
2470 3776 2510 3841 ,*
2541 3775 2612 3826 ut
2663 3769 2903 3829 factum
2946 3770 3025 3828 sit
3080 3771 3222 3847 ejus

507 3950 585 4009 11)
616 3951 692 3998 Cf.
714 3952 846 3997 inter
881 3961 931 3996 se
951 3947 1004 3997 hi
1034 3950 1161 3998 loci:
1183 3951 1238 3996 1..
1258 3948 1306 3997 9.
1334 3951 1385 3997 L.
1404 3947 1452 3998 6.
1483 3964 1560 4011 pr.
1582 3953 1635 3998 t..
1656 3948 1709 3999 7.
1729 3950 1786 3999 D.
1857 3953 1968 3998 —L.
1990 3948 2039 3998 1.
2061 3951 2155 4008 85.
2180 3954 2235 3999 D.
2256 3950 2323 3999 de
2344 3949 2508 4008 injur.
2533 3949 2738 4008 (vall,
2755 3953 2855 4011 10.)
2878 3953 2924 4010 (α
2937 3951 3056 4009 Quia
3082 3956 3218 4003 nulla

443 4012 496 4059 Ιι.
539 4016 576 4060 t.
614 4039 669 4048 -
706 4012 920 4060 But-lter·
957 4012 1107 4060 Recbt
1148 4016 1236 4060 der
1274 4013 1616 4071 Forderungen
1648 4017 1675 4072 ς
1710 4011 1793 4062 1⁴.
1859 4014 2043 4070 inJuria
2063 4021 2157 4072 est,
2184 4026 2310 4072 quae
2333 4015 2379 4059 ln
2403 4015 2651 4060 volentem
2677 4015 2854 4075 natm)
2889 4028 3005 4062 —v.
3032 4019 3222 4066 Loem·

443 4076 498 4122 in
521 4073 558 4121 f.
1861 4077 2069 4123 Theorie
2093 4079 2180 4124 der
2200 4078 2347 4134 Culpa
2370 4077 2395 4130 ς
2417 4072 2496 4121 16.

505 4136 585 4197 12)
619 4137 708 4185 vm
742 4140 796 4185 L.
831 4134 912 4184 τι.
945 4143 994 4184 ει
1044 4138 1096 4186 1..
1133 4133 1212 4185 14.
1255 4137 1306 4183 Ιι.
1344 4142 1381 4186 t.
1419 4163 1476 4172 —
1511 4140 1563 4187 1..
1599 4136 1650 4186 Β.
1685 4137 1713 4194 ς
1749 4140 1794 4187 l.
1921 4135 2825 4196 5)§135.not.1.-A‹1d.1..45.s⁴.
2850 4139 2901 4184 1..
2925 4137 3007 4188 52.
3036 4142 3066 4197 ς
3091 4141 3218 4190 Lo.

443 4197 561 4247 eod.
1860 4201 1938 4248 ad
1954 4203 2009 4248 L.
2036 4203 2279 4260 Aqu1!.-
2296 4201 2323 4254 S
2340 4201 2389 4245 ἃ.
2415 4201 2451 4246 1.
2477 4198 2544 4245 de
2562 4201 2674 4259 que
2694 4200 2930 4260 Aquilia.

510 4259 584 4318 13)
619 4263 670 4307 L.
698 4261 776 4310 10.
792 4264 849 4311 1..
874 4260 992 4318 15.§
1016 4261 1062 4311 l.
1090 4264 1144 4312 D.
1160 4265 1215 4311 lta
1242 4268 1354 4311 1.·-
1376 4264 1451 4311 Cf.
1481 4265 1799 4312 Neuetbladt
1921 4262 1967 4318 6)
1994 4265 2043 4309 L.
2063 4263 2176 4311 203.
2199 4265 2251 4310 D.
2275 4261 2343 4308 de
2365 4263 2603 4320 req-jur.

434 4326 473 4374 l.
498 4326 532 4372 l.
560 4327 586 4380 S
621 4323 703 4371 20.
1919 4324 1968 4383 7)
1993 4329 2041 4373 L.
2067 4325 2114 4373 9.
2139 4328 2165 4381 ς
2185 4329 2233 4372 3.
2259 4326 2311 4371 D.
2337 4319 2547 4371 demin.
2572 4325 2670 4378 (lv,
2694 4320 2763 4380 4.)
2783 4348 2843 4357 —
2867 4327 2919 4374 L.
2941 4322 2992 4375 5.
3035 4327 3063 4382 S
3087 4329 3136 4374 1.
3157 4328 3213 4374 D.

503 4386 582 4446 14)
613 4389 671 4434 L.
695 4385 777 4437 15.
799 4388 855 4435 D.
877 4386 945 4434 de
964 4398 1215 4444 praescr.
1238 4390 1386 4436 verb.
1413 4389 1559 4447 (xlx,
1580 4386 1653 4444 5.)
1858 4391 1933 4436 ad
1952 4392 2008 4436 L.
2035 4389 2274 4449 Aquil.—
2291 4388 2343 4433 t..
2368 4382 2446 4433 15.
2471 4387 2524 4431 D.
2549 4384 2616 4431 de
2637 4386 2692 4432 vi
2705 4390 2761 4432 et
2780 4387 2834 4432 υἱ
2854 4399 2991 4436 arm.
3026 4390 3216 4445 (xLlll,

1843 4450 2083 4508 15.)—1..
2112 4452 2243 4506 ης
2268 4449 2315 4496 ι.
2336 4449 2393 4495 c,
2419 4447 2687 4502 derepua.
2713 4447 2792 4505 (v,
2813 4448 2915 4509 17.)
2944 4453 3016 4504 (υ.
3043 4452 3217 4499 coem-

993 4513 1019 4567 ς
1041 4512 1151 4562 549.
1842 4512 1917 4559 Tb
1933 4515 2068 4560 eoric
2085 4514 2134 4560 d.
2154 4515 2303 4572 Culpa
2344 4512 2370 4566 S
2399 4511 2448 4556 1.
2482 4509 2530 4557 ἡ.
2566 4511 2711 4556 Beltr.
2735 4520 2816 4557 tu.
2846 4513 2897 4558 d.
2941 4514 3127 4560 Tbeor.
3160 4513 3210 4560 d.

1841 4577 1999 4632 Culpa
2024 4589 2071 4633 p.
2101 4579 2147 4623 1.
2184 4601 2240 4610 —
2280 4573 2463 4623 Hasse
2485 4572 2563 4619 die
2581 4572 2730 4630 culpa
2752 4574 2801 4619 d.
2825 4575 2878 4619 R.
2905 4575 2961 4621 R.
2990 4578 3018 4631 ς
3041 4577 3121 4632 1.)
3152 4598 3214 4610 -

488 4638 535 4694 1)
556 4639 635 4684 Pr.
657 4638 693 4682 l.
721 4636 787 4683 de
810 4634 1029 4695 injuria.
1844 4639 1897 4684 l..
1929 4636 1977 4684 ὅ.
2003 4641 2093 4695 §⁵2-
2132 4639 2184 4684 1..
2213 4635 2293 4684 29.
2320 4639 2346 4693 ς
2368 4633 2415 4681 4.
2441 4636 2493 4680 L.
2527 4631 2609 4680 52.
2648 4633 2733 4691 31.
2758 4636 2812 4681 D.
2838 4636 2988 4683 adL.
3024 4636 3208 4697 aquil.

488 4699 537 4757 2)
559 4702 610 4746 L.
632 4696 680 4746 5.
705 4699 790 4756 Sl.
815 4700 868 4746 D.
893 4701 969 4747 ad
985 4704 1105 4761 leq.
1128 4701 1311 4761 Aquil.
1337 4701 1437 4758 (lx,
1457 4701 1528 4756 2.)
1853 4699 2052 4757 (Basse
2072 4705 2099 4758 ς
2116 4703 2195 4746 11.
2221 4694 2319 4758 15.)

487 4761 536 4820 3)
559 4759 713 4819 5129.
738 4775 814 4809 nr.
838 4764 951 4811 2.—
973 4765 1026 4811 1..
1049 4761 1127 4811 24.
1151 4767 1177 4821 ς
1200 4765 1274 4810 12.
1300 4765 1352 4810 n.
1377 4764 1446 4810 de
1467 4762 1662 4811 damno
1685 4759 1791 4816 inf.
1890 4761 2143 4828 ,s)1..co.
2170 4765 2223 4809 n.
2247 4763 2314 4809 de
2332 4762 2393 4806 a.
2419 4759 2490 4805 V.
2517 4759 2623 4817 (vl,
2645 4760 2835 4816 1.)-L.
2859 4757 2909 4806 5.
2933 4762 2961 4815 ς
2982 4759 3111 4808 21).
3137 4760 3214 4808 aa

432 4828 658 4885 (xxxix,
681 4823 752 4883 2.)
1857 4828 1907 4873 ι..
1936 4825 2113 4884 Αᾳηὶι.
2152 4851 2206 4859 -
2243 4827 2295 4870 1..
2311 4821 2391 4870 61.
2432 4821 2482 4866 ιη
2508 4823 2544 4867 f.
2567 4824 2621 4870 n.
2644 4822 2712 4869 ae
2731 4823 3079 4881 aameeper.
3103 4821 3209 4873 eut.

489 4885 538 4950 4)
565 4891 618 4938 t..
643 4884 723 4937 ⁴6.
752 4889 778 4946 s
808 4885 857 4937 8.
881 4889 934 4938 ι..
964 4885 1047 4941 48.
1068 4891 1094 4946 s
1114 4889 1161 4938 2.
1187 4888 1244 4939 n.
1275 4884 1701 4953 derurt.<x1.v11,
1724 4888 1794 4952 2.)
1856 4889 2041 4949 (xxvl,
2061 4885 2270 4962 m-cae,
2295 4889 2321 4943 s
2341 4883 2422 4936 91.
2438 4889 2543 4935 not.
2561 4882 2608 4935 1.
