3544 5506
1056 359 1189 401 car.
1231 359 1302 400 ιι.
1346 359 1422 401 nn·
1458 359 1924 404 onuoartouun
1961 360 2189 404 causis.
2912 353 3024 410 5515

230 485 358 528 rum
376 465 760 538 mutatione,
791 474 927 526 tum
943 467 1136 526 etiam
1168 463 1446 540 plurium
1472 469 1638 527 inter
1667 483 1734 527 se
1760 468 1928 528 iacta
1951 469 2411 545 conjunctione
2434 477 2502 528 et
2522 471 2696 529 velut
2723 473 3019 542 mixtura,

229 570 424 642 plures
468 569 663 627 etiam
692 568 1055 626 efficiuntur
1084 568 1326 641 species
1346 565 1432 633 ¹¹).
1460 572 1830 643 Caeterum,
1864 572 2038 642 quod
2067 571 2146 627 ad
2192 569 2508 629 forensem
2557 566 2746 644 hujus
2776 573 3020 632 doctri-

231 680 337 722 nae
357 660 694 723 utilitatem
717 664 945 722 attinet
968 708 984 733 ,
1020 680 1170 722 cum
1193 665 1328 739 jam
1373 664 1435 721 id
1460 665 1748 722 obtineat
1770 665 1879 739 jus
1902 708 1918 734 ‚
1955 672 2028 723 ut
2051 667 2189 726 sola
2211 666 2556 724 conventio
2583 666 2934 738 perfectam
2957 671 3021 729 in

226 779 284 821 se
318 765 545 822 habeat
572 759 895 836 obligandi
929 765 1053 821 vim
1082 761 1129 838 (§
1154 765 1299 822 5⁴2.
1330 770 1463 822 not.
1512 767 1635 834 9.),
1665 772 1897 837 sponte
1923 765 2214 838 sequitur
2234 809 2251 835 ‚
2294 766 2538 823 nullum
2564 780 2823 840 eorum,
2854 784 3022 840 quae

227 874 289 916 ex
312 859 643 917 contrario
668 862 1103 917 Romanorum
1136 860 1287 933 jure
1310 867 1696 933 manarunt,
1742 861 1911 932 apud
1951 877 2068 919 nos
2099 875 2428 934 superesse
2458 875 2665 918 usum.
2707 864 3022 937 Quemad-

224 961 465 1017 modum
495 959 695 1031 igitur
733 959 1057 1032 utrimque
1091 960 1374 1018 nascitur
1397 960 1567 1018 actio
1586 1001 1602 1028 ‚
1633 960 1819 1017 simul
1849 967 2045 1033 atque
2077 962 2159 1019 de
2181 976 2261 1019 eo
2284 1002 2301 1028 ‚
2331 962 2507 1033 quod
2531 961 2800 1022 vicissim
2838 979 3022 1037 prae-

224 1061 504 1117 standum
526 1060 609 1118 sit
639 1059 705 1117 in
734 1060 930 1118 hocce
958 1074 1298 1118 causarum
1328 1074 1563 1132 genere
1583 1101 1602 1134 ,
1651 1059 1938 1132 perfecte
1981 1060 2151 1118 inter
2191 1075 2260 1119 se
2287 1069 2746 1120 consenserunt
2769 1070 3020 1135 partes:

221 1156 297 1214 sic
317 1172 432 1215 nec
455 1156 731 1229 amplius
759 1155 1188 1229 poenitentiae
1215 1152 1338 1215 erit
1367 1157 1580 1226 locus,
1627 1156 1743 1215 nisi
1788 1163 2105 1229 quatenus
2150 1157 2249 1214 vel
2277 1172 2355 1215 ex
2389 1164 2584 1230 pacto
2629 1160 2727 1217 vel
2759 1175 2834 1218 ex
2864 1175 3019 1232 pro-

220 1252 341 1323 pria
376 1251 576 1324 ipsius
596 1247 832 1324 negotii
860 1251 920 1309 vi
961 1268 1038 1311 ac
1065 1258 1298 1310 natura
1326 1252 1517 1310 etiam
1545 1246 1744 1311 invito
1767 1253 1977 1313 altero
2023 1270 2060 1310 a
2092 1253 2520 1312 conventione
2551 1255 2859 1316 recedere
2886 1258 3018 1316 cui-

219 1368 329 1426 que
348 1353 596 1412 licitum
629 1360 723 1412 est
749 1352 839 1422 ¹2).

843 1532 870 1606 §
913 1534 1059 1595 545.
1085 1536 1145 1609 b)
1174 1535 1486 1592 Paetorum
1506 1532 1727 1593 actione
1756 1530 2117 1590 munitorum
2139 1531 2377 1611 formae.

284 1717 626 1774 Paetorum
674 1715 927 1774 actione
969 1717 1364 1773 munitorum
1396 1715 1580 1790 (nam
1609 1715 1691 1772 de
1737 1710 1939 1782 nudis,
1970 1730 2137 1788 quae
2173 1715 2369 1774 etiam
2404 1710 2654 1789 reliqua
2681 1724 2830 1776 sunt
2851 1767 2865 1792 ‚
2899 1734 3017 1779 suo

214 1812 503 1889 cujusque
534 1818 690 1875 loco
717 1817 984 1883 dicetur)
1031 1816 1152 1873 tria
1182 1815 1476 1886 distingui
1503 1816 1710 1872 solent
1739 1829 1977 1883 genera
2003 1832 2016 1870 ε
2052 1812 2434 1889 leqitimorum
2458 1811 2504 1891 ⁴)
2525 1859 2542 1888 ,
2559 1814 3017 1897 praetoriorum,

213 1910 562 1987 adjectorum.
606 1918 810 1988 Atque
847 1920 890 1987 Ι)
918 1917 980 1972 ιιι
1027 1915 1224 1989 priori
1247 1930 1482 1987 genere
1508 1915 1668 1972 haec
1691 1913 1977 1986 inprimis
1992 1909 2037 1986 ²)
2063 1921 2253 1971 sunt:
2293 1923 2483 1986 pacta
2521 1918 2840 1988 quaedam
2869 1932 3018 1975 usu-

215 2027 410 2072 rarum
430 2013 502 2082 3),
532 2022 801 2088 pactum
827 2016 992 2075 dotis
1020 2017 1512 2075 constituendae
1532 2010 1602 2088 ⁴),
1631 2020 1891 2086 pactum
1911 2014 2273 2071 donationis
2296 2010 2365 2088 ⁵),
2396 2012 3012 2090 compromissum⁶);

214 2111 420 2182 quibus
442 2131 480 2172 a
510 2114 840 2173 nonnullis
882 2114 1074 2173 etiam
1116 2115 1468 2173 transactio
1507 2115 1974 2171 adnumeratur
2016 2112 2221 2184 (§477.
2255 2130 2354 2171 nr.
2387 2113 2541 2187 Ill.).
2585 2119 2660 2173 111
2695 2117 3014 2174 Praetoria

214 2213 341 2263 sunt
362 2217 549 2281 pacta
571 2211 990 2285 Jurisjurandi
1021 2205 1063 2277 (§
1098 2209 1259 2284 151.)
1283 2256 1298 2281 ‚
1329 2211 1728 2284 hypothecae
1758 2210 2247 2268 constituendae
2273 2211 2320 2288 (§
2342 2211 2512 2274 309.)
2533 2254 2550 2281 ‚
2593 2207 2923 2269 constituti
2943 2209 3014 2285 ⁷).

213 2306 303 2361 Est
326 2314 535 2364 autem
580 2308 1009 2366 constitutum
1048 2308 1394 2367 conventio
1418 2307 1769 2380 ejusmodi,
1812 2323 1941 2379 qua
1980 2307 2120 2379 quis
2144 2307 2485 2379 pecuniam
2513 2307 2611 2365 vel
2635 2323 2805 2382 rem,
2845 2324 3013 2381 quae

219 2513 468 2576 set-sittim,
489 2522 541 2564 et
573 2522 695 2563 tuus
718 2518 846 2564 filius
866 2518 1014 2566 mibi:
1042 2519 1268 2566 convenit
1293 2519 1420 2565 iuter
1439 2531 1550 2573 nos,

220 2579 325 2620 utet
342 2583 389 2622 tu
416 2592 576 2627 meum
604 2581 980 2627 manumitteres
1008 2615 1023 2639 ,
1053 2586 1102 2628 et
1131 2593 1221 2639 ego
1260 2587 1398 2627 tuum
1420 2594 1435 2640 ;
1459 2593 1549 2638 ego

215 2644 477 2698 manumisi,
498 2649 551 2688 ιιι
576 2654 682 2688 non
718 2645 1039 2690 manumisisti
1066 2656 1192 2702 :qua
1217 2646 1410 2691 actione
1429 2644 1549 2690 mibi

216 2704 402 2750 tenearis
421 2740 436 2763 ,
459 2707 751 2765 quaesitum
775 2711 866 2751 est.
912 2709 962 2752 ln
984 2706 1073 2753 bac
1094 2708 1376 2766 quaestione
1400 2707 1551 2753 totius

213 2762 267 2809 ob
286 2775 377 2813 rem
416 2771 516 2815 dati
555 2772 803 2815 tractatus
847 2770 1017 2827 inspici
1056 2774 1243 2828 potest,
1284 2770 1366 2827 qui
1403 2770 1452 2816 in
1475 2769 1550 2816 bis

211 2834 419 2885 competit
436 2832 727 2890 speciebus:
755 2833 867 2877 Aut
905 2832 1042 2879 enim
1076 2832 1145 2878 do
1173 2832 1268 2879 tibi
1290 2865 1303 2891 ,
1331 2830 1390 2878 ut
1411 2832 1506 2878 des
1529 2865 1547 2893 ‚

211 2893 296 2933 aut
309 2893 373 2937 do
393 2898 452 2939 ut
471 2894 675 2951 facias,
702 2898 805 2938 aut
822 2892 961 2947 Ῑαεὶο
978 2897 1038 2940 ut
1068 2894 1184 2955 des,
1208 2898 1307 2941 aut
1326 2893 1469 2947 racio
1492 2898 1552 2941 ut

207 2947 373 3001 facias.
403 2958 455 3003 in
476 2957 667 3015 quibus
682 2958 963 3012 quaeritur,
984 2969 1108 3015 quae
1128 2958 1359 3013 obligatio
1381 2969 1552 3003 nasca-

210 3018 296 3059 tur.
316 3016 331 3069 (
352 3020 377 3073 s·
399 3018 441 3062 1.
464 3022 480 3075 )
518 3021 576 3065 Et
598 3019 641 3063 si
666 3019 868 3076 quidem
913 3021 1168 3077 pecuniam
1192 3022 1302 3065 dem
1321 3054 1337 3075 ,
1373 3024 1424 3064 ut
1447 3031 1553 3066 rem

210 3078 437 3137 accipiam,
456 3083 619 3127 emtio
639 3087 695 3127 et
717 3082 930 3128 venditio
945 3087 1043 3141 est3
1065 3081 1139 3128 sin
1160 3093 1219 3127 au
1229 3087 1325 3127 tem
1345 3093 1445 3127 rem
1465 3083 1548 3143 do,

210 3143 361 3187 utrem
384 3146 653 3203 accipiam,
677 3146 797 3201 quia
820 3155 915 3189 non
936 3145 1123 3201 placet.
1145 3145 1551 3201 permutationem

208 3210 347 3248 rerum
368 3208 643 3252 emtionem
669 3218 796 3259 esse,
820 3206 1023 3252 dubium
1042 3217 1140 3252 non
1163 3211 1259 3261 est,
1281 3207 1409 3252 nasci
1433 3208 1551 3252 civi-

206 3261 287 3309 lem
305 3266 681 3325 obligationem.
710 3270 762 3314 ln
784 3279 878 3326 qua
897 3270 1089 3315 actione
1110 3270 1160 3315 id
1184 3270 1314 3314 venit
1336 3301 1351 3325 ‚
1373 3279 1472 3314 non
1494 3274 1549 3316 ut

203 3328 357 3372 reddas
375 3363 391 3385 ,
413 3332 550 3388 quod
575 3331 831 3388 acceperis
854 3365 869 3384 ,
892 3330 976 3376 sed
1017 3336 1073 3378 ut
1111 3330 1356 3376 damneris
1388 3331 1507 3376 mihi
1532 3366 1547 3388 ,

205 3393 352 3442 quanti
370 3394 580 3439 interest.
605 3405 744 3448 mea,
769 3393 911 3447 illud,
932 3393 992 3438 de
1010 3405 1111 3451 quo
1133 3394 1396 3449 convenit,
1420 3394 1548 3440 acci-

204 3459 326 3511 pere3
347 3457 418 3500 vet
435 3457 477 3502 si
501 3467 677 3502 meum
701 3455 916 3512 recipere
939 3456 1113 3511 velim,
1137 3461 1352 3511 repetam
1368 3489 1383 3511 ,
1414 3458 1547 3513 quod

204 3511 349 3560 datum
366 3523 461 3577 est,
483 3519 635 3577 qnasi
653 3518 724 3563 ob
746 3528 849 3562 rem
871 3518 1061 3576 datum,
1086 3529 1139 3563 re
1163 3527 1259 3562 non
1281 3520 1465 3563 secuta.
1485 3542 1547 3551 —

206 3573 439 3632 Explicitus
461 3588 539 3627 est
563 3580 809 3626 articulus
830 3579 908 3626 ille
929 3581 993 3626 do
1006 3586 1058 3626 ut
1069 3580 1171 3626 des.
1197 3579 1319 3636 (ςῖ.)
1351 3581 1410 3625 At
1432 3592 1545 3627 cum

202 3636 282 3692 do,
302 3646 350 3685 ut
368 3642 540 3704 facias,
559 3644 603 3689 si
629 3643 729 3687 tale
753 3644 815 3686 sit
832 3642 1039 3698 factum,
1055 3643 1186 3701 quod
1210 3644 1357 3688 locari
1382 3643 1508 3687 solet
1527 3678 1543 3701 ,

202 3706 302 3753 puta
322 3710 372 3749 ιιι
391 3706 622 3752 tabulam
646 3705 820 3763 pingas
841 3706 1043 3761 pecunia
1064 3705 1197 3759 data,
1220 3705 1395 3750 locatio
1426 3706 1543 3763 erit,

201 3762 306 3809 sicut
323 3769 577 3825 superiore
596 3777 721 3813 casu
744 3766 970 3827 emti03si
996 3779 1090 3821 res,
1115 3778 1210 3812 non
1233 3767 1326 3812 erit
1346 3768 1541 3825 locatio,

200 3828 269 3871 ted
290 3836 512 3876 nascetur
550 3830 632 3875 vel
674 3829 832 3874 civilis
873 3830 1002 3875 actio
1043 3830 1092 3875 in
1131 3828 1221 3874 boc
1236 3864 1250 3885 ‚
1273 3829 1403 3886 quod
1435 3841 1540 3876 mea

200 3885 408 3948 interest,
430 3895 507 3951 vel
530 3894 598 3939 ad
619 3891 943 3948 repetendum
964 3891 1224 3938 condictio.
1250 3890 1429 3945 Quodsi
1446 3893 1542 3938 tale

200 3950 466 4006 estfactum.
488 3953 630 4014 quod
653 3953 808 4000 locari
827 3964 922 3999 non
946 3954 1115 4012 possit,
1139 3959 1256 4011 puta
1280 3959 1332 3999 ut
1347 3964 1538 4001 servum

199 4019 492 4079 manumittas
516 4052 533 4073 ,
558 4018 665 4063 sive
705 4019 897 4060 certum
915 4020 1103 4075 tempus
1142 4016 1387 4069 adjectum
1429 4021 1533 4075 est,

200 4080 306 4121 intra
323 4081 451 4135 quod
493 4078 909 4132 manumittatur,
952 4079 1118 4138 idque,
1152 4088 1265 4123 cum
1304 4079 1537 4136 potuisset

198 4142 476 4201 manumitti,
489 4144 609 4188 vivo
628 4151 777 4185 servo
800 4141 1061 4198 transierit,
1085 4142 1183 4186 sive
1199 4165 1258 4174 —
1275 4145 1537 4187 —tantum

199 4199 405 4257 lemporis
423 4207 757 4251 consumtum
777 4202 841 4248 sit
864 4235 879 4259 ‚
914 4209 967 4248 ut
989 4204 1199 4262 potuerit
1219 4203 1537 4260 debueritque

198 4266 485 4321 manumitti,
509 4265 715 4313 condici
735 4264 778 4308 ei
802 4269 982 4322 potest,
1007 4267 1078 4311 vel
1100 4266 1406 4324 praescriptis
1428 4277 1539 4311 ver·

195 4319 257 4367 bis
274 4329 362 4383 agi.
403 4330 499 4376 Sed
521 4330 565 4375 si
589 4327 710 4374 dedi
741 4326 831 4372 tibi
852 4338 1042 4373 servum
1063 4360 1078 4385 ‚
1102 4332 1156 4372 ut
1187 4339 1378 4375 servum
1401 4332 1541 4373 tuum

196 4392 543 4437 manumittet-es
560 4425 578 4449 ,
613 4395 669 4435 et
691 4389 1016 4436 manumisisti
1037 4425 1051 4447 ‚
1071 4394 1121 4435 et
1143 4389 1180 4434 is
1195 4425 1209 4445 ,
1232 4402 1379 4449 quem
1399 4390 1510 4436 dedi
1526 4422 1542 4443 ,

194 4448 357 4497 evictus
376 4457 478 4509 est,
505 4455 553 4499 si
579 4453 749 4498 sciens
779 4450 921 4506 dedi,
943 4452 1003 4498 de
1025 4455 1138 4499 dolo
1160 4452 1210 4499 in
1234 4466 1310 4500 me
1331 4450 1544 4498 dandam

193 4513 411 4560 actionem
452 4516 690 4562 Julianus
727 4512 922 4559 scribit:
947 4515 987 4560 si
1012 4516 1237 4572 ignorans
1253 4549 1268 4575 ,
1290 4518 1340 4562 in
1364 4515 1547 4560 Factum

194 4571 380 4622 civilem.
404 4578 449 4633 (ς
467 4577 543 4634 3.)
568 4574 764 4632 Quodsi
784 4573 960 4622 faciam
987 4609 1003 4635 ‚
1037 4581 1090 4623 ιιι
1118 4575 1204 4621 des
1225 4613 1240 4633 ,
1277 4583 1326 4623 et
1349 4581 1512 4634 postea
1532 4610 1548 4633 ,

192 4644 320 4701 quam
343 4640 435 4685 feci
464 4674 480 4695 ,
514 4650 685 4685 cesses
709 4638 828 4683 dare
844 4670 860 4692 ‚
884 4639 1013 4685 nulla
1036 4639 1130 4686 erit
1147 4640 1299 4686 civilis
1319 4640 1445 4685 actio
1464 4672 1480 4695 ,
1501 4644 1551 4686 et

192 4696 285 4743 »deo
304 4702 363 4747 de
380 4703 498 4748 doto
515 4702 752 4747 dabitur.
766 4714 792 4741 n
814 4702 981 4756 (Quem
998 4702 1552 4749 locumutconciliarent

193 4767 289 4805 cnm
308 4764 419 4809 aliis
438 4798 453 4819 ,
476 4765 623 4809 velut
662 4764 722 4807 L.
748 4759 798 4807 ὅ.
840 4765 866 4817 s
885 4761 932 4809 4.
957 4765 1012 4809 D.
1037 4763 1104 4809 de
1136 4776 1183 4811 c.
1207 4776 1255 4811 c.
1282 4765 1337 4811 d.
1357 4775 1404 4810 c.
1427 4776 1481 4809 n.
1504 4774 1549 4808 s.

1646 2514 1753 2561 den
1775 2519 1802 2573 3
1826 2515 2138 2563 11.-61ἄο1ι
2160 2516 2311 2563 Pand.
2336 2517 2500 2563 xvnl.
2524 2518 2550 2572 S
2575 2514 2717 2564 1009.
2741 2516 3010 2564 -ΡοεΙιΙε

1648 2577 1776 2634 ς50.
1812 2603 1871 2611 —-
1904 2578 1976 2625 Cf.
2007 2584 2056 2623 et
2074 2578 2340 2625 Eroeleben
2361 2579 2394 2625 l.
2419 2580 2451 2624 l.
2478 2592 2525 2637 p.
2550 2578 2732 2640 aosqq.
2759 2579 2856 2636 —(
2878 2580 2904 2633 3
2924 2578 3010 2636 4.)

1654 2640 1779 2686 «Sed
1795 2639 1833 2685 si
1858 2641 2003 2697 facio,
2030 2646 2084 2686 ut
2107 2642 2276 2694 facias.
2299 2642 2416 2687 haec
2437 2643 2620 2699 species
2641 2647 2875 2690 tractatus
2898 2643 3011 2699 plu-

1648 2714 1726 2748 res
1741 2704 1932 2762 recipit.
1959 2706 2077 2749 Nam
2100 2704 2137 2748 si
2161 2705 2287 2763 pacti
2311 2715 2477 2749 sumus
2493 2738 2507 2761 ,
2533 2711 2598 2765 ut·
2618 2712 2668 2752 tu
2691 2716 2720 2750 a
2743 2716 2852 2751 meo
2875 2705 3007 2751 debi-

1651 2771 1756 2811 tore
1778 2766 2069 2825 Carthagine
2091 2768 2274 2824 exigas,
2298 2779 2389 2825 ego
2411 2780 2436 2812 a
2463 2771 2545 2813 tuo
2569 2770 2765 2823 Romae,
2790 2770 2863 2814 vel
2887 2773 3006 2814 uttu

1651 2828 1697 2873 in
1725 2840 1866 2883 meo,
1892 2842 1984 2887 ego
2015 2830 2064 2873 in
2096 2834 2181 2875 tuo
2213 2830 2318 2875 solo
2340 2829 2591 2877 aedificem
2617 2866 2631 2888 ‚
2655 2837 2704 2877 et
2729 2842 2820 2887 ego
2837 2830 3008 2876 aedili-

1648 2891 1753 2936 cavi
1775 2926 1790 2945 ,
1811 2897 1862 2936 tu
1882 2904 2039 2938 cessas
2062 2924 2077 2947 ‚
2100 2892 2150 2937 in
2175 2893 2334 2948 priore
2372 2894 2532 2949 specie
2561 2895 2851 2941 mandatum
2885 2904 3007 2949 quo·

1649 2952 1912 2999 dammodo
1954 2956 2268 3000 intervenisse
2320 2954 2516 3001 videtur
2537 2988 2551 3010 ‚
2593 2958 2698 3003 sine
2741 2967 2839 3013 quo
2875 2954 3004 3011 exigi

1650 3017 1853 3071 pecunia
1879 3018 2041 3062 alieno
2085 3018 2285 3062 nomine
2326 3027 2423 3062 non
2463 3023 2637 3073 potest.
2662 3042 2722 3051 —
2742 3041 2804 3049 —
2830 3041 2885 3049 —
2909 3018 3006 3063 Sed

1650 3080 1803 3122 tutius
1822 3078 1936 3133 erit,
1952 3085 2000 3124 et
2024 3080 2073 3125 in
2096 3078 2261 3124 insulis
2283 3077 2607 3137 fabricandis,
2632 3084 2683 3125 et
2705 3080 2752 3125 in
2774 3078 3005 3125 debitori·

1649 3138 1739 3184 bus
1769 3141 2021 3197 exigendis
2039 3174 2053 3196 ,
2079 3140 2389 3197 praescriptis
2419 3141 2552 3186 verbi
2592 3141 2698 3187 dari
2741 3141 3002 3186 actionem.

1649 3202 1781 3256 Quae
1824 3203 1952 3249 actio
1992 3203 2162 3247 similis
2205 3203 2299 3247 erit
2340 3203 2554 3248 mandati
2597 3203 2776 3249 actioni
2798 3235 2815 3258 ‚
2838 3212 3005 3259 quem-

1647 3265 1917 3309 admodum
1959 3266 2008 3311 ιιι
2061 3264 2389 3322 superioribus
2434 3264 2623 3311 casibus
2677 3265 2908 3312 locationi
2956 3267 3007 3311 et

1646 3328 1868 3372 emtioni.
1894 3346 1915 3366 υ

1710 3388 1787 3445 11)
1809 3390 1885 3435 Cf.
1912 3387 2068 3437 Voet.
2094 3390 2154 3435 ad
2176 3388 2276 3434 Tit.
2296 3388 2447 3434 Pand.
2467 3387 2534 3435 de
2552 3401 2636 3445 pr.
2659 3388 2803 3437 verb.
2824 3389 2850 3442 S
2874 3389 2918 3433 1.
2941 3409 3003 3420 —-

1644 3450 1917 3502 Horae-ker
1937 3465 2011 3509 pr.
2027 3453 2127 3507 jur.
2157 3452 2292 3496 Rom.
2318 3452 2344 3504 S
2375 3448 2517 3497 2050.
2540 3464 2616 3498 nr.
2641 3454 2697 3498 ll.
2735 3475 2793 3485 -
2811 3451 2999 3495 Caeter.

1644 3513 1742 3558 vid.
1770 3513 1959 3561 Poelils
1982 3516 2015 3560 Ι.
2042 3517 2075 3560 l.
2100 3516 2126 3570 ς
2157 3511 2234 3560 12.
2273 3526 2322 3571 p.
2351 3511 2414 3560 28
2447 3525 2523 3572 sq.
2565 3526 2613 3571 p.
2647 3511 2711 3561 58
2745 3537 2804 3546 —
2835 3510 2916 3559 40.
2951 3515 3003 3557 et

1642 3575 1915 3623 Erat-leben
1939 3578 1971 3622 Ι.
2002 3579 2034 3623 l.
2059 3589 2107 3634 p.
2128 3575 2223 3621 212
2257 3601 2311 3609 —-
2347 3575 2458 3623 215.
2508 3600 2561 3608 —-
2600 3576 2661 3623 At
2680 3586 2792 3622 vero
2825 3575 3002 3632 impro-

1644 3636 1803 3683 banda
1827 3643 1899 3684 est
1921 3641 2341 3686 innominatorum
2379 3643 2715 3699 contractuum
2757 3639 2807 3684 in
2854 3648 3001 3693 regu-

1642 3699 1766 3745 iares
1817 3708 1866 3747 et
1921 3703 2210 3759 irregulares
2251 3703 2444 3748 divisio.
2483 3723 2539 3732 -
2589 3702 2662 3749 Cf.
2702 3699 3001 3747 Reicmietm

1639 3759 1673 3807 1.
1699 3764 1730 3808 Ι.
1767 3762 1957 3871 §gg-5.
1984 3789 2040 3797 —-
2065 3763 2270 3813 Weber
2283 3766 2347 3812 ad
2371 3761 2641 3821 Hoepsner
2660 3765 2685 3818 S
2703 3760 2817 3810 749.
2842 3766 2927 3807 not
2947 3759 3002 3807 Ξ.

1637 3828 1687 3869 et
1721 3827 1746 3879 S
1844 3828 1891 3872 2.

1704 3885 1780 3943 ¹2)
1820 3890 2028 3934 Dissent.
2063 3886 2335 3940 Horacker
2357 3889 2391 3935 1.
2420 3890 2454 3935 l.
2487 3885 2675 3943 81251.
2698 3890 2749 3932 et
2779 3897 2832 3932 υ.
2861 3886 2998 3932 We-

1635 3948 1765 4008 m'nq
1789 3951 1963 3998 Lehrb.
1986 3951 2036 3997 d.
2055 3962 2181 4008 gem.
2208 3952 2310 3997 Civ.
2337 3952 2389 3996 R.
2417 3952 2499 3998 Bd.
2518 3952 2573 3996 ll.
2596 3952 2622 4006 ς
2645 3946 2755 3995 189.
2791 3948 2840 3993 ιιι
2865 3947 2902 3994 l'.

2249 4070 2363 4121 545.

1634 4260 1676 4304 x
1696 4196 1756 4253 (¹⁵)
1792 4198 1867 4246 Cf.
1903 4199 2104 4247 omnino
2123 4197 2192 4248 de
2231 4199 2519 4247 Bucldioltz
2575 4196 2676 4254 jur.
2734 4194 2857 4243 Abh.
2913 4195 2994 4242 ΝΡ.

1703 4320 1747 4377 1)
1784 4324 1890 4369 vid.
1915 4324 1969 4370 1..
1992 4320 2041 4370 6.
2063 4325 2114 4369 D.
2140 4322 2209 4370 de
2229 4326 2372 4379 pace.
2397 4324 2477 4382 (ll,
2500 4319 2599 4382 14.)

1700 4381 1748 4436 2)
1783 4387 1901 4431 Nam
1926 4386 2024 4430 vid.
2046 4386 2171 4431 infra
2193 4398 2301 4444 cap.
2326 4386 2453 4432 vill.

1704 4444 1752 4503 5)
1786 4449 1847 4494 Cf
1864 4459 2011 4505 supra
2031 4448 2056 4502 S
2075 4446 2185 4493 229.
2211 4452 2317 4495 not.
2343 4446 2424 4494 11.

1706 4507 1754 4565 4)
1794 4513 1843 4557 l..
1867 4507 1917 4557 6.
1943 4512 1996 4555 (2.
2018 4510 2086 4556 de
2105 4509 2214 4556 dol.
2237 4522 2411 4567 prom.
2435 4510 2515 4567 (V,
2539 4508 2637 4565 11.)

1707 4567 1757 4627 5)
1795 4575 1846 4618 1..
1868 4571 1951 4620 55.
1971 4570 2058 4627 35.
2081 4574 2134 4618 c,
2156 4572 2226 4619 ae
2248 4571 2432 4618 donat.
2455 4572 2600 4629 (νιιι,
2618 4569 2720 4625 5⁴.)

1705 4632 1753 4691 6)
1789 4638 1840 4681 Ι..
1863 4637 2048 4693 penult.
2072 4646 2147 4693 pr.
2171 4636 2226 4680 C.
2249 4634 2316 4680 de
2339 4637 2538 4692 recept.
2559 4635 2744 4682 arbitr.
2765 4632 2843 4691 (11,
2864 4627 2967 4689 56.)

1704 4695 1791 4755 οα)
1824 4699 2050 4754 [Dissent.
2078 4697 2369 4744 Bueldioltz
2395 4698 2426 4741 1.
2450 4698 2483 4743 Ι.
2505 4708 2554 4755 p.
2590 4694 2683 4743 283
2718 4706 2794 4753 ιιι.
2835 4694 2919 4752 qui
2949 4697 3001 4740 et

1643 4766 1898 4818 receptum
1932 4758 2061 4816 (vid.
2087 4760 2216 4805 infra
2257 4760 2284 4814 S
2305 4756 2452 4816 ⁴55.)
2494 4759 2783 4806 adnumerat
2805 4760 2999 4815 praeto-

192 4818 296 4880 (xil,
316 4823 385 4882 4.)
410 4850 471 4859 -
499 4828 557 4871 L.
599 4822 679 4871 15.
721 4830 774 4870 et
801 4826 854 4871 1..
876 4823 957 4870 22.
981 4827 1034 4871 D.
1058 4825 1111 4872 Ιι.
1132 4830 1200 4882 t.‚
1225 4827 1554 4883 maximopere
1642 4826 1727 4872 riis
1747 4823 1921 4881 pactis.
1939 4849 1998 4858 —
2020 4822 2070 4867 E.
2096 4821 2175 4878 G.]

193 4881 462 4934 laborarunt
488 4888 815 4945 interpretes.
860 4887 967 4933 vid.
990 4887 1058 4935 de
1081 4891 1237 4936 Retes
1260 4891 1309 4935 S.
1332 4890 1368 4934 1.
1403 4900 1449 4934 c.
1474 4889 1551 4933 11.

192 4948 544 5000 -Retcmlm
568 4950 664 4998 l.1.
679 4952 707 5006 ς
730 4944 937 5000 0-8.-·
954 4949 1181 5001 Schouaez
1201 4951 1273 5000 ab
1293 4949 1553 5000 Archem-

1712 4887 1759 4942 ⁷)
1795 4886 1902 4958 ηις.
1930 4886 2074 4945 (xiii,
2096 4881 2166 4942 5.)
2190 4889 2239 4932 et
2260 4883 2377 4933 cod.
2401 4880 2687 4944 (1V‚18.)de
2703 4878 2999 4934 constituta

1636 4957 1898 5009 pecuma.
