3544 5506
1139 267 1288 326 ‘csta
1328 285 1402 328 11.
1444 286 1519 329 na
1560 288 1786 331 ruam
1825 289 2173 337 romu-m.
2960 295 3066 351 511

254 391 510 464 patriae
533 393 834 465 potestati
856 392 1279 468 subjiciantur
1299 400 1372 465 ³).
1400 399 1689 472 Denique
1709 408 1890 461 certa
1915 403 2120 462 forma
2139 407 2528 467 celebranda
2551 416 2648 470 est
2669 410 3061 485 legitimatio.

252 496 507 566 anue,
541 508 622 552 eo
660 496 956 567 quidem,
988 511 1122 569 quo
1149 497 1393 556 utimur
1413 542 1430 573 ‚
1456 500 1642 575 jure,
1676 503 1912 575 duplex
1941 512 2037 562 est
2066 521 2082 562 t
2110 507 2315 564 altera
2347 524 2463 581 per
2490 505 3065 579 instrumentorum

251 589 760 648 celebrationem
781 632 796 656 ‚
822 590 865 651 i.
900 607 960 651 e.
989 607 1107 665 per
1131 593 1524 666 subsequens
1551 597 2062 675 matrimonium3
2096 601 2300 659 altera
2335 619 2454 676 per
2478 609 2859 681 rescriptum
2888 615 3065 686 prin·

250 688 410 761 cipis
446 687 521 761 ⁴).
556 689 735 748 Prior
760 691 868 748 illa
898 692 1213 764 requirit,
1237 709 1387 751 cum
1414 702 1489 753 ut
1531 698 1930 756 connubium
1971 699 2050 757 sit
2080 702 2247 773 patri
2288 706 2678 765 naturalium
2709 708 3064 774 liberorum

250 802 402 846 cum
427 785 793 848 concubina
809 832 828 862 ,
863 797 1003 848 tum
1029 806 1190 850 vero
1220 798 1296 850 ut
1318 790 1641 854 dotalibus
1666 797 2105 859 instrumentis
2132 802 2550 873 perficiantur
2569 809 2832 879 nuptiae
2858 809 2927 883 ⁵).
2950 815 3065 871 Per

250 886 643 960 rescriptum
669 894 884 948 autem
917 890 1301 962 legitimatio.
1318 894 1628 954 celebrari
1663 899 1890 970 nequit
1907 942 1924 967 ‚
1951 899 2001 956 si
2030 907 2143 958 aut
2173 916 2288 974 per
2316 904 2709 977 subsequens
2735 910 3066 969 matrimo-

248 977 431 1040 nium
454 983 596 1042 fieri
622 992 854 1057 potest.
882 993 993 1043 aut
1016 982 1294 1057 legitima
1306 988 1441 1062 jam
1459 997 1558 1049 est
1577 992 1829 1051 soboles
1855 990 2022 1066 patri
2039 989 2110 1066 ⁶).
2138 1000 2628 1073 Nonnumquam
2652 1010 2719 1060 et
2741 1003 2922 1063 liberi
2946 1021 3063 1079 per

247 1090 317 1136 se
335 1079 461 1138 soli
480 1080 774 1154 rescripti
803 1077 1189 1154 impetrandi
1213 1083 1320 1157 jus
1342 1085 1583 1144 habent
1600 1132 1618 1162 ,
1645 1087 1957 1160 siquidem
1990 1097 2177 1163 pater
2201 1099 2586 1154 testamento
2604 1095 2961 1176 scripserit,
2994 1118 3064 1162 se

249 1176 416 1234 velle
435 1219 454 1249 ,
488 1183 566 1234 ut
589 1178 769 1235 liberi
791 1177 1048 1249 legitimi
1078 1179 1240 1250 sint,
1272 1175 1521 1256 sibique
1542 1185 1894 1243 succedant
1921 1183 2001 1259 7);
2033 1202 2228 1261 quam
2261 1192 2519 1263 quidem
2544 1193 3062 1265 legitimationem

248 1290 365 1348 per
384 1282 850 1337 testamentum
874 1293 1217 1351 perperam
1242 1289 1500 1339 vocant.
1520 1286 1604 1341 Ea
1629 1291 1843 1344 autem
1872 1287 2071 1359 patris
2088 1289 2440 1350 declaratio
2455 1332 2473 1357 ‚
2503 1308 2671 1365 quae
2693 1293 3064 1367 legitimatio

246 1387 365 1445 per
385 1375 942 1448 nuncupationem
966 1371 1075 1435 tilii
1093 1392 1132 1435 a
1154 1378 1480 1437 nonnullis
1503 1381 1869 1453 appellatur
1885 1427 1903 1457 ,
1925 1398 2192 1455 prorsus
2217 1386 2301 1443 ab
2325 1386 2450 1445 hoc
2472 1384 2622 1448 loco
2642 1385 2853 1451 aliena
2873 1400 2971 1453 est
2987 1389 3056 1470 ⁸).

1235 1524 1261 1596 §
1282 1525 1429 1586 558.
1460 1524 1518 1601 c)
1542 1525 1639 1586 Vis
1663 1525 2116 1604 leqitimationis.

326 1671 830 1743 Legitimationis
863 1671 956 1731 vis
982 1679 1180 1748 atque
1208 1675 1560 1736 auctoritas
1588 1677 1750 1736 haec
1794 1685 1919 1749 est,
1959 1686 2067 1748 ut,
2118 1686 2444 1754 tamquam
2473 1678 2524 1741 si
2550 1698 2625 1744 ex
2653 1686 3062 1750 matrimonio

240 1766 418 1840 justo
445 1769 728 1827 natisint
756 1770 1084 1828 naturales
1113 1765 1336 1840 liberi,
1367 1772 1458 1830 sic
1493 1767 1750 1843 legitimi
1782 1774 2181 1847 efficiantur,
2219 1784 2285 1835 et
2313 1779 2612 1851 potestati
2642 1782 3062 1856 subjiciantur

245 1864 449 1936 patris
474 1862 540 1939 ¹),
588 1865 941 1925 dummodo
985 1861 1121 1938 ipse
1162 1866 1465 1939 impetret
1491 1869 1872 1943 rescriptum
1897 1871 1956 1949 (ς
1980 1871 2121 1930 557.
2151 1880 2288 1932 not.
2338 1876 2397 1933 7.
2423 1883 2463 1943 ).
2508 1878 3057 1953 Quemadmodum

246 1972 467 2024 autem
494 1966 757 2025 omnino
779 1981 910 2025 non
934 1973 1030 2025 est
1054 1957 1216 2040 opus
1234 2010 1251 2039 ‚
1283 1973 1359 2025 ut
1385 1969 1465 2024 ad
1497 1969 1818 2027 fictionem
1840 1965 2004 2045 juris
2033 1973 2472 2045 confugiamus
2492 2022 2508 2046 ‚
2536 1992 2666 2048 quo
2686 2019 2702 2046 ‚
2736 1995 3056 2052 quaenam

246 2062 321 2120 sit
347 2058 830 2134 legitimationis
850 2078 1002 2121 vera
1025 2063 1192 2121 ratio
1212 2106 1229 2134 ,
1260 2063 1685 2135 intelligatur:
1704 2065 1794 2124 sic
1817 2081 1939 2124 nec
1961 2067 2042 2125 ad
2065 2063 2130 2125 id
2152 2075 2400 2142 tempus
2421 2114 2438 2146 ‚
2464 2087 2593 2144 quo
2622 2079 2736 2131 aut
2759 2080 3056 2152 concepti

245 2166 355 2218 aut
388 2161 530 2218 nati
553 2167 706 2219 sunt
724 2163 1052 2220 naturales
1076 2161 1292 2231 liberi3
1324 2164 1673 2222 retrotrahi
1694 2166 1886 2223 debet
1909 2162 2379 2238 legitimationis
2400 2171 2492 2230 vis
2520 2168 2596 2246 2).
2624 2169 2711 2231 Ea
2732 2189 2888 2233 vero
2910 2178 3056 2249 legi-

246 2256 600 2316 timationis
622 2254 867 2331 species
886 2303 903 2329 ‚
931 2275 1126 2332 quam
1156 2258 1368 2317 minus
1399 2261 1657 2332 plenam
1687 2268 1957 2339 vocant,
1993 2277 2070 2322 ex
2099 2262 2310 2337 patrio
2324 2264 2473 2340 ,iure
2495 2271 2849 2342 repetenda
2867 2316 2885 2343 ‚
2922 2273 3052 2348 juri

244 2357 537 2417 Romano
568 2373 835 2430 prorsus
861 2358 1186 2431 incognita
1202 2365 1299 2418 est
1322 2355 1395 2435 ⁸).

243 2499 270 2572 S
299 2504 440 2565 559.
475 2508 553 2568 11.
589 2503 806 2576 Quibus
830 2504 1229 2584 modispatria
1246 2511 1497 2580 potestas
1522 2503 1765 2565 solvitur
1797 2506 1897 2585 (*).
1925 2507 1994 2582 Α)
2022 2510 2237 2570 Causae
2259 2510 2545 2592 finiendae
2560 2514 3053 2596 patmpotma-

1185 2603 1259 2664 tis
1283 2603 1342 2679 1)
1370 2605 1706 2665 summatim
1733 2615 2125 2686 exponuntur.

321 2753 599 2813 Tollitur
621 2753 828 2828 patria
853 2760 1134 2829 potestas
1159 2755 1204 2819 1)
1230 2739 1476 2822 morte,
1504 2767 1652 2813 cum
1681 2757 1961 2815 naturali
1983 2752 2024 2833 ¹)
2049 2763 2187 2818 tum
2215 2759 2407 2839 civili,
2436 2761 2478 2821 i.
2509 2777 2570 2822 e.
2604 2765 2830 2840 capitis
2855 2767 3051 2826 demi-

245 2933 373 2979 tione
392 2944 460 2980 ex
476 2933 713 2979 damnato
734 2932 865 2979 coitu
888 2927 1128 2978 natorum’
1155 2930 1172 2987 (
1192 2931 1300 2979 Hal.
1323 2926 1464 2977 1755.
1488 2932 1538 2975 et
1559 2926 1612 2974 in
1736 2927 1786 2989 8)
1820 2934 1938 2983 mov,
1964 2935 2074 2984 117,
2097 2949 2142 2985 0.
2167 2938 2215 2984 2,
2236 2963 2294 2971 -
2313 2939 2392 2987 ef,
2409 2939 2648 2988 ,ιω-49η,
2664 2941 2702 2990 1,
2723 2941 2759 2992 1,
2781 2942 2837 2989 υ,
2860 2941 2898 2990 ι,
2924 2953 2971 2991 0,
2993 2940 3043 2990 5,

242 2996 447 3043 exercit.
470 2994 534 3041 ad
555 2997 708 3042 Pand.
735 2997 774 3051 i,
794 2993 914 3053 200.
929 3018 976 3027 -
994 2993 1184 3049 Ejus-d.
1205 2994 1310 3040 Jus.
1333 2995 1455 3039 eccl.
1475 2992 1609 3037 Prot.
1672 2991 1700 3046 s
1722 2998 1768 3045 ι,
1794 2996 1842 3043 2.
1876 3004 1927 3046 οι
1948 3010 2098 3058 ,upra
2118 3004 2145 3057 ς
2163 2999 2277 3049 205,
2301 3007 2410 3049 not.
2433 3000 2482 3049 3,

243 3057 344 3103 Lib.
366 3059 452 3104 lv.
475 3058 536 3105 Τ.
558 3054 640 3103 17.
663 3060 689 3114 s
710 3054 771 3102 iti
790 3068 962 3115 sqq.—
977 3057 1091 3113 Nec,
1113 3056 1245 3116 quod
1267 3056 1331 3102 ad
1355 3055 1536 3101 liberos
1556 3062 1618 3098 ex
2333 3088 2427 3138 558

245 3121 491 3167 adulterio
514 3126 659 3166 natos
680 3119 877 3179 attinet,
898 3120 1145 3166 contraria
1165 3122 1240 3165 est
1263 3130 1310 3164 c.
1332 3115 1382 3164 6.
1401 3117 1461 3163 x.
1492 3114 1614 3163 eod.
2271 3093 2298 3149 S
2432 3121 2450 3138 ·

245 3183 416 3230 -Vid.
447 3183 706 3230 Boeltmer
726 3182 847 3228 Diss.
881 3181 1014 3228 laud.
1039 3183 1065 3237 s
1088 3182 1168 3229 22.
1191 3186 1240 3227 et
1258 3181 1345 3226 lus
1365 3178 1486 3225 eccl.
1528 3178 1608 3225 Pr.
1742 3175 1789 3237 1)
1823 3179 1937 3225 Nor.
1964 3177 2046 3228 74.
2070 3191 2115 3227 ο.
2136 3178 2187 3227 2.
2210 3182 2473 3239 tin—Nor.
2492 3178 2577 3229 89.
2596 3193 2642 3228 c.
2664 3176 2716 3227 8.
2737 3185 2786 3228 et
2809 3194 2855 3229 c.
2875 3180 2925 3230 9.
2943 3185 2969 3239 s
2991 3181 3040 3231 1.

244 3244 334 3291 1.1.
354 3248 381 3301 S
403 3245 491 3293 22.
515 3245 796 3291 -Dissent.
812 3245 877 3292 Ε.
898 3242 1163 3291 Schrader
1179 3240 1303 3289 Abii.
1324 3253 1411 3287 aus
1433 3242 1484 3287 d.
1504 3241 1608 3287 civ.
1675 3241 1765 3295 —S
1791 3244 1880 3289 ult.
1903 3244 1938 3288 i.
1963 3243 2017 3289 Ιι.
2042 3244 2212 3289 t.—l)e
2235 3244 2516 3302 verborum,
2539 3255 2666 3302 quae
2691 3243 2755 3289 ibi
2785 3245 2834 3291 in
2858 3246 2955 3291 tine
2974 3247 3040 3293 le-

245 3306 298 3354 it.
317 3309 353 3354 l.
374 3308 393 3364 (
417 3309 650 3354 Hannov.
670 3302 811 3353 1808.
831 3307 848 3362 )
868 3308 952 3353 Nr.
974 3306 1011 3351 Ι.
1035 3330 1091 3340 --
1111 3305 1185 3352 ci.
1214 3304 1435 3363 inprimis
1461 3304 1513 3349 C.
1548 3303 1607 3349 F.
1672 3310 1854 3361 guntur
1865 3304 1912 3362 (ιι
1926 3305 2054 3362 quod
2074 3310 2124 3351 et
2139 3305 2249 3352 aliis
2271 3307 2434 3353 liberis
2452 3317 2511 3352 ex
2524 3308 2698 3352 eodem
2721 3308 3039 3355 matrimonio

246 3369 401 3418 Dieek
448 3372 671 3426 Beni-age
707 3381 798 3416 zur
840 3367 990 3414 Lehre
1027 3380 1121 3415 von
1161 3369 1250 3415 der
1273 3365 1609 3424 Legitimation
1672 3371 1937 3424 procreatis
1958 3368 2177 3414 similiter
2206 3374 2371 3415 nostra
2392 3370 2675 3415 constitutio
2697 3369 2991 3428 praebuitn)
3016 3404 3033 3429 ‚

245 3432 393 3480 durch
414 3432 780 3491 nachfolgende
797 3430 914 3477 Ehe.
936 3429 1069 3497 Hal-le
1093 3427 1234 3477 1852.
1676 3428 2080 3487 interpretatione
2100 3431 2197 3478 vict.
2215 3430 2450 3477 Jordens
2473 3432 2602 3488 Disp.
2627 3432 2663 3477 i.
2702 3443 2752 3479 c.
2772 3429 2822 3478 6.
2845 3434 2872 3489 s
2892 3430 3037 3479 17.-

299 3494 347 3550 δ)
380 3496 441 3541 1..
467 3497 558 3541 ult.
582 3494 642 3542 D.
673 3494 739 3541 de
767 3493 849 3542 lats
870 3527 890 3555 ,
930 3504 1026 3552 qm
1064 3493 1153 3539 sui
1171 3490 1259 3539 vel
1277 3490 1482 3546 «Μίαν.
1505 3489 1543 3548 l,
1561 3485 1611 3535 6.
1678 3488 1756 3536 25.
1771 3497 1820 3537 et
1835 3491 2039 3540 lVeber
2055 3493 2104 3539 in
2131 3494 2261 3540 calce
2276 3498 2539 3540 comment.
2551 3494 2865 3552 llupt'neriani
2878 3492 3036 3554 ρ.845

184 3596 191 3605 .
247 3555 595 3614 (muciiobs.
621 3559 682 3604 Χ.
704 3553 824 3613 25)
847 3580 903 3588 -
928 3557 1045 3601 Nov.
1069 3553 1150 3602 89.
1175 3566 1219 3602 c.
1248 3554 1324 3602 11.
1347 3565 1422 3610 pr.
1446 3576 1508 3586 —
1540 3551 1608 3598 de
1672 3564 1785 3612 sqq.
1809 3556 1907 3613 (ed.
1934 3555 2080 3610 vui.)

247 3620 545 3668 Buchlmltz
566 3621 669 3676 jur.
692 3619 812 3666 Abu.
833 3619 914 3663 Νι.
940 3619 1104 3664 xviii.
1735 3619 1784 3674 2)
1817 3618 2079 3665 Boehmer
2117 3617 2203 3663 Jus
2245 3618 2365 3665 eccl.
2406 3618 2538 3664 Prot.
2570 3617 2677 3664 Lib.
2721 3619 2800 3665 lv.
2830 3619 2930 3665 Tit.
2956 3616 3037 3666 17.

298 3681 348 3741 ⁴)
379 3682 803 3741 Quaequidemab
814 3680 1146 3736 adrogationb
1167 3678 1323 3725 torma
1339 3675 1456 3723 mhi!
1479 3676 1612 3733 quic·
1673 3678 1800 3737 51⁴.
1822 3704 1883 3713 -
1902 3680 2140 3727 Jordens
2164 3682 2197 3726 ι.
2220 3680 2256 3726 ι.
2278 3680 2410 3739 nup.
2431 3681 2491 3727 u.
2510 3692 2557 3727 c.
2575 3680 2634 3726 ιι.
2657 3686 2705 3726 ei
2727 3682 2804 3726 iv.
2819 3704 2881 3714 —
2900 3682 2956 3729 J.
2979 3683 3038 3729 J.

242 3756 381 3802 quam
401 3744 613 3803 differt,
630 3745 772 3801 adeo,
792 3747 845 3788 ut
866 3743 968 3788 iere
987 3742 1084 3789 dici
1106 3740 1255 3800 possit
1280 3755 1290 3784 :
1316 3738 1614 3785 naturalium
1678 3741 1858 3791 Prelm
1878 3743 2073 3789 Unters.
2095 3744 2147 3789 d.
2168 3744 2248 3788 Fr.
2281 3758 2294 3790 ι
2334 3744 2398 3790 ob
2426 3742 2476 3788 d.
2500 3742 2840 3799 Legitimation
2874 3754 3040 3790 ausser

243 3807 511 3853 liberorum
534 3807 907 3864 adrogationem
931 3817 1031 3851 uon
1053 3802 1338 3861 simpliciter
1358 3812 1462 3846 esse
1493 3812 1607 3857 pro·
1668 3806 1756 3851 der
1777 3804 1872 3851 Ehe
1886 3805 2127 3861 geboruer
2145 3804 2326 3851 Kinder
2347 3803 2447 3853 sich
2471 3805 2522 3850 iu
2536 3806 2669 3851 einer
2689 3810 2814 3852 rom.
2839 3806 3040 3853 Erdich-

240 3868 472 3925 bibitam,
492 3871 577 3915 sed
602 3870 748 3916 certis
769 3868 1107 3913 tantummodo
1141 3862 1471 3912 circumscribi
1492 3862 1606 3908 tini·
1672 3872 1794 3926 tung
1831 3868 2054 3925 grande?
2100 3868 2229 3913 Rost.
2257 3865 2398 3915 1777.
2420 3866 2469 3914 4.
2495 3890 2556 3901 -
2583 3866 2807 3915 Tlu‘baut
2838 3868 3034 3918 civilior.

243 3930 493 3979 δικ-61.
518 3931 759 3979 sordens
781 3931 816 3976 l.
837 3930 869 3974 l.
896 3930 1024 3987 Disp.
1051 3930 1088 3975 l.
1111 3940 1155 3973 c.
1180 3927 1299 3972 vlll.
1324 3926 1350 3980 S
1371 3926 1419 3971 2.
1672 3930 1811 3975 Vers.
1836 3931 1873 3976 1.
1897 3930 1979 3975 Νι.
2004 3928 2083 3975 10.
2107 3954 2168 3964 -
2187 3931 2350 3987 Neque
2366 3930 2612 3978 contraria
2635 3937 2709 3977 est
2732 3932 2782 3976 t..
2808 3931 2857 3976 1.
2879 3931 2933 3978 C.
2968 3930 3036 3977 de

295 3994 341 4053 5)
372 3997 399 4050 s
421 3997 521 4040 ult.
547 3995 586 4040 l.
609 3993 677 4040 de
695 3996 849 4049 nupt.
874 4014 934 4035 ,-
957 3993 1011 4038 1..
1036 3992 1114 4038 11.
1133 3990 1187 4036 C.
1208 3988 1276 4034 de
1297 3990 1412 4034 nat.
1437 3984 1524 4033 lib.
1547 4010 1611 4019 —
1676 3995 1792 4038 nat.
1831 3992 1918 4040 tib.
1944 4016 2000 4025 —
2030 3992 2134 4038 vid.
2176 3993 2398 4051 inprimis
2443 3989 2663 4039 Thibaut
2706 3995 2741 4039 Ι.
2776 3994 2807 4038 l.
2835 4005 2883 4052 p.
2920 3990 3033 4040 182.

240 4056 347 4105 l'lov.
370 4055 458 4103 12.
482 4067 530 4102 c.
554 4050 946 4103 4.—Nov.18.c.
970 4052 1237 4100 11.-ΝΜ.
1262 4044 1610 4099 19.-Νον.74.
1674 4053 1771 4109 (ed.
1793 4055 1892 4109 ll.).
1916 4075 1977 4087 —
2000 4054 2076 4100 Cf.
2100 4061 2149 4100 et
2171 4056 2288 4101 Nov.
2310 4051 2391 4101 78.
2417 4066 2462 4100 c.
2483 4051 2533 4099 4.

241 4121 386 4176 Pfflef·
411 4121 443 4174 S
471 4119 519 4166 1.
538 4118 590 4165 2.
608 4143 664 4150 —-
688 4118 802 4164 Nov.
827 4112 907 4162 78.
931 4127 975 4161 c.
998 4117 1044 4162 4.
1074 4128 1148 4172 pr.
1177 4115 1295 4160 Nov.
1319 4109 1398 4157 89.
1423 4123 1468 4158 c.
1491 4108 1540 4157 8·
1730 4114 1782 4174 5)
1813 4118 1880 4163 De
1907 4129 2003 4175 qua
2042 4116 2140 4162 vid.
2187 4113 2348 4164 Gtilck
2371 4117 2523 4162 Pand.
2547 4118 2606 4164 ll.
2631 4119 2657 4173 S
2681 4113 2790 4163 145.
2813 4122 2863 4163 et
2885 4117 3027 4163 Giin-

294 4179 342 4237 6)
373 4183 500 4228 NOV·
526 4179 608 4229 74·
636 4192 681 4227 c·
704 4179 751 4227 1·
773 4186 823 4225 et
841 4190 886 4224 c·
909 4176 958 4223 2·
982 4202 1043 4212 —
1064 4179 1180 4224 Νῦν.
1203 4174 1286 4222 8⁰·
1305 4187 1349 4221 c·
1371 4171 1420 4221 9-
1446 4197 1508 4206 -
1526 4173 1602 4219 Cf·
1669 4177 1808 4225 there·
1828 4178 1982 4236 princ.
1998 4177 2100 4234 jur.
2125 4190 2249 4226 rom.
2273 4180 2399 4237 priv.
2423 4178 2601 4225 noviss.
2625 4182 2682 4226 ll.
2705 4183 2732 4237 s
2752 4176 2863 4228 482.
2887 4184 2938 4225 et
2961 4178 3029 4228 ti».

242 4245 322 4290 Ge.
341 4247 410 4293 Η.
433 4240 648 4300 Ast-eri
667 4243 719 4290 D.
741 4244 801 4288 de
823 4240 1056 4298 rescripto
1079 4238 1442 4298 legitimationis
1469 4235 1605 4293 prin·
1666 4240 1838 4288 lauda,
1860 4242 2050 4300 scripu,

239 4306 351 4363 cipis
373 4305 719 4366 plenissimum
739 4304 968 4350 effectum
987 4304 1252 4360 tribuente,
1267 4299 1468 4359 legitimi
1491 4298 1605 4344 licet
2261 4331 2288 4385 s
2320 4328 2434 4378 559·

242 4367 372 4414 liberi
392 4374 615 4417 exstent.
641 4368 798 4414 Goett.
822 4362 965 4413 1748.
2644 4415 2653 4424 .

296 4428 345 4485 7)
378 4433 496 4479 Nor.
542 4427 628 4477 74.
671 4442 716 4475 c.
747 4428 796 4476 2.
818 4428 845 4484 S
868 4425 915 4481 l.
939 4451 1000 4460 —
1019 4427 1136 4474 Nov.
1159 4423 1238 4473 89.
1265 4436 1309 4471 c.
1335 4422 1416 4470 10.
1439 4448 1500 4456 —
1522 4421 1598 4468 ci.
1727 4417 1791 4476 (⁸)
1825 4420 1943 4464 inst.
1965 4417 2023 4474 (i,
2052 4415 2148 4470 ¹2.)
2220 4414 2378 4462 uibus
2417 4414 2590 4463 modis
2623 4426 2719 4471 ,ωε
2753 4417 3032 4474 potestatis

240 4491 552 4542 Buttmann}
590 4492 942 4538 Misoeilaneor.
973 4502 1016 4535 c.
1041 4487 1091 4536 7.
1129 4502 1179 4548 p.
1202 4487 1285 4535 51.
1309 4491 1359 4532 et
1378 4485 1601 4544 inprimis
1665 4479 2150 4537 solvitur.—Dig.(i,
2208 4479 2242 4534 .)
2261 4478 2328 4525 de
2348 4478 2742 4552 (adoptionilgus
2755 4482 3030 4534 coeman-

245 4553 497 4603 nummu
516 4557 569 4601 in
592 4553 824 4600 zeitschr.
851 4554 932 4599 l'ttr
973 4552 1135 4597 Civilr.
1162 4563 1212 4597 u.
1239 4550 1378 4596 Proc.
1411 4549 1446 4594 1.
1467 4560 1518 4606 p.
1539 4545 1602 4593 7s
1664 4542 2053 4602 cipatione'bus,
2098 4544 2154 4589 el
2191 4539 2310 4587 aliis
2341 4542 2508 4588 modes
2522 4573 2539 4601 ‚
2582 4541 2775 4598 quibus
2792 4543 3033 4598 potestas

245 4626 341 4675 sqq.
366 4620 459 4674 Qui
482 4618 690 4676 quidem
711 4614 803 4661 hoc
822 4614 967 4660 modo
988 4614 1093 4660 fleri
1114 4625 1214 4660 non
1250 4622 1416 4672 posse,
1441 4609 1535 4655 nisi
1555 4611 1603 4655 in
1665 4609 1910 4656 solvitur.
1937 4629 1992 4638 —-
2014 4605 2133 4650 Cod.
2155 4602 2173 4658 (
2196 4604 2322 4659 vill,
2344 4601 2458 4659 49.)
2480 4603 2549 4649 de
2568 4602 3030 4661 enianctpationib.

241 4679 527 4737 subsidium,
554 4676 976 4736 utlegitimationis
996 4678 1280 4734 rescriptum
1295 4675 1601 4732 impetretur,
1665 4671 1943 4718 liberem—
1968 4665 2091 4713 Clzr.
2116 4664 2376 4712 Thomasie'
2396 4668 2450 4711 D.
2470 4665 2531 4711 de
2553 4677 2642 4710 usu
2665 4668 2878 4723 practico
2900 4667 3031 4714 tituli

242 4748 324 4795 pro
343 4747 482 4789 certo
503 4739 723 4788 affirmat
747 4772 762 4797 ‚
791 4741 894 4785 scil.
919 4737 980 4785 ad
1004 4740 1120 4784 talia
1141 4740 1301 4795 legum
1323 4735 1468 4781 verba
1495 4747 1603 4793 pro·
1665 4727 2137 4787 institution.‚quib.
2157 4727 2343 4783 mod.j.
2360 4741 2410 4785 p.
2427 4740 2477 4786 p.
2499 4728 2721 4775 solvitur.
2754 4729 2859 4775 lial.
2887 4725 3028 4780 1727.

240 4811 428 4857 vocans,
448 4815 600 4863 quae,
623 4801 827 4849 utnobis
840 4801 1035 4861 quidem
1047 4811 1331 4859 persuasum
1345 4798 1603 4859 habemus,
1667 4796 1736 4852 (in
1756 4796 1872 4841 diss.
1896 4789 2069 4839 acadd.
2091 4791 2150 4836 Τ.
2174 4792 2252 4838 lv.
2275 4791 2360 4836 Nr.
2385 4789 2502 4847 15.).
2869 4852 2879 4864 ⁸

241 4866 542 4914 enunciative
563 4870 756 4913 tautum
779 4866 1042 4923 imperator
1061 4864 1277 4910 elocutus
1301 4866 1392 4909 est.
1731 4859 1778 4916 1)
1811 4857 1887 4903 Ρι·.
1913 4856 1949 4900 l.
1973 4853 2026 4901 Ιι.
2052 4855 2090 4901 t.
2117 4868 2142 4895 u
2155 4858 2350 4901 mortuo
2373 4864 2487 4901 vero
2510 4863 2600 4900 avo
2631 4863 2726 4899 non
2749 4851 3031 4901 omnimodo
