<?xml version="1.0" encoding="UTF-8"?>
<!DOCTYPE html PUBLIC "-//W3C//DTD XHTML 1.0 Transitional//EN"
    "http://www.w3.org/TR/xhtml1/DTD/xhtml1-transitional.dtd">
<html xmlns="http://www.w3.org/1999/xhtml" xml:lang="en" lang="en">
 <head>
  <title>
</title>
<meta http-equiv="Content-Type" content="text/html;charset=utf-8" />
  <meta name='ocr-system' content='tesseract 3.04.00' />
  <meta name='ocr-capabilities' content='ocr_page ocr_carea ocr_par ocr_line ocrx_word'/>
</head>
<body>
  <div class='ocr_page' id='page_1' title='image "./doctrinapandect03mhgoog/doctrinapandect03mhgoog_0308.png"; bbox 0 0 3544 5506; ppageno 0'>
   <div class='ocr_carea' id='block_1_1' title="bbox 461 328 2626 394">
    <p class='ocr_par' dir='ltr' id='par_1_1' title="bbox 461 328 2626 394">
     <span class='ocr_line' id='line_1_1' title="bbox 461 328 2626 394; baseline -0.001 -6"><span class='ocrx_word' id='word_1_1' title='bbox 461 328 576 388; x_wconf 83' lang='grc'><strong>286</strong></span> <span class='ocrx_word' id='word_1_2' title='bbox 1023 343 1177 386; x_wconf 61' lang='lat' dir='ltr'><strong>raas</strong></span> <span class='ocrx_word' id='word_1_3' title='bbox 1214 343 1377 387; x_wconf 73' lang='lat' dir='ltr'><strong>srsc.</strong></span> <span class='ocrx_word' id='word_1_4' title='bbox 1417 343 1535 387; x_wconf 77' lang='lat' dir='ltr'><strong>us.</strong></span> <span class='ocrx_word' id='word_1_5' title='bbox 1574 343 1648 386; x_wconf 87' lang='lat' dir='ltr'><strong>u.</strong></span> <span class='ocrx_word' id='word_1_6' title='bbox 1687 343 1766 387; x_wconf 74' lang='grc' dir='ltr'><strong>ιιι</strong></span> <span class='ocrx_word' id='word_1_7' title='bbox 1805 342 1994 386; x_wconf 75' lang='lat' dir='ltr'><strong>mus</strong></span> <span class='ocrx_word' id='word_1_8' title='bbox 2031 342 2306 394; x_wconf 68' lang='lat' dir='ltr'><strong>manno.</strong></span> <span class='ocrx_word' id='word_1_9' title='bbox 2345 342 2626 386; x_wconf 66' lang='lat' dir='ltr'><strong>nomam.</strong></span> 
     </span>
    </p>
   </div>
   <div class='ocr_carea' id='block_1_2' title="bbox 452 449 3263 923">
    <p class='ocr_par' dir='ltr' id='par_1_2' title="bbox 452 449 3263 923">
     <span class='ocr_line' id='line_1_2' title="bbox 456 449 3261 529; baseline 0.001 -16"><span class='ocrx_word' id='word_1_10' title='bbox 456 449 825 514; x_wconf 84' lang='lat' dir='ltr'><strong>adversario</strong></span> <span class='ocrx_word' id='word_1_11' title='bbox 869 460 1051 515; x_wconf 86' lang='lat' dir='ltr'><strong>actor</strong></span> <span class='ocrx_word' id='word_1_12' title='bbox 1089 450 1392 529; x_wconf 76' lang='lat' dir='ltr'><strong>intendit,</strong></span> <span class='ocrx_word' id='word_1_13' title='bbox 1436 452 1750 527; x_wconf 86' lang='lat' dir='ltr'><strong>simulque</strong></span> <span class='ocrx_word' id='word_1_14' title='bbox 1777 453 1938 526; x_wconf 83' lang='lat' dir='ltr'><strong>petit</strong></span> <span class='ocrx_word' id='word_1_15' title='bbox 1955 494 1974 521; x_wconf 84' lang='lat'><strong>,</strong></span> <span class='ocrx_word' id='word_1_16' title='bbox 2018 469 2167 513; x_wconf 86' lang='lat' dir='ltr'><strong>cum</strong></span> <span class='ocrx_word' id='word_1_17' title='bbox 2189 496 2206 523; x_wconf 95' lang='lat'><strong>,</strong></span> <span class='ocrx_word' id='word_1_18' title='bbox 2253 459 2326 512; x_wconf 90' lang='lat' dir='ltr'><strong>ut</strong></span> <span class='ocrx_word' id='word_1_19' title='bbox 2372 455 2437 512; x_wconf 93' lang='lat' dir='ltr'><strong>id</strong></span> <span class='ocrx_word' id='word_1_20' title='bbox 2464 498 2480 524; x_wconf 92' lang='lat'>‚</span> <span class='ocrx_word' id='word_1_21' title='bbox 2527 454 2703 527; x_wconf 85' lang='lat' dir='ltr'><strong>quod</strong></span> <span class='ocrx_word' id='word_1_22' title='bbox 2750 455 3016 515; x_wconf 87' lang='lat' dir='ltr'><strong>interest</strong></span> <span class='ocrx_word' id='word_1_23' title='bbox 3039 502 3054 527; x_wconf 92' lang='lat'><strong>‚</strong></span> <span class='ocrx_word' id='word_1_24' title='bbox 3110 472 3261 517; x_wconf 86' lang='lat' dir='ltr'><strong>reus</strong></span> 
     </span>
     <span class='ocr_line' id='line_1_3' title="bbox 459 552 3259 629; baseline 0.002 -17"><span class='ocrx_word' id='word_1_25' title='bbox 459 561 773 628; x_wconf 88' lang='lat' dir='ltr'><strong>praestet,</strong></span> <span class='ocrx_word' id='word_1_26' title='bbox 814 561 952 611; x_wconf 91' lang='lat' dir='ltr'><strong>tum</strong></span> <span class='ocrx_word' id='word_1_27' title='bbox 976 568 1131 612; x_wconf 85' lang='lat' dir='ltr'><strong>vero</strong></span> <span class='ocrx_word' id='word_1_28' title='bbox 1156 554 1388 612; x_wconf 91' lang='lat' dir='ltr'><strong>idonee</strong></span> <span class='ocrx_word' id='word_1_29' title='bbox 1416 560 1642 611; x_wconf 80' lang='lat' dir='ltr'><strong>caveat</strong></span> <span class='ocrx_word' id='word_1_30' title='bbox 1662 555 1743 611; x_wconf 90' lang='lat' dir='ltr'><strong>de</strong></span> <span class='ocrx_word' id='word_1_31' title='bbox 1782 568 1914 611; x_wconf 89' lang='lat' dir='ltr'><strong>non</strong></span> <span class='ocrx_word' id='word_1_32' title='bbox 1937 552 2206 626; x_wconf 88' lang='lat' dir='ltr'><strong>amplius</strong></span> <span class='ocrx_word' id='word_1_33' title='bbox 2240 553 2563 613; x_wconf 91' lang='lat' dir='ltr'><strong>turbando</strong></span> <span class='ocrx_word' id='word_1_34' title='bbox 2591 555 2829 613; x_wconf 86' lang='lat' dir='ltr'><strong>actoris</strong></span> <span class='ocrx_word' id='word_1_35' title='bbox 2855 555 3145 615; x_wconf 90' lang='lat' dir='ltr'><strong>dominio</strong></span> <span class='ocrx_word' id='word_1_36' title='bbox 3166 553 3259 629; x_wconf 82' lang='lat'><strong>¹⁵).</strong></span> 
     </span>
     <span class='ocr_line' id='line_1_4' title="bbox 457 650 3263 728; baseline -0 -14"><span class='ocrx_word' id='word_1_37' title='bbox 457 658 542 714; x_wconf 85' lang='lat' dir='ltr'><strong>Ac</strong></span> <span class='ocrx_word' id='word_1_38' title='bbox 580 655 863 714; x_wconf 89' lang='lat' dir='ltr'><strong>similiter</strong></span> <span class='ocrx_word' id='word_1_39' title='bbox 890 654 1008 712; x_wconf 85' lang='lat' dir='ltr'><strong>hac</strong></span> <span class='ocrx_word' id='word_1_40' title='bbox 1038 653 1291 712; x_wconf 88' lang='lat' dir='ltr'><strong>actione</strong></span> <span class='ocrx_word' id='word_1_41' title='bbox 1323 653 1525 711; x_wconf 93' lang='lat' dir='ltr'><strong>utitur</strong></span> <span class='ocrx_word' id='word_1_42' title='bbox 1549 695 1566 723; x_wconf 93' lang='lat'><strong>,</strong></span> <span class='ocrx_word' id='word_1_43' title='bbox 1597 660 1661 711; x_wconf 91' lang='lat' dir='ltr'><strong>et</strong></span> <span class='ocrx_word' id='word_1_44' title='bbox 1700 651 1809 726; x_wconf 85' lang='lat' dir='ltr'><strong>qui</strong></span> <span class='ocrx_word' id='word_1_45' title='bbox 1837 667 1969 711; x_wconf 91' lang='lat' dir='ltr'><strong>non</strong></span> <span class='ocrx_word' id='word_1_46' title='bbox 1998 652 2314 727; x_wconf 75' lang='lat' dir='ltr'><strong>possidet,</strong></span> <span class='ocrx_word' id='word_1_47' title='bbox 2343 658 2407 710; x_wconf 92' lang='lat' dir='ltr'><strong>et</strong></span> <span class='ocrx_word' id='word_1_48' title='bbox 2439 654 2548 725; x_wconf 91' lang='lat' dir='ltr'><strong>qui</strong></span> <span class='ocrx_word' id='word_1_49' title='bbox 2576 655 2753 711; x_wconf 88' lang='lat' dir='ltr'><strong>velut</strong></span> <span class='ocrx_word' id='word_1_50' title='bbox 2778 650 2842 711; x_wconf 91' lang='lat' dir='ltr'><strong>in</strong></span> <span class='ocrx_word' id='word_1_51' title='bbox 2873 655 3263 728; x_wconf 68' lang='lat' dir='ltr'>possessione</span> 
     </span>
     <span class='ocr_line' id='line_1_5' title="bbox 460 751 3259 825; baseline -0 -12"><span class='ocrx_word' id='word_1_52' title='bbox 460 761 558 813; x_wconf 88' lang='lat' dir='ltr'><strong>est</strong></span> <span class='ocrx_word' id='word_1_53' title='bbox 576 753 885 812; x_wconf 76' lang='lat' dir='ltr'><strong>libertatis</strong></span> <span class='ocrx_word' id='word_1_54' title='bbox 911 756 995 821; x_wconf 74' lang='lat'><strong>¹⁶).</strong></span> <span class='ocrx_word' id='word_1_55' title='bbox 1033 758 1121 812; x_wconf 90' lang='lat' dir='ltr'><strong>De</strong></span> <span class='ocrx_word' id='word_1_56' title='bbox 1147 768 1225 811; x_wconf 90' lang='lat' dir='ltr'><strong>ea</strong></span> <span class='ocrx_word' id='word_1_57' title='bbox 1252 768 1410 812; x_wconf 84' lang='lat' dir='ltr'><strong>vero</strong></span> <span class='ocrx_word' id='word_1_58' title='bbox 1423 753 1833 825; x_wconf 81' lang='lat' dir='ltr'><strong>quaestione,</strong></span> <span class='ocrx_word' id='word_1_59' title='bbox 1857 753 2115 810; x_wconf 80' lang='lat' dir='ltr'><strong>cuinam</strong></span> <span class='ocrx_word' id='word_1_60' title='bbox 2138 751 2470 810; x_wconf 86' lang='lat' dir='ltr'><strong>incumbat</strong></span> <span class='ocrx_word' id='word_1_61' title='bbox 2492 753 2809 825; x_wconf 86' lang='lat' dir='ltr'><strong>probandi</strong></span> <span class='ocrx_word' id='word_1_62' title='bbox 2830 769 3023 822; x_wconf 89' lang='lat' dir='ltr'><strong>onus;</strong></span> <span class='ocrx_word' id='word_1_63' title='bbox 3046 760 3259 812; x_wconf 88' lang='lat' dir='ltr'><strong>utrum</strong></span> 
     </span>
     <span class='ocr_line' id='line_1_6' title="bbox 452 848 3260 923; baseline 0 -17"><span class='ocrx_word' id='word_1_64' title='bbox 452 849 506 907; x_wconf 90' lang='lat' dir='ltr'><strong>is</strong></span> <span class='ocrx_word' id='word_1_65' title='bbox 523 892 541 922; x_wconf 90' lang='lat'><strong>,</strong></span> <span class='ocrx_word' id='word_1_66' title='bbox 575 849 683 922; x_wconf 89' lang='lat' dir='ltr'><strong>qui</strong></span> <span class='ocrx_word' id='word_1_67' title='bbox 704 850 1034 919; x_wconf 76' lang='lat' dir='ltr'><strong>negatoria</strong></span> <span class='ocrx_word' id='word_1_68' title='bbox 1051 849 1253 905; x_wconf 90' lang='lat' dir='ltr'><strong>utitur</strong></span> <span class='ocrx_word' id='word_1_69' title='bbox 1274 849 1526 907; x_wconf 88' lang='lat' dir='ltr'><strong>actione</strong></span> <span class='ocrx_word' id='word_1_70' title='bbox 1546 889 1564 923; x_wconf 90' lang='lat'>‚</span> <span class='ocrx_word' id='word_1_71' title='bbox 1595 849 1676 906; x_wconf 90' lang='lat' dir='ltr'><strong>de</strong></span> <span class='ocrx_word' id='word_1_72' title='bbox 1693 848 1985 907; x_wconf 88' lang='lat' dir='ltr'><strong>libertate</strong></span> <span class='ocrx_word' id='word_1_73' title='bbox 2007 885 2027 917; x_wconf 91' lang='lat'><em>‚</em></span> <span class='ocrx_word' id='word_1_74' title='bbox 2051 863 2135 905; x_wconf 87' lang='lat' dir='ltr'><strong>an</strong></span> <span class='ocrx_word' id='word_1_75' title='bbox 2156 848 2204 905; x_wconf 88' lang='lat' dir='ltr'><strong>is</strong></span> <span class='ocrx_word' id='word_1_76' title='bbox 2224 889 2243 918; x_wconf 92' lang='lat'>‚</span> <span class='ocrx_word' id='word_1_77' title='bbox 2278 849 2384 921; x_wconf 92' lang='lat' dir='ltr'><strong>qui</strong></span> <span class='ocrx_word' id='word_1_78' title='bbox 2407 849 2789 906; x_wconf 78' lang='lat' dir='ltr'><strong>convenitur</strong></span> <span class='ocrx_word' id='word_1_79' title='bbox 2812 893 2828 920; x_wconf 96' lang='lat'><strong>,</strong></span> <span class='ocrx_word' id='word_1_80' title='bbox 2851 851 2934 909; x_wconf 88' lang='lat' dir='ltr'><strong>de</strong></span> <span class='ocrx_word' id='word_1_81' title='bbox 2957 855 3260 908; x_wconf 85' lang='lat' dir='ltr'><strong>servitute</strong></span> 
     </span>
    </p>
   </div>
   <div class='ocr_carea' id='block_1_3' title="bbox 446 945 3260 1323">
    <p class='ocr_par' dir='ltr' id='par_1_3' title="bbox 446 945 3260 1323">
     <span class='ocr_line' id='line_1_7' title="bbox 446 945 3258 1023; baseline -0.001 -17"><span class='ocrx_word' id='word_1_82' title='bbox 446 948 728 1023; x_wconf 82' lang='lat' dir='ltr'><strong>judicem</strong></span> <span class='ocrx_word' id='word_1_83' title='bbox 766 950 1042 1008; x_wconf 87' lang='lat' dir='ltr'><strong>edocere</strong></span> <span class='ocrx_word' id='word_1_84' title='bbox 1073 964 1332 1008; x_wconf 88' lang='lat' dir='ltr'><strong>necesse</strong></span> <span class='ocrx_word' id='word_1_85' title='bbox 1366 945 1600 1007; x_wconf 89' lang='lat' dir='ltr'><strong>habeat</strong></span> <span class='ocrx_word' id='word_1_86' title='bbox 1630 954 1654 1006; x_wconf 84' lang='lat'>?</span> <span class='ocrx_word' id='word_1_87' title='bbox 1691 948 1931 1007; x_wconf 88' lang='lat' dir='ltr'><strong>acriter</strong></span> <span class='ocrx_word' id='word_1_88' title='bbox 1957 948 2124 1006; x_wconf 85' lang='lat' dir='ltr'><strong>inter</strong></span> <span class='ocrx_word' id='word_1_89' title='bbox 2154 950 2334 1005; x_wconf 82' lang='lat' dir='ltr'><strong>JCtos</strong></span> <span class='ocrx_word' id='word_1_90' title='bbox 2363 948 2728 1019; x_wconf 85' lang='lat' dir='ltr'><strong>disputatur</strong></span> <span class='ocrx_word' id='word_1_91' title='bbox 2758 949 2850 1021; x_wconf 87' lang='lat'><strong>¹⁷).</strong></span> <span class='ocrx_word' id='word_1_92' title='bbox 2880 952 2953 1005; x_wconf 86' lang='lat' dir='ltr'><strong>Et</strong></span> <span class='ocrx_word' id='word_1_93' title='bbox 2982 945 3085 1007; x_wconf 89' lang='lat' dir='ltr'><strong>alii</strong></span> <span class='ocrx_word' id='word_1_94' title='bbox 3120 949 3258 1020; x_wconf 86' lang='lat' dir='ltr'><strong>qui-</strong></span> 
     </span>
     <span class='ocr_line' id='line_1_8' title="bbox 451 1044 3256 1123; baseline 0 -18"><span class='ocrx_word' id='word_1_95' title='bbox 451 1050 600 1106; x_wconf 90' lang='lat' dir='ltr'><strong>dem</strong></span> <span class='ocrx_word' id='word_1_96' title='bbox 629 1065 703 1107; x_wconf 89' lang='lat' dir='ltr'><strong>ex</strong></span> <span class='ocrx_word' id='word_1_97' title='bbox 728 1048 1124 1122; x_wconf 85' lang='lat' dir='ltr'><strong>possessione</strong></span> <span class='ocrx_word' id='word_1_98' title='bbox 1141 1092 1158 1118; x_wconf 88' lang='lat'><strong>,</strong></span> <span class='ocrx_word' id='word_1_99' title='bbox 1182 1048 1311 1107; x_wconf 91' lang='lat' dir='ltr'><strong>sive</strong></span> <span class='ocrx_word' id='word_1_100' title='bbox 1333 1044 1498 1123; x_wconf 80' lang='lat' dir='ltr'><strong>juris</strong></span> <span class='ocrx_word' id='word_1_101' title='bbox 1519 1048 1651 1106; x_wconf 90' lang='lat' dir='ltr'><strong>sive</strong></span> <span class='ocrx_word' id='word_1_102' title='bbox 1681 1048 1990 1106; x_wconf 78' lang='lat' dir='ltr'><strong>libertatis</strong></span> <span class='ocrx_word' id='word_1_103' title='bbox 2012 1090 2029 1118; x_wconf 94' lang='lat'>‚</span> <span class='ocrx_word' id='word_1_104' title='bbox 2054 1048 2271 1105; x_wconf 90' lang='lat' dir='ltr'><strong>omnia</strong></span> <span class='ocrx_word' id='word_1_105' title='bbox 2293 1047 2574 1119; x_wconf 89' lang='lat' dir='ltr'><strong>pendere</strong></span> <span class='ocrx_word' id='word_1_106' title='bbox 2598 1047 2853 1114; x_wconf 86' lang='lat' dir='ltr'><strong>volunt,</strong></span> <span class='ocrx_word' id='word_1_107' title='bbox 2882 1048 3005 1106; x_wconf 90' lang='lat' dir='ltr'><strong>hoc</strong></span> <span class='ocrx_word' id='word_1_108' title='bbox 3033 1053 3223 1119; x_wconf 87' lang='lat' dir='ltr'><strong>pacto</strong></span> <span class='ocrx_word' id='word_1_109' title='bbox 3238 1088 3256 1120; x_wconf 91' lang='lat'><strong>,</strong></span> 
     </span>
     <span class='ocr_line' id='line_1_9' title="bbox 452 1145 3260 1221; baseline -0 -17"><span class='ocrx_word' id='word_1_110' title='bbox 452 1153 526 1204; x_wconf 88' lang='lat' dir='ltr'><strong>ut</strong></span> <span class='ocrx_word' id='word_1_111' title='bbox 546 1162 798 1220; x_wconf 85' lang='lat' dir='ltr'><strong>semper</strong></span> <span class='ocrx_word' id='word_1_112' title='bbox 819 1147 1136 1221; x_wconf 89' lang='lat' dir='ltr'><strong>probandi</strong></span> <span class='ocrx_word' id='word_1_113' title='bbox 1167 1162 1333 1206; x_wconf 91' lang='lat' dir='ltr'><strong>onus</strong></span> <span class='ocrx_word' id='word_1_114' title='bbox 1369 1148 1452 1205; x_wconf 93' lang='lat' dir='ltr'><strong>ad</strong></span> <span class='ocrx_word' id='word_1_115' title='bbox 1484 1162 1631 1206; x_wconf 90' lang='lat' dir='ltr'><strong>eum</strong></span> <span class='ocrx_word' id='word_1_116' title='bbox 1661 1147 1982 1220; x_wconf 82' lang='lat' dir='ltr'><strong>pertineat</strong></span> <span class='ocrx_word' id='word_1_117' title='bbox 2001 1189 2018 1216; x_wconf 98' lang='lat'><strong>,</strong></span> <span class='ocrx_word' id='word_1_118' title='bbox 2043 1147 2308 1218; x_wconf 91' lang='lat' dir='ltr'><strong>quinon</strong></span> <span class='ocrx_word' id='word_1_119' title='bbox 2334 1146 2615 1218; x_wconf 85' lang='lat' dir='ltr'><strong>possidet</strong></span> <span class='ocrx_word' id='word_1_120' title='bbox 2634 1189 2649 1215; x_wconf 95' lang='lat'><strong>,</strong></span> <span class='ocrx_word' id='word_1_121' title='bbox 2677 1145 2870 1217; x_wconf 89' lang='lat' dir='ltr'><strong>idque</strong></span> <span class='ocrx_word' id='word_1_122' title='bbox 2894 1151 3008 1203; x_wconf 91' lang='lat' dir='ltr'><strong>aut</strong></span> <span class='ocrx_word' id='word_1_123' title='bbox 3026 1145 3260 1218; x_wconf 83' lang='lat' dir='ltr'><strong>simpli-</strong></span> 
     </span>
     <span class='ocr_line' id='line_1_10' title="bbox 451 1243 3260 1323; baseline -0.001 -17"><span class='ocrx_word' id='word_1_124' title='bbox 451 1245 614 1306; x_wconf 90' lang='lat' dir='ltr'><strong>citer</strong></span> <span class='ocrx_word' id='word_1_125' title='bbox 630 1247 720 1317; x_wconf 65' lang='lat'><strong>¹²⁴),</strong></span> <span class='ocrx_word' id='word_1_126' title='bbox 767 1253 879 1305; x_wconf 90' lang='lat' dir='ltr'><strong>aut</strong></span> <span class='ocrx_word' id='word_1_127' title='bbox 916 1247 1005 1306; x_wconf 88' lang='lat' dir='ltr'><strong>ita</strong></span> <span class='ocrx_word' id='word_1_128' title='bbox 1035 1253 1212 1306; x_wconf 89' lang='lat' dir='ltr'><strong>certe</strong></span> <span class='ocrx_word' id='word_1_129' title='bbox 1232 1291 1248 1318; x_wconf 86' lang='lat'><strong>,</strong></span> <span class='ocrx_word' id='word_1_130' title='bbox 1293 1248 1345 1306; x_wconf 91' lang='lat' dir='ltr'><strong>si</strong></span> <span class='ocrx_word' id='word_1_131' title='bbox 1380 1247 1518 1323; x_wconf 85' lang='lat' dir='ltr'><strong>jam</strong></span> <span class='ocrx_word' id='word_1_132' title='bbox 1549 1247 1613 1304; x_wconf 92' lang='lat' dir='ltr'><strong>in</strong></span> <span class='ocrx_word' id='word_1_133' title='bbox 1639 1243 2029 1320; x_wconf 83' lang='lat' dir='ltr'><strong>possessorio</strong></span> <span class='ocrx_word' id='word_1_134' title='bbox 2069 1248 2234 1307; x_wconf 88' lang='lat' dir='ltr'><strong>alter</strong></span> <span class='ocrx_word' id='word_1_135' title='bbox 2262 1248 2568 1305; x_wconf 86' lang='lat' dir='ltr'><strong>adversus</strong></span> <span class='ocrx_word' id='word_1_136' title='bbox 2605 1247 2881 1304; x_wconf 86' lang='lat' dir='ltr'><strong>alterum</strong></span> <span class='ocrx_word' id='word_1_137' title='bbox 2927 1246 3260 1305; x_wconf 84' lang='lat' dir='ltr'><strong>victoriam</strong></span> 
     </span>
    </p>
   </div>
   <div class='ocr_carea' id='block_1_4' title="bbox 444 1343 3264 2509">
    <p class='ocr_par' dir='ltr' id='par_1_4' title="bbox 444 1343 3264 2509">
     <span class='ocr_line' id='line_1_11' title="bbox 451 1343 3259 1422; baseline -0 -18"><span class='ocrx_word' id='word_1_138' title='bbox 451 1347 878 1418; x_wconf 85' lang='lat' dir='ltr'><strong>reportaverit</strong></span> <span class='ocrx_word' id='word_1_139' title='bbox 899 1346 989 1415; x_wconf 78' lang='lat'><strong>¹⁹).</strong></span> <span class='ocrx_word' id='word_1_140' title='bbox 1025 1346 1137 1405; x_wconf 84' lang='lat' dir='ltr'><strong>Alii</strong></span> <span class='ocrx_word' id='word_1_141' title='bbox 1159 1353 1386 1406; x_wconf 88' lang='lat' dir='ltr'><strong>contra</strong></span> <span class='ocrx_word' id='word_1_142' title='bbox 1407 1352 1731 1422; x_wconf 88' lang='lat' dir='ltr'><strong>statuunt,</strong></span> <span class='ocrx_word' id='word_1_143' title='bbox 1760 1347 1978 1421; x_wconf 89' lang='lat' dir='ltr'><strong>utique</strong></span> <span class='ocrx_word' id='word_1_144' title='bbox 2006 1361 2142 1406; x_wconf 89' lang='lat' dir='ltr'><strong>esse</strong></span> <span class='ocrx_word' id='word_1_145' title='bbox 2169 1347 2541 1405; x_wconf 89' lang='lat' dir='ltr'><strong>servitutem</strong></span> <span class='ocrx_word' id='word_1_146' title='bbox 2579 1346 2982 1418; x_wconf 87' lang='lat' dir='ltr'><strong>probandam</strong></span> <span class='ocrx_word' id='word_1_147' title='bbox 2996 1343 3090 1421; x_wconf 76' lang='lat'><strong>²⁰).</strong></span> <span class='ocrx_word' id='word_1_148' title='bbox 3121 1350 3259 1404; x_wconf 82' lang='lat' dir='ltr'><strong>Jam</strong></span> 
     </span>
     <span class='ocr_line' id='line_1_12' title="bbox 449 1436 3264 1516; baseline -0 -18"><span class='ocrx_word' id='word_1_149' title='bbox 449 1456 607 1500; x_wconf 87' lang='lat' dir='ltr'><strong>vero</strong></span> <span class='ocrx_word' id='word_1_150' title='bbox 628 1458 775 1500; x_wconf 89' lang='lat' dir='ltr'><strong>cum</strong></span> <span class='ocrx_word' id='word_1_151' title='bbox 803 1441 1134 1514; x_wconf 82' lang='lat' dir='ltr'><strong>negatoria</strong></span> <span class='ocrx_word' id='word_1_152' title='bbox 1175 1442 1343 1501; x_wconf 89' lang='lat' dir='ltr'><strong>actio</strong></span> <span class='ocrx_word' id='word_1_153' title='bbox 1362 1442 1518 1500; x_wconf 86' lang='lat' dir='ltr'><strong>nihil</strong></span> <span class='ocrx_word' id='word_1_154' title='bbox 1541 1441 1648 1513; x_wconf 88' lang='lat' dir='ltr'><strong>sit,</strong></span> <span class='ocrx_word' id='word_1_155' title='bbox 1676 1442 1795 1500; x_wconf 90' lang='lat' dir='ltr'><strong>nisi</strong></span> <span class='ocrx_word' id='word_1_156' title='bbox 1822 1443 2066 1516; x_wconf 84' lang='lat' dir='ltr'><strong>species</strong></span> <span class='ocrx_word' id='word_1_157' title='bbox 2107 1443 2429 1516; x_wconf 86' lang='lat' dir='ltr'><strong>quaedam</strong></span> <span class='ocrx_word' id='word_1_158' title='bbox 2453 1436 2898 1500; x_wconf 82' lang='lat' dir='ltr'><strong>vindicationis</strong></span> <span class='ocrx_word' id='word_1_159' title='bbox 2918 1442 3044 1510; x_wconf 89' lang='lat' dir='ltr'><strong>rei,</strong></span> <span class='ocrx_word' id='word_1_160' title='bbox 3072 1440 3264 1514; x_wconf 88' lang='lat' dir='ltr'><strong>siqui-</strong></span> 
     </span>
     <span class='ocr_line' id='line_1_13' title="bbox 448 1539 3264 1617; baseline 0 -18"><span class='ocrx_word' id='word_1_161' title='bbox 448 1542 597 1600; x_wconf 88' lang='lat' dir='ltr'><strong>dem</strong></span> <span class='ocrx_word' id='word_1_162' title='bbox 640 1542 720 1600; x_wconf 91' lang='lat' dir='ltr'><strong>de</strong></span> <span class='ocrx_word' id='word_1_163' title='bbox 761 1542 934 1600; x_wconf 90' lang='lat' dir='ltr'><strong>laeso</strong></span> <span class='ocrx_word' id='word_1_164' title='bbox 963 1541 1246 1600; x_wconf 89' lang='lat' dir='ltr'><strong>dominio</strong></span> <span class='ocrx_word' id='word_1_165' title='bbox 1279 1543 1572 1615; x_wconf 89' lang='lat' dir='ltr'><strong>queritur</strong></span> <span class='ocrx_word' id='word_1_166' title='bbox 1594 1583 1611 1611; x_wconf 93' lang='lat'><strong>,</strong></span> <span class='ocrx_word' id='word_1_167' title='bbox 1645 1542 1753 1615; x_wconf 90' lang='lat' dir='ltr'><strong>qui</strong></span> <span class='ocrx_word' id='word_1_168' title='bbox 1798 1558 1873 1601; x_wconf 90' lang='lat' dir='ltr'><strong>ea</strong></span> <span class='ocrx_word' id='word_1_169' title='bbox 1919 1542 2124 1600; x_wconf 88' lang='lat' dir='ltr'><strong>utitur</strong></span> <span class='ocrx_word' id='word_1_170' title='bbox 2136 1539 2204 1608; x_wconf 80' lang='grc'><strong>21)</strong></span> <span class='ocrx_word' id='word_1_171' title='bbox 2224 1588 2240 1615; x_wconf 88' lang='grc'><em>,</em></span> <span class='ocrx_word' id='word_1_172' title='bbox 2267 1541 2556 1614; x_wconf 88' lang='lat' dir='ltr'><strong>sequitur</strong></span> <span class='ocrx_word' id='word_1_173' title='bbox 2575 1584 2592 1617; x_wconf 88' lang='lat'><strong>,</strong></span> <span class='ocrx_word' id='word_1_174' title='bbox 2620 1547 2694 1598; x_wconf 89' lang='lat' dir='ltr'><strong>ut</strong></span> <span class='ocrx_word' id='word_1_175' title='bbox 2726 1547 2938 1614; x_wconf 88' lang='lat' dir='ltr'><strong>partes</strong></span> <span class='ocrx_word' id='word_1_176' title='bbox 2964 1555 3109 1599; x_wconf 90' lang='lat' dir='ltr'><strong>suas</strong></span> <span class='ocrx_word' id='word_1_177' title='bbox 3140 1541 3264 1599; x_wconf 87' lang='lat' dir='ltr'><strong>rite</strong></span> 
     </span>
     <span class='ocr_line' id='line_1_14' title="bbox 450 1637 3262 1714; baseline 0 -16"><span class='ocrx_word' id='word_1_178' title='bbox 450 1640 806 1713; x_wconf 81' lang='lat' dir='ltr'><strong>impleverit</strong></span> <span class='ocrx_word' id='word_1_179' title='bbox 843 1647 1059 1712; x_wconf 89' lang='lat' dir='ltr'><strong>actor,</strong></span> <span class='ocrx_word' id='word_1_180' title='bbox 1090 1642 1474 1714; x_wconf 86' lang='lat' dir='ltr'><strong>simulatque</strong></span> <span class='ocrx_word' id='word_1_181' title='bbox 1499 1641 1851 1700; x_wconf 90' lang='lat' dir='ltr'><strong>dominium</strong></span> <span class='ocrx_word' id='word_1_182' title='bbox 1885 1641 1979 1700; x_wconf 91' lang='lat' dir='ltr'><strong>rei</strong></span> <span class='ocrx_word' id='word_1_183' title='bbox 2020 1637 2097 1699; x_wconf 83' lang='lat' dir='ltr'><strong>ad</strong></span> <span class='ocrx_word' id='word_1_184' title='bbox 2127 1657 2196 1700; x_wconf 90' lang='lat' dir='ltr'><strong>se</strong></span> <span class='ocrx_word' id='word_1_185' title='bbox 2233 1641 2559 1714; x_wconf 90' lang='lat' dir='ltr'><strong>pertinere</strong></span> <span class='ocrx_word' id='word_1_186' title='bbox 2593 1641 2884 1714; x_wconf 91' lang='lat' dir='ltr'><strong>probavit</strong></span> <span class='ocrx_word' id='word_1_187' title='bbox 2907 1684 2924 1710; x_wconf 89' lang='lat'><strong>,</strong></span> <span class='ocrx_word' id='word_1_188' title='bbox 2963 1655 3086 1698; x_wconf 90' lang='lat' dir='ltr'><strong>nec</strong></span> <span class='ocrx_word' id='word_1_189' title='bbox 3128 1640 3262 1713; x_wconf 88' lang='lat' dir='ltr'><strong>ipse</strong></span> 
     </span>
     <span class='ocr_line' id='line_1_15' title="bbox 450 1735 3257 1814; baseline 0 -19"><span class='ocrx_word' id='word_1_190' title='bbox 450 1740 533 1797; x_wconf 87' lang='lat' dir='ltr'><strong>de</strong></span> <span class='ocrx_word' id='word_1_191' title='bbox 555 1739 849 1797; x_wconf 87' lang='lat' dir='ltr'><strong>libertate</strong></span> <span class='ocrx_word' id='word_1_192' title='bbox 871 1784 886 1809; x_wconf 95' lang='lat'>‚</span> <span class='ocrx_word' id='word_1_193' title='bbox 919 1742 1030 1798; x_wconf 90' lang='lat' dir='ltr'><strong>sed</strong></span> <span class='ocrx_word' id='word_1_194' title='bbox 1052 1740 1484 1811; x_wconf 87' lang='lat' dir='ltr'><strong>adversarius,</strong></span> <span class='ocrx_word' id='word_1_195' title='bbox 1517 1736 1625 1814; x_wconf 90' lang='lat' dir='ltr'><strong>qui</strong></span> <span class='ocrx_word' id='word_1_196' title='bbox 1664 1741 1922 1814; x_wconf 85' lang='lat' dir='ltr'><strong>quidem</strong></span> <span class='ocrx_word' id='word_1_197' title='bbox 1952 1741 2428 1799; x_wconf 91' lang='lat' dir='ltr'><strong>comminuendi</strong></span> <span class='ocrx_word' id='word_1_198' title='bbox 2465 1735 2726 1798; x_wconf 91' lang='lat' dir='ltr'><strong>dominii</strong></span> <span class='ocrx_word' id='word_1_199' title='bbox 2739 1739 2847 1813; x_wconf 85' lang='lat' dir='ltr'><strong>jus</strong></span> <span class='ocrx_word' id='word_1_200' title='bbox 2866 1739 2979 1799; x_wconf 89' lang='lat' dir='ltr'><strong>sibi</strong></span> <span class='ocrx_word' id='word_1_201' title='bbox 3010 1735 3257 1809; x_wconf 88' lang='lat' dir='ltr'><strong>asserit,</strong></span> 
     </span>
     <span class='ocr_line' id='line_1_16' title="bbox 448 1836 3261 1913; baseline 0 -19"><span class='ocrx_word' id='word_1_202' title='bbox 448 1838 529 1895; x_wconf 88' lang='lat' dir='ltr'><strong>de</strong></span> <span class='ocrx_word' id='word_1_203' title='bbox 574 1838 879 1897; x_wconf 86' lang='lat' dir='ltr'><strong>servitute</strong></span> <span class='ocrx_word' id='word_1_204' title='bbox 921 1839 1206 1913; x_wconf 88' lang='lat' dir='ltr'><strong>judicem</strong></span> <span class='ocrx_word' id='word_1_205' title='bbox 1247 1842 1521 1899; x_wconf 87' lang='lat' dir='ltr'><strong>edocere</strong></span> <span class='ocrx_word' id='word_1_206' title='bbox 1563 1855 1821 1900; x_wconf 91' lang='lat' dir='ltr'><strong>necesse</strong></span> <span class='ocrx_word' id='word_1_207' title='bbox 1857 1840 2128 1910; x_wconf 89' lang='lat' dir='ltr'><strong>habeat,</strong></span> <span class='ocrx_word' id='word_1_208' title='bbox 2172 1846 2306 1897; x_wconf 90' lang='lat' dir='ltr'><strong>tum</strong></span> <span class='ocrx_word' id='word_1_209' title='bbox 2353 1854 2648 1912; x_wconf 87' lang='lat' dir='ltr'><strong>quoque,</strong></span> <span class='ocrx_word' id='word_1_210' title='bbox 2697 1854 2845 1896; x_wconf 92' lang='lat' dir='ltr'><strong>cum</strong></span> <span class='ocrx_word' id='word_1_211' title='bbox 2879 1836 3040 1911; x_wconf 85' lang='lat' dir='ltr'><strong>juris</strong></span> <span class='ocrx_word' id='word_1_212' title='bbox 3081 1838 3261 1911; x_wconf 87' lang='lat' dir='ltr'><strong>quasi</strong></span> 
     </span>
     <span class='ocr_line' id='line_1_17' title="bbox 449 1934 3262 2013; baseline 0 -18"><span class='ocrx_word' id='word_1_213' title='bbox 449 1938 757 2009; x_wconf 89' lang='lat' dir='ltr'><strong>possessio</strong></span> <span class='ocrx_word' id='word_1_214' title='bbox 793 1940 965 2011; x_wconf 92' lang='lat' dir='ltr'><strong>apud</strong></span> <span class='ocrx_word' id='word_1_215' title='bbox 1009 1955 1156 1997; x_wconf 90' lang='lat' dir='ltr'><strong>eum</strong></span> <span class='ocrx_word' id='word_1_216' title='bbox 1191 1941 1271 1997; x_wconf 91' lang='lat' dir='ltr'><strong>sit</strong></span> <span class='ocrx_word' id='word_1_217' title='bbox 1298 1937 1391 2004; x_wconf 79' lang='lat'><strong>²²).</strong></span> <span class='ocrx_word' id='word_1_218' title='bbox 1439 1943 1591 1998; x_wconf 87' lang='lat' dir='ltr'><strong>Nam</strong></span> <span class='ocrx_word' id='word_1_219' title='bbox 1640 1942 1815 2013; x_wconf 90' lang='lat' dir='ltr'><strong>quod</strong></span> <span class='ocrx_word' id='word_1_220' title='bbox 1866 1940 2260 2013; x_wconf 88' lang='lat' dir='ltr'><strong>potissimum</strong></span> <span class='ocrx_word' id='word_1_221' title='bbox 2289 1945 2515 1998; x_wconf 87' lang='lat' dir='ltr'><strong>contra</strong></span> <span class='ocrx_word' id='word_1_222' title='bbox 2549 1934 2673 1996; x_wconf 89' lang='lat' dir='ltr'><strong>dici</strong></span> <span class='ocrx_word' id='word_1_223' title='bbox 2713 1938 2913 1996; x_wconf 88' lang='lat' dir='ltr'><strong>solet:</strong></span> <span class='ocrx_word' id='word_1_224' title='bbox 2959 1938 3097 2011; x_wconf 89' lang='lat' dir='ltr'><strong>ejus</strong></span> <span class='ocrx_word' id='word_1_225' title='bbox 3125 1952 3262 1995; x_wconf 89' lang='lat' dir='ltr'><strong>esse</strong></span> 
     </span>
     <span class='ocr_line' id='line_1_18' title="bbox 448 2035 3256 2112; baseline -0 -19"><span class='ocrx_word' id='word_1_226' title='bbox 448 2037 763 2108; x_wconf 89' lang='lat' dir='ltr'><strong>probandi</strong></span> <span class='ocrx_word' id='word_1_227' title='bbox 789 2053 951 2096; x_wconf 89' lang='lat' dir='ltr'><strong>onus</strong></span> <span class='ocrx_word' id='word_1_228' title='bbox 970 2081 985 2107; x_wconf 93' lang='lat'><strong>,</strong></span> <span class='ocrx_word' id='word_1_229' title='bbox 1010 2039 1121 2112; x_wconf 88' lang='lat' dir='ltr'><strong>qui</strong></span> <span class='ocrx_word' id='word_1_230' title='bbox 1140 2038 1234 2097; x_wconf 90' lang='lat' dir='ltr'><strong>rei</strong></span> <span class='ocrx_word' id='word_1_231' title='bbox 1258 2039 1717 2099; x_wconf 75' lang='lat' dir='ltr'><strong>conditionIsve</strong></span> <span class='ocrx_word' id='word_1_232' title='bbox 1739 2084 1755 2108; x_wconf 88' lang='lat'><strong>,</strong></span> <span class='ocrx_word' id='word_1_233' title='bbox 1787 2039 1882 2098; x_wconf 90' lang='lat' dir='ltr'><strong>uti</strong></span> <span class='ocrx_word' id='word_1_234' title='bbox 1903 2055 2076 2098; x_wconf 92' lang='lat' dir='ltr'><strong>nunc</strong></span> <span class='ocrx_word' id='word_1_235' title='bbox 2094 2045 2217 2107; x_wconf 87' lang='lat' dir='ltr'><strong>est,</strong></span> <span class='ocrx_word' id='word_1_236' title='bbox 2243 2038 2663 2095; x_wconf 87' lang='lat' dir='ltr'><strong>mutationem</strong></span> <span class='ocrx_word' id='word_1_237' title='bbox 2686 2036 2890 2108; x_wconf 89' lang='lat' dir='ltr'><strong>poscit</strong></span> <span class='ocrx_word' id='word_1_238' title='bbox 2909 2040 3070 2102; x_wconf 85' lang='lat' dir='ltr'><strong>(not.</strong></span> <span class='ocrx_word' id='word_1_239' title='bbox 3107 2035 3256 2106; x_wconf 86' lang='lat'><strong>18.),</strong></span> 
     </span>
     <span class='ocr_line' id='line_1_19' title="bbox 449 2136 3257 2216; baseline -0.001 -22"><span class='ocrx_word' id='word_1_240' title='bbox 449 2136 847 2195; x_wconf 87' lang='lat' dir='ltr'><strong>verissimum</strong></span> <span class='ocrx_word' id='word_1_241' title='bbox 875 2139 1132 2210; x_wconf 89' lang='lat' dir='ltr'><strong>quidem</strong></span> <span class='ocrx_word' id='word_1_242' title='bbox 1157 2145 1253 2197; x_wconf 90' lang='lat' dir='ltr'><strong>est</strong></span> <span class='ocrx_word' id='word_1_243' title='bbox 1279 2141 1341 2197; x_wconf 91' lang='lat' dir='ltr'><strong>in</strong></span> <span class='ocrx_word' id='word_1_244' title='bbox 1365 2140 1458 2198; x_wconf 93' lang='lat' dir='ltr'><strong>his</strong></span> <span class='ocrx_word' id='word_1_245' title='bbox 1480 2183 1497 2216; x_wconf 88' lang='lat'><strong>,</strong></span> <span class='ocrx_word' id='word_1_246' title='bbox 1524 2141 1604 2198; x_wconf 88' lang='lat' dir='ltr'><strong>de</strong></span> <span class='ocrx_word' id='word_1_247' title='bbox 1630 2142 1862 2214; x_wconf 88' lang='lat' dir='ltr'><strong>quibus</strong></span> <span class='ocrx_word' id='word_1_248' title='bbox 1891 2142 2069 2198; x_wconf 89' lang='lat' dir='ltr'><strong>nullo</strong></span> <span class='ocrx_word' id='word_1_249' title='bbox 2099 2140 2293 2198; x_wconf 88' lang='lat' dir='ltr'><strong>modo</strong></span> <span class='ocrx_word' id='word_1_250' title='bbox 2314 2144 2565 2197; x_wconf 88' lang='lat' dir='ltr'><strong>constat</strong></span> <span class='ocrx_word' id='word_1_251' title='bbox 2585 2181 2602 2212; x_wconf 88' lang='lat'><strong>,</strong></span> <span class='ocrx_word' id='word_1_252' title='bbox 2630 2152 2837 2209; x_wconf 89' lang='lat' dir='ltr'><strong>neque</strong></span> <span class='ocrx_word' id='word_1_253' title='bbox 2864 2150 3020 2194; x_wconf 90' lang='lat' dir='ltr'><strong>vero</strong></span> <span class='ocrx_word' id='word_1_254' title='bbox 3050 2150 3257 2208; x_wconf 88' lang='lat' dir='ltr'><strong>usque</strong></span> 
     </span>
     <span class='ocr_line' id='line_1_20' title="bbox 447 2231 3256 2309; baseline -0 -20"><span class='ocrx_word' id='word_1_255' title='bbox 447 2233 609 2291; x_wconf 91' lang='lat' dir='ltr'><strong>adeo</strong></span> <span class='ocrx_word' id='word_1_256' title='bbox 636 2234 1093 2305; x_wconf 81' lang='lat' dir='ltr'><strong>proferendum</strong></span> <span class='ocrx_word' id='word_1_257' title='bbox 1116 2277 1129 2299; x_wconf 88' lang='lat'><strong>,</strong></span> <span class='ocrx_word' id='word_1_258' title='bbox 1161 2241 1235 2292; x_wconf 89' lang='lat' dir='ltr'><strong>ut</strong></span> <span class='ocrx_word' id='word_1_259' title='bbox 1261 2235 1595 2302; x_wconf 86' lang='lat' dir='ltr'><strong>dominus,</strong></span> <span class='ocrx_word' id='word_1_260' title='bbox 1638 2236 1748 2309; x_wconf 88' lang='lat' dir='ltr'><strong>qui</strong></span> <span class='ocrx_word' id='word_1_261' title='bbox 1769 2236 1875 2309; x_wconf 86' lang='lat' dir='ltr'><strong>jus</strong></span> <span class='ocrx_word' id='word_1_262' title='bbox 1910 2252 2096 2295; x_wconf 89' lang='lat' dir='ltr'><strong>suum</strong></span> <span class='ocrx_word' id='word_1_263' title='bbox 2126 2237 2206 2293; x_wconf 89' lang='lat' dir='ltr'><strong>ab</strong></span> <span class='ocrx_word' id='word_1_264' title='bbox 2244 2236 2518 2294; x_wconf 89' lang='lat' dir='ltr'><strong>aliorum</strong></span> <span class='ocrx_word' id='word_1_265' title='bbox 2554 2232 3085 2306; x_wconf 86' lang='lat' dir='ltr'><strong>usurpationibus</strong></span> <span class='ocrx_word' id='word_1_266' title='bbox 3117 2231 3256 2288; x_wconf 88' lang='lat' dir='ltr'><strong>vin-</strong></span> 
     </span>
     <span class='ocr_line' id='line_1_21' title="bbox 446 2326 3256 2402; baseline 0.001 -18"><span class='ocrx_word' id='word_1_267' title='bbox 446 2326 647 2400; x_wconf 89' lang='lat' dir='ltr'><strong>dicat,</strong></span> <span class='ocrx_word' id='word_1_268' title='bbox 673 2328 790 2386; x_wconf 89' lang='lat' dir='ltr'><strong>nisi</strong></span> <span class='ocrx_word' id='word_1_269' title='bbox 809 2329 1058 2400; x_wconf 90' lang='lat' dir='ltr'><strong>omnia,</strong></span> <span class='ocrx_word' id='word_1_270' title='bbox 1088 2345 1254 2402; x_wconf 90' lang='lat' dir='ltr'><strong>quae</strong></span> <span class='ocrx_word' id='word_1_271' title='bbox 1278 2337 1512 2389; x_wconf 89' lang='lat' dir='ltr'><strong>natura</strong></span> <span class='ocrx_word' id='word_1_272' title='bbox 1541 2347 1616 2389; x_wconf 89' lang='lat' dir='ltr'><strong>ac</strong></span> <span class='ocrx_word' id='word_1_273' title='bbox 1640 2331 1779 2402; x_wconf 81' lang='lat' dir='ltr'><strong>lege</strong></span> <span class='ocrx_word' id='word_1_274' title='bbox 1801 2326 2085 2389; x_wconf 89' lang='lat' dir='ltr'><strong>dominio</strong></span> <span class='ocrx_word' id='word_1_275' title='bbox 2111 2329 2317 2390; x_wconf 90' lang='lat' dir='ltr'><strong>inesse</strong></span> <span class='ocrx_word' id='word_1_276' title='bbox 2340 2331 2580 2402; x_wconf 86' lang='lat' dir='ltr'><strong>solent,</strong></span> <span class='ocrx_word' id='word_1_277' title='bbox 2611 2328 2863 2401; x_wconf 78' lang='lat' dir='ltr'><strong>integra</strong></span> <span class='ocrx_word' id='word_1_278' title='bbox 2897 2327 3067 2402; x_wconf 86' lang='lat' dir='ltr'><strong>apud</strong></span> <span class='ocrx_word' id='word_1_279' title='bbox 3107 2342 3256 2387; x_wconf 87' lang='lat' dir='ltr'><strong>eum</strong></span> 
     </span>
     <span class='ocr_line' id='line_1_22' title="bbox 444 2422 2911 2509; baseline 0.001 -28"><span class='ocrx_word' id='word_1_280' title='bbox 444 2439 580 2484; x_wconf 83' lang='lat' dir='ltr'><strong>csse</strong></span> <span class='ocrx_word' id='word_1_281' title='bbox 600 2426 993 2485; x_wconf 88' lang='lat' dir='ltr'><strong>demonstret</strong></span> <span class='ocrx_word' id='word_1_282' title='bbox 1016 2464 1031 2492; x_wconf 87' lang='lat'><strong>,</strong></span> <span class='ocrx_word' id='word_1_283' title='bbox 1060 2428 1294 2486; x_wconf 83' lang='lat' dir='ltr'><strong>cedere</strong></span> <span class='ocrx_word' id='word_1_284' title='bbox 1319 2422 1686 2509; x_wconf 74' lang='lat' dir='ltr'><strong>adversario</strong></span> <span class='ocrx_word' id='word_1_285' title='bbox 1721 2433 2017 2499; x_wconf 87' lang='lat' dir='ltr'><strong>cogatur.</strong></span> <span class='ocrx_word' id='word_1_286' title='bbox 2906 2423 2911 2426; x_wconf 77' lang='grc'><strong>’</strong></span> 
     </span>
    </p>
   </div>
   <div class='ocr_carea' id='block_1_5' title="bbox 1129 2630 2553 2712">
    <p class='ocr_par' dir='ltr' id='par_1_5' title="bbox 1129 2630 2553 2712">
     <span class='ocr_line' id='line_1_23' title="bbox 1129 2630 2553 2712; baseline 0.003 -20"><span class='ocrx_word' id='word_1_287' title='bbox 1129 2630 1157 2706; x_wconf 73' lang='grc'>5</span> <span class='ocrx_word' id='word_1_288' title='bbox 1199 2633 1344 2693; x_wconf 75' lang='grc'><strong>297.</strong></span> <span class='ocrx_word' id='word_1_289' title='bbox 1393 2635 1465 2708; x_wconf 88' lang='grc' dir='ltr'><strong>ΙΙ)</strong></span> <span class='ocrx_word' id='word_1_290' title='bbox 1509 2630 1833 2694; x_wconf 75' lang='lat' dir='ltr'><strong>Interdicta</strong></span> <span class='ocrx_word' id='word_1_291' title='bbox 1874 2632 2026 2693; x_wconf 79' lang='lat' dir='ltr'><strong>velut</strong></span> <span class='ocrx_word' id='word_1_292' title='bbox 2065 2635 2402 2712; x_wconf 75' lang='lat' dir='ltr'><strong>possessor-ia</strong></span> <span class='ocrx_word' id='word_1_293' title='bbox 2451 2636 2553 2712; x_wconf 68' lang='grc' dir='ltr'><strong>(Ἴ.</strong></span> 
     </span>
    </p>
   </div>
   <div class='ocr_carea' id='block_1_6' title="bbox 444 2863 3261 3038">
    <p class='ocr_par' dir='ltr' id='par_1_6' title="bbox 444 2863 3261 3038">
     <span class='ocr_line' id='line_1_24' title="bbox 529 2863 3257 2943; baseline 0 -21"><span class='ocrx_word' id='word_1_294' title='bbox 529 2868 684 2922; x_wconf 85' lang='lat' dir='ltr'><strong>Cum</strong></span> <span class='ocrx_word' id='word_1_295' title='bbox 697 2866 860 2939; x_wconf 83' lang='lat' dir='ltr'><strong>juris</strong></span> <span class='ocrx_word' id='word_1_296' title='bbox 889 2867 1073 2939; x_wconf 86' lang='lat' dir='ltr'><strong>quasi</strong></span> <span class='ocrx_word' id='word_1_297' title='bbox 1103 2866 1413 2940; x_wconf 89' lang='lat' dir='ltr'><strong>possessio</strong></span> <span class='ocrx_word' id='word_1_298' title='bbox 1434 2867 1755 2927; x_wconf 87' lang='lat' dir='ltr'><strong>tribuatur</strong></span> <span class='ocrx_word' id='word_1_299' title='bbox 1778 2863 1884 2937; x_wconf 90' lang='lat' dir='ltr'><strong>iis,</strong></span> <span class='ocrx_word' id='word_1_300' title='bbox 1907 2864 2018 2940; x_wconf 90' lang='lat' dir='ltr'><strong>qui</strong></span> <span class='ocrx_word' id='word_1_301' title='bbox 2047 2869 2351 2929; x_wconf 91' lang='lat' dir='ltr'><strong>servitute</strong></span> <span class='ocrx_word' id='word_1_302' title='bbox 2379 2875 2650 2927; x_wconf 91' lang='lat' dir='ltr'><strong>utuntur</strong></span> <span class='ocrx_word' id='word_1_303' title='bbox 2687 2868 2735 2943; x_wconf 67' lang='grc' dir='ltr'><strong>(ς</strong></span> <span class='ocrx_word' id='word_1_304' title='bbox 2759 2868 2901 2927; x_wconf 80' lang='grc'><strong>279.</strong></span> <span class='ocrx_word' id='word_1_305' title='bbox 2932 2873 3071 2925; x_wconf 90' lang='lat' dir='ltr'><strong>not.</strong></span> <span class='ocrx_word' id='word_1_306' title='bbox 3102 2867 3257 2941; x_wconf 60' lang='lat' dir='ltr'><strong>tm),</strong></span> 
     </span>
     <span class='ocr_line' id='line_1_25' title="bbox 444 2959 3261 3038; baseline 0.001 -20"><span class='ocrx_word' id='word_1_307' title='bbox 444 2975 842 3035; x_wconf 87' lang='lat' dir='ltr'><strong>consequens</strong></span> <span class='ocrx_word' id='word_1_308' title='bbox 866 2968 963 3022; x_wconf 89' lang='lat' dir='ltr'><strong>est</strong></span> <span class='ocrx_word' id='word_1_309' title='bbox 980 3006 997 3034; x_wconf 91' lang='lat'>‚</span> <span class='ocrx_word' id='word_1_310' title='bbox 1037 2970 1108 3022; x_wconf 89' lang='lat' dir='ltr'><strong>ut</strong></span> <span class='ocrx_word' id='word_1_311' title='bbox 1131 2959 1322 3022; x_wconf 89' lang='lat' dir='ltr'><strong>iidem</strong></span> <span class='ocrx_word' id='word_1_312' title='bbox 1347 2965 1540 3025; x_wconf 90' lang='lat' dir='ltr'><strong>etiam</strong></span> <span class='ocrx_word' id='word_1_313' title='bbox 1569 2964 1923 3023; x_wconf 88' lang='lat' dir='ltr'><strong>interdictis</strong></span> <span class='ocrx_word' id='word_1_314' title='bbox 1944 2965 2120 3024; x_wconf 89' lang='lat' dir='ltr'><strong>velut</strong></span> <span class='ocrx_word' id='word_1_315' title='bbox 2138 2965 2537 3038; x_wconf 86' lang='lat' dir='ltr'><strong>possessoriis</strong></span> <span class='ocrx_word' id='word_1_316' title='bbox 2563 2964 2672 3038; x_wconf 88' lang='lat' dir='ltr'><strong>jus</strong></span> <span class='ocrx_word' id='word_1_317' title='bbox 2699 2979 2890 3022; x_wconf 88' lang='lat' dir='ltr'><strong>suum</strong></span> <span class='ocrx_word' id='word_1_318' title='bbox 2912 2961 3261 3022; x_wconf 76' lang='lat' dir='ltr'><strong>detendere</strong></span> 
     </span>
    </p>
   </div>
   <div class='ocr_carea' id='block_1_7' title="bbox 438 3061 3259 3341">
    <p class='ocr_par' dir='ltr' id='par_1_7' title="bbox 438 3061 3259 3341">
     <span class='ocr_line' id='line_1_26' title="bbox 446 3061 3259 3141; baseline 0.001 -21"><span class='ocrx_word' id='word_1_319' title='bbox 446 3061 740 3141; x_wconf 87' lang='lat' dir='ltr'><strong>possint(</strong></span> <span class='ocrx_word' id='word_1_320' title='bbox 773 3071 909 3124; x_wconf 89' lang='lat' dir='ltr'><strong>not.</strong></span> <span class='ocrx_word' id='word_1_321' title='bbox 957 3066 1113 3134; x_wconf 79' lang='grc'><strong>14.).</strong></span> <span class='ocrx_word' id='word_1_322' title='bbox 1142 3069 1218 3123; x_wconf 84' lang='lat' dir='ltr'><strong>Et</strong></span> <span class='ocrx_word' id='word_1_323' title='bbox 1249 3064 1305 3138; x_wconf 88' lang='lat'><strong>1)</strong></span> <span class='ocrx_word' id='word_1_324' title='bbox 1332 3065 1397 3124; x_wconf 90' lang='lat' dir='ltr'><strong>in</strong></span> <span class='ocrx_word' id='word_1_325' title='bbox 1428 3067 1840 3140; x_wconf 89' lang='lat' dir='ltr'><strong>praediorum</strong></span> <span class='ocrx_word' id='word_1_326' title='bbox 1865 3066 2124 3138; x_wconf 90' lang='lat' dir='ltr'><strong>quidem</strong></span> <span class='ocrx_word' id='word_1_327' title='bbox 2152 3067 2559 3125; x_wconf 86' lang='lat' dir='ltr'><strong>servitutibus</strong></span> <span class='ocrx_word' id='word_1_328' title='bbox 2591 3065 3077 3139; x_wconf 87' lang='lat' dir='ltr'><strong>recuperandae</strong></span> <span class='ocrx_word' id='word_1_329' title='bbox 3113 3078 3259 3136; x_wconf 85' lang='lat' dir='ltr'><strong>pos-</strong></span> 
     </span>
     <span class='ocr_line' id='line_1_27' title="bbox 442 3158 3257 3241; baseline 0 -22"><span class='ocrx_word' id='word_1_330' title='bbox 442 3158 731 3222; x_wconf 90' lang='lat' dir='ltr'><strong>sessionis</strong></span> <span class='ocrx_word' id='word_1_331' title='bbox 749 3165 1085 3223; x_wconf 87' lang='lat' dir='ltr'><strong>interdicta</strong></span> <span class='ocrx_word' id='word_1_332' title='bbox 1119 3181 1253 3224; x_wconf 90' lang='lat' dir='ltr'><strong>non</strong></span> <span class='ocrx_word' id='word_1_333' title='bbox 1281 3166 1560 3241; x_wconf 86' lang='lat' dir='ltr'><strong>dantur,</strong></span> <span class='ocrx_word' id='word_1_334' title='bbox 1593 3166 1899 3240; x_wconf 90' lang='lat' dir='ltr'><strong>quoniam</strong></span> <span class='ocrx_word' id='word_1_335' title='bbox 1917 3166 2082 3241; x_wconf 86' lang='lat' dir='ltr'><strong>juris</strong></span> <span class='ocrx_word' id='word_1_336' title='bbox 2110 3181 2242 3225; x_wconf 91' lang='lat' dir='ltr'><strong>non</strong></span> <span class='ocrx_word' id='word_1_337' title='bbox 2261 3166 2537 3240; x_wconf 87' lang='lat' dir='ltr'><strong>dejectio</strong></span> <span class='ocrx_word' id='word_1_338' title='bbox 2555 3208 2573 3236; x_wconf 93' lang='lat'><strong>,</strong></span> <span class='ocrx_word' id='word_1_339' title='bbox 2599 3165 2711 3223; x_wconf 90' lang='lat' dir='ltr'><strong>sed</strong></span> <span class='ocrx_word' id='word_1_340' title='bbox 2746 3170 3001 3222; x_wconf 90' lang='lat' dir='ltr'><strong>tantum</strong></span> <span class='ocrx_word' id='word_1_341' title='bbox 3032 3164 3257 3220; x_wconf 88' lang='lat' dir='ltr'><strong>turba-</strong></span> 
     </span>
     <span class='ocr_line' id='line_1_28' title="bbox 438 3259 3256 3341; baseline 0 -21"><span class='ocrx_word' id='word_1_342' title='bbox 438 3259 564 3331; x_wconf 85' lang='lat' dir='ltr'><strong>tio,</strong></span> <span class='ocrx_word' id='word_1_343' title='bbox 605 3276 719 3320; x_wconf 88' lang='lat' dir='ltr'><strong>seu</strong></span> <span class='ocrx_word' id='word_1_344' title='bbox 761 3265 972 3336; x_wconf 84' lang='lat' dir='ltr'><strong>potius</strong></span> <span class='ocrx_word' id='word_1_345' title='bbox 1004 3279 1158 3323; x_wconf 89' lang='lat' dir='ltr'><strong>usus</strong></span> <span class='ocrx_word' id='word_1_346' title='bbox 1187 3261 1532 3338; x_wconf 86' lang='lat' dir='ltr'><strong>prohibitio</strong></span> <span class='ocrx_word' id='word_1_347' title='bbox 1558 3264 1638 3341; x_wconf 84' lang='lat'><strong>¹),</strong></span> <span class='ocrx_word' id='word_1_348' title='bbox 1690 3266 1957 3339; x_wconf 85' lang='lat' dir='ltr'><strong>cogitari</strong></span> <span class='ocrx_word' id='word_1_349' title='bbox 2004 3273 2214 3340; x_wconf 89' lang='lat' dir='ltr'><strong>potest</strong></span> <span class='ocrx_word' id='word_1_350' title='bbox 2234 3264 2314 3338; x_wconf 87' lang='lat'><strong>²);</strong></span> <span class='ocrx_word' id='word_1_351' title='bbox 2358 3267 2549 3341; x_wconf 86' lang='lat' dir='ltr'><strong>igitur</strong></span> <span class='ocrx_word' id='word_1_352' title='bbox 2586 3281 2721 3324; x_wconf 91' lang='lat' dir='ltr'><strong>non</strong></span> <span class='ocrx_word' id='word_1_353' title='bbox 2772 3266 2889 3324; x_wconf 90' lang='lat' dir='ltr'><strong>nisi</strong></span> <span class='ocrx_word' id='word_1_354' title='bbox 2931 3262 3256 3323; x_wconf 90' lang='lat' dir='ltr'><strong>retinendi</strong></span> 
     </span>
    </p>
   </div>
   <div class='ocr_carea' id='block_1_8' title="bbox 499 3502 3256 3571">
    <p class='ocr_par' dir='ltr' id='par_1_8' title="bbox 499 3502 3256 3571">
     <span class='ocr_line' id='line_1_29' title="bbox 499 3502 3256 3571; baseline 0.001 -21"><span class='ocrx_word' id='word_1_355' title='bbox 499 3502 578 3562; x_wconf 86' lang='grc'><strong>15)</strong></span> <span class='ocrx_word' id='word_1_356' title='bbox 598 3504 688 3562; x_wconf 69' lang='grc'><strong>32.</strong></span> <span class='ocrx_word' id='word_1_357' title='bbox 715 3509 752 3554; x_wconf 92' lang='lat' dir='ltr'><strong>l.</strong></span> <span class='ocrx_word' id='word_1_358' title='bbox 775 3507 843 3554; x_wconf 83' lang='lat' dir='ltr'><strong>de</strong></span> <span class='ocrx_word' id='word_1_359' title='bbox 864 3509 1088 3555; x_wconf 60' lang='lat' dir='ltr'><strong>aet—1..</strong></span> <span class='ocrx_word' id='word_1_360' title='bbox 1108 3507 1157 3557; x_wconf 85' lang='lat'><strong>5.</strong></span> <span class='ocrx_word' id='word_1_361' title='bbox 1176 3508 1267 3567; x_wconf 72' lang='lat'><strong>36.</strong></span> <span class='ocrx_word' id='word_1_362' title='bbox 1294 3512 1350 3558; x_wconf 85' lang='grc' dir='ltr'><strong>Ι).</strong></span> <span class='ocrx_word' id='word_1_363' title='bbox 1373 3510 1425 3557; x_wconf 68' lang='lat' dir='ltr'><strong>k.</strong></span> <span class='ocrx_word' id='word_1_364' title='bbox 1468 3512 1507 3558; x_wconf 80' lang='lat' dir='ltr'><strong>t.</strong></span> <span class='ocrx_word' id='word_1_365' title='bbox 1548 3511 1668 3571; x_wconf 85' lang='lat' dir='ltr'><strong>(vll,</strong></span> <span class='ocrx_word' id='word_1_366' title='bbox 1704 3508 1794 3567; x_wconf 84' lang='grc'><strong>6.).</strong></span> <span class='ocrx_word' id='word_1_367' title='bbox 1863 3506 2072 3564; x_wconf 74' lang='lat' dir='ltr'><strong>Hemer</strong></span> <span class='ocrx_word' id='word_1_368' title='bbox 2103 3519 2166 3553; x_wconf 80' lang='lat' dir='ltr'><strong>zu</strong></span> <span class='ocrx_word' id='word_1_369' title='bbox 2190 3507 2396 3556; x_wconf 73' lang='lat' dir='ltr'><strong>Weber·</strong></span> <span class='ocrx_word' id='word_1_370' title='bbox 2429 3508 2514 3554; x_wconf 82' lang='lat' dir='ltr'><strong>ub.</strong></span> <span class='ocrx_word' id='word_1_371' title='bbox 2555 3506 2808 3554; x_wconf 86' lang='lat' dir='ltr'><strong>Verbindl.</strong></span> <span class='ocrx_word' id='word_1_372' title='bbox 2850 3519 2941 3553; x_wconf 81' lang='lat' dir='ltr'><strong>zur</strong></span> <span class='ocrx_word' id='word_1_373' title='bbox 2984 3505 3256 3553; x_wconf 73' lang='lat' dir='ltr'><strong>Beweisfu-</strong></span> 
     </span>
    </p>
   </div>
   <div class='ocr_carea' id='block_1_9' title="bbox 369 3565 3256 3769">
    <p class='ocr_par' dir='ltr' id='par_1_9' title="bbox 369 3565 3256 3769">
     <span class='ocr_line' id='line_1_30' title="bbox 435 3565 3252 3632; baseline 0.002 -20"><span class='ocrx_word' id='word_1_374' title='bbox 435 3590 495 3599; x_wconf 92' lang='lat'>—</span> <span class='ocrx_word' id='word_1_375' title='bbox 517 3567 571 3615; x_wconf 84' lang='lat'><strong>1..</strong></span> <span class='ocrx_word' id='word_1_376' title='bbox 593 3568 672 3613; x_wconf 82' lang='grc'><strong>12.</strong></span> <span class='ocrx_word' id='word_1_377' title='bbox 698 3570 749 3614; x_wconf 83' lang='grc' dir='ltr'><strong>Ι..</strong></span> <span class='ocrx_word' id='word_1_378' title='bbox 773 3571 853 3617; x_wconf 71' lang='grc'><strong>11.</strong></span> <span class='ocrx_word' id='word_1_379' title='bbox 873 3581 947 3628; x_wconf 85' lang='lat' dir='ltr'><strong>pr.</strong></span> <span class='ocrx_word' id='word_1_380' title='bbox 971 3573 1027 3618; x_wconf 90' lang='lat' dir='ltr'><strong>D.</strong></span> <span class='ocrx_word' id='word_1_381' title='bbox 1049 3571 1103 3617; x_wconf 75' lang='lat' dir='ltr'><strong>li.</strong></span> <span class='ocrx_word' id='word_1_382' title='bbox 1130 3576 1169 3619; x_wconf 83' lang='lat' dir='ltr'><strong>e.</strong></span> <span class='ocrx_word' id='word_1_383' title='bbox 1204 3573 1347 3632; x_wconf 82' lang='lat' dir='ltr'><strong>(Vlll,</strong></span> <span class='ocrx_word' id='word_1_384' title='bbox 1367 3571 1455 3631; x_wconf 84' lang='grc'><strong>5.).</strong></span> <span class='ocrx_word' id='word_1_385' title='bbox 1859 3569 2038 3628; x_wconf 73' lang='lat' dir='ltr'><strong>hmng.</strong></span> <span class='ocrx_word' id='word_1_386' title='bbox 2063 3582 2111 3628; x_wconf 86' lang='lat' dir='ltr'><strong>p.</strong></span> <span class='ocrx_word' id='word_1_387' title='bbox 2130 3569 2223 3618; x_wconf 71' lang='lat'><strong>23⁴</strong></span> <span class='ocrx_word' id='word_1_388' title='bbox 2242 3581 2349 3629; x_wconf 82' lang='lat' dir='ltr'><strong>sqq.</strong></span> <span class='ocrx_word' id='word_1_389' title='bbox 2379 3574 2482 3616; x_wconf 89' lang='lat' dir='ltr'><strong>not.</strong></span> <span class='ocrx_word' id='word_1_390' title='bbox 2511 3565 2619 3616; x_wconf 84' lang='grc'><strong>150.</strong></span> <span class='ocrx_word' id='word_1_391' title='bbox 2641 3570 2723 3616; x_wconf 82' lang='lat' dir='ltr'><strong>ed.</strong></span> <span class='ocrx_word' id='word_1_392' title='bbox 2746 3581 2795 3627; x_wconf 88' lang='lat' dir='ltr'><strong>p.</strong></span> <span class='ocrx_word' id='word_1_393' title='bbox 2828 3567 2938 3616; x_wconf 75' lang='lat'><strong>28⁴.</strong></span> <span class='ocrx_word' id='word_1_394' title='bbox 2965 3579 3068 3626; x_wconf 76' lang='lat' dir='ltr'><strong>seq.</strong></span> <span class='ocrx_word' id='word_1_395' title='bbox 3094 3568 3181 3615; x_wconf 66' lang='grc' dir='ltr'><strong>Νι.</strong></span> <span class='ocrx_word' id='word_1_396' title='bbox 3200 3567 3252 3617; x_wconf 73' lang='grc'><strong>4.</strong></span> 
     </span>
     <span class='ocr_line' id='line_1_31' title="bbox 498 3627 3253 3693; baseline 0.001 -18"><span class='ocrx_word' id='word_1_397' title='bbox 498 3627 576 3689; x_wconf 91' lang='grc'><strong>16)</strong></span> <span class='ocrx_word' id='word_1_398' title='bbox 599 3630 650 3676; x_wconf 88' lang='grc' dir='ltr'><strong>Ι..</strong></span> <span class='ocrx_word' id='word_1_399' title='bbox 670 3628 719 3677; x_wconf 84' lang='grc'><strong>5.</strong></span> <span class='ocrx_word' id='word_1_400' title='bbox 737 3634 764 3688; x_wconf 74' lang='lat' dir='ltr'><strong>s</strong></span> <span class='ocrx_word' id='word_1_401' title='bbox 781 3631 829 3679; x_wconf 89' lang='grc'><strong>6.</strong></span> <span class='ocrx_word' id='word_1_402' title='bbox 854 3633 909 3677; x_wconf 88' lang='lat' dir='ltr'><strong>D.</strong></span> <span class='ocrx_word' id='word_1_403' title='bbox 931 3632 983 3679; x_wconf 81' lang='grc' dir='ltr'><strong>Ιι.</strong></span> <span class='ocrx_word' id='word_1_404' title='bbox 1008 3637 1046 3680; x_wconf 82' lang='lat' dir='ltr'><strong>t.</strong></span> <span class='ocrx_word' id='word_1_405' title='bbox 1089 3634 1210 3691; x_wconf 86' lang='lat' dir='ltr'><strong>(Vll,</strong></span> <span class='ocrx_word' id='word_1_406' title='bbox 1244 3635 1315 3693; x_wconf 88' lang='grc'><strong>6.)</strong></span> <span class='ocrx_word' id='word_1_407' title='bbox 1356 3660 1412 3669; x_wconf 83' lang='grc'><strong>-</strong></span> <span class='ocrx_word' id='word_1_408' title='bbox 1453 3638 1506 3682; x_wconf 85' lang='lat'><strong>1..</strong></span> <span class='ocrx_word' id='word_1_409' title='bbox 1529 3633 1575 3682; x_wconf 91' lang='grc'><strong>6.</strong></span> <span class='ocrx_word' id='word_1_410' title='bbox 1617 3636 1643 3689; x_wconf 78' lang='grc' dir='ltr'><strong><em>ς</em></strong></span> <span class='ocrx_word' id='word_1_411' title='bbox 1665 3635 1714 3682; x_wconf 89' lang='grc'><strong>1.</strong></span> <span class='ocrx_word' id='word_1_412' title='bbox 1741 3635 1794 3681; x_wconf 86' lang='lat' dir='ltr'><strong>D.</strong></span> <span class='ocrx_word' id='word_1_413' title='bbox 1923 3632 2004 3689; x_wconf 85' lang='grc'><strong>21)</strong></span> <span class='ocrx_word' id='word_1_414' title='bbox 2024 3633 2233 3680; x_wconf 77' lang='grc' dir='ltr'><strong>ΡαοΙιια</strong></span> <span class='ocrx_word' id='word_1_415' title='bbox 2256 3633 2425 3678; x_wconf 80' lang='lat' dir='ltr'><strong>Rhein.</strong></span> <span class='ocrx_word' id='word_1_416' title='bbox 2456 3633 2575 3679; x_wconf 79' lang='lat' dir='ltr'><strong>Mus.</strong></span> <span class='ocrx_word' id='word_1_417' title='bbox 2601 3636 2649 3680; x_wconf 89' lang='lat' dir='ltr'><strong>l.</strong></span> <span class='ocrx_word' id='word_1_418' title='bbox 2674 3632 2722 3677; x_wconf 79' lang='lat'><strong>3.</strong></span> <span class='ocrx_word' id='word_1_419' title='bbox 2751 3642 2800 3689; x_wconf 85' lang='lat' dir='ltr'><strong>p.</strong></span> <span class='ocrx_word' id='word_1_420' title='bbox 2827 3631 2918 3678; x_wconf 75' lang='grc'><strong>165</strong></span> <span class='ocrx_word' id='word_1_421' title='bbox 2940 3641 3051 3689; x_wconf 82' lang='lat' dir='ltr'><strong>sqq.</strong></span> <span class='ocrx_word' id='word_1_422' title='bbox 3074 3655 3138 3665; x_wconf 92' lang='lat'>—</span> <span class='ocrx_word' id='word_1_423' title='bbox 3159 3632 3253 3678; x_wconf 79' lang='lat' dir='ltr'><strong>Id.</strong></span> 
     </span>
     <span class='ocr_line' id='line_1_32' title="bbox 369 3691 3256 3769; baseline 0.001 -31"><span class='ocrx_word' id='word_1_424' title='bbox 369 3768 372 3769; x_wconf 10' lang='lat' dir='ltr'><em>V</em></span> <span class='ocrx_word' id='word_1_425' title='bbox 434 3691 486 3738; x_wconf 84' lang='grc' dir='ltr'><strong>Ιι.</strong></span> <span class='ocrx_word' id='word_1_426' title='bbox 510 3695 547 3737; x_wconf 81' lang='lat' dir='ltr'><strong>e.</strong></span> <span class='ocrx_word' id='word_1_427' title='bbox 594 3691 738 3751; x_wconf 82' lang='lat' dir='ltr'><strong>(vill,</strong></span> <span class='ocrx_word' id='word_1_428' title='bbox 757 3693 896 3754; x_wconf 86' lang='lat'><strong>5.)-</strong></span> <span class='ocrx_word' id='word_1_429' title='bbox 917 3698 944 3750; x_wconf 73' lang='lat' dir='ltr'>S</span> <span class='ocrx_word' id='word_1_430' title='bbox 966 3697 1014 3743; x_wconf 75' lang='lat'><strong>2.</strong></span> <span class='ocrx_word' id='word_1_431' title='bbox 1039 3698 1075 3742; x_wconf 91' lang='lat' dir='ltr'><strong>l.</strong></span> <span class='ocrx_word' id='word_1_432' title='bbox 1100 3695 1167 3743; x_wconf 81' lang='lat' dir='ltr'><strong>de</strong></span> <span class='ocrx_word' id='word_1_433' title='bbox 1188 3702 1292 3745; x_wconf 80' lang='lat' dir='ltr'><strong>act.</strong></span> <span class='ocrx_word' id='word_1_434' title='bbox 1872 3694 1922 3740; x_wconf 88' lang='lat' dir='ltr'><strong>in</strong></span> <span class='ocrx_word' id='word_1_435' title='bbox 1945 3695 2244 3752; x_wconf 85' lang='lat' dir='ltr'><strong>ephemerid.</strong></span> <span class='ocrx_word' id='word_1_436' title='bbox 2263 3696 2367 3751; x_wconf 78' lang='lat' dir='ltr'><strong>Jur.</strong></span> <span class='ocrx_word' id='word_1_437' title='bbox 2393 3696 2584 3752; x_wconf 73' lang='lat' dir='ltr'><strong>Erlang.</strong></span> <span class='ocrx_word' id='word_1_438' title='bbox 2620 3695 2698 3740; x_wconf 82' lang='lat' dir='ltr'><strong>Vl.</strong></span> <span class='ocrx_word' id='word_1_439' title='bbox 2724 3705 2772 3751; x_wconf 84' lang='lat' dir='ltr'><strong>p.</strong></span> <span class='ocrx_word' id='word_1_440' title='bbox 2805 3693 2887 3741; x_wconf 81' lang='grc'><strong>62.</strong></span> <span class='ocrx_word' id='word_1_441' title='bbox 2920 3694 2971 3740; x_wconf 90' lang='lat' dir='ltr'><strong>in</strong></span> <span class='ocrx_word' id='word_1_442' title='bbox 3006 3693 3045 3739; x_wconf 73' lang='lat' dir='ltr'><strong>f.</strong></span> <span class='ocrx_word' id='word_1_443' title='bbox 3072 3706 3147 3753; x_wconf 87' lang='lat' dir='ltr'><strong>sq.</strong></span> <span class='ocrx_word' id='word_1_444' title='bbox 3169 3694 3256 3749; x_wconf 75' lang='lat' dir='ltr'><strong>(cf.</strong></span> 
     </span>
    </p>
   </div>
   <div class='ocr_carea' id='block_1_10' title="bbox 427 3753 3261 5003">
    <p class='ocr_par' dir='ltr' id='par_1_10' title="bbox 427 3753 3261 5003">
     <span class='ocr_line' id='line_1_33' title="bbox 500 3753 3256 3819; baseline 0.002 -20"><span class='ocrx_word' id='word_1_445' title='bbox 500 3753 578 3812; x_wconf 87' lang='grc'><strong>17)</strong></span> <span class='ocrx_word' id='word_1_446' title='bbox 609 3756 951 3813; x_wconf 76' lang='lat' dir='ltr'><strong>Larglssimum</strong></span> <span class='ocrx_word' id='word_1_447' title='bbox 992 3759 1316 3819; x_wconf 82' lang='lat' dir='ltr'><strong>scriptorum,</strong></span> <span class='ocrx_word' id='word_1_448' title='bbox 1354 3761 1439 3819; x_wconf 89' lang='lat' dir='ltr'><strong>qui</strong></span> <span class='ocrx_word' id='word_1_449' title='bbox 1480 3758 1810 3818; x_wconf 85' lang='lat' dir='ltr'><strong>superioribus</strong></span> <span class='ocrx_word' id='word_1_450' title='bbox 1873 3768 2019 3814; x_wconf 84' lang='lat' dir='ltr'><strong>supra</strong></span> <span class='ocrx_word' id='word_1_451' title='bbox 2042 3758 2068 3811; x_wconf 75' lang='lat' dir='ltr'>S</span> <span class='ocrx_word' id='word_1_452' title='bbox 2090 3755 2202 3803; x_wconf 80' lang='grc'><strong>272.</strong></span> <span class='ocrx_word' id='word_1_453' title='bbox 2224 3761 2324 3804; x_wconf 88' lang='lat' dir='ltr'><strong>not.</strong></span> <span class='ocrx_word' id='word_1_454' title='bbox 2343 3756 2411 3815; x_wconf 86' lang='grc'><strong>2.)</strong></span> <span class='ocrx_word' id='word_1_455' title='bbox 2441 3781 2496 3791; x_wconf 90' lang='grc'><strong>-</strong></span> <span class='ocrx_word' id='word_1_456' title='bbox 2519 3759 2727 3806; x_wconf 81' lang='lat' dir='ltr'><strong>Dissent.</strong></span> <span class='ocrx_word' id='word_1_457' title='bbox 2752 3755 2924 3804; x_wconf 75' lang='lat' dir='ltr'><strong>Duroi</strong></span> <span class='ocrx_word' id='word_1_458' title='bbox 2946 3757 3090 3803; x_wconf 77' lang='lat' dir='ltr'><strong>Arcb.</strong></span> <span class='ocrx_word' id='word_1_459' title='bbox 3108 3758 3145 3803; x_wconf 67' lang='grc'><strong>11.</strong></span> <span class='ocrx_word' id='word_1_460' title='bbox 3160 3758 3256 3804; x_wconf 84' lang='lat' dir='ltr'><strong>civ.</strong></span> 
     </span>
     <span class='ocr_line' id='line_1_34' title="bbox 436 3816 2164 3881; baseline 0.006 -20"><span class='ocrx_word' id='word_1_461' title='bbox 436 3819 608 3863; x_wconf 78' lang='lat' dir='ltr'><strong>seculis</strong></span> <span class='ocrx_word' id='word_1_462' title='bbox 631 3820 880 3877; x_wconf 81' lang='lat' dir='ltr'><strong>vixerunt,</strong></span> <span class='ocrx_word' id='word_1_463' title='bbox 904 3821 1112 3868; x_wconf 85' lang='lat' dir='ltr'><strong>indicem</strong></span> <span class='ocrx_word' id='word_1_464' title='bbox 1130 3819 1642 3881; x_wconf 76' lang='lat' dir='ltr'><strong>exhibuitHuseland</strong></span> <span class='ocrx_word' id='word_1_465' title='bbox 1661 3820 1805 3868; x_wconf 84' lang='lat' dir='ltr'><strong>Beilr.</strong></span> <span class='ocrx_word' id='word_1_466' title='bbox 1873 3818 1952 3865; x_wconf 80' lang='lat' dir='ltr'><strong>Pr·</strong></span> <span class='ocrx_word' id='word_1_467' title='bbox 1979 3831 2024 3876; x_wconf 77' lang='grc'><strong>1)·</strong></span> <span class='ocrx_word' id='word_1_468' title='bbox 2050 3816 2164 3865; x_wconf 65' lang='lat'><strong>298·</strong></span> 
     </span>
     <span class='ocr_line' id='line_1_35' title="bbox 434 3879 3257 3945; baseline 0.002 -22"><span class='ocrx_word' id='word_1_469' title='bbox 434 3889 525 3924; x_wconf 83' lang='lat' dir='ltr'><strong>zur</strong></span> <span class='ocrx_word' id='word_1_470' title='bbox 547 3880 750 3928; x_wconf 77' lang='lat' dir='ltr'><strong>Bericbt.</strong></span> <span class='ocrx_word' id='word_1_471' title='bbox 773 3895 823 3930; x_wconf 89' lang='grc' dir='ltr'><strong>ιι.</strong></span> <span class='ocrx_word' id='word_1_472' title='bbox 848 3883 1180 3941; x_wconf 79' lang='lat' dir='ltr'><strong>Erweiterung</strong></span> <span class='ocrx_word' id='word_1_473' title='bbox 1200 3886 1286 3931; x_wconf 85' lang='lat' dir='ltr'><strong>der</strong></span> <span class='ocrx_word' id='word_1_474' title='bbox 1310 3897 1414 3945; x_wconf 91' lang='lat' dir='ltr'><strong>pos.</strong></span> <span class='ocrx_word' id='word_1_475' title='bbox 1442 3887 1495 3931; x_wconf 86' lang='lat' dir='ltr'><strong>R.</strong></span> <span class='ocrx_word' id='word_1_476' title='bbox 1519 3886 1598 3931; x_wconf 87' lang='lat' dir='ltr'><strong>W.</strong></span> <span class='ocrx_word' id='word_1_477' title='bbox 1631 3885 1699 3930; x_wconf 89' lang='lat' dir='ltr'><strong>st.</strong></span> <span class='ocrx_word' id='word_1_478' title='bbox 1723 3884 1803 3931; x_wconf 90' lang='lat' dir='ltr'><strong>lV.</strong></span> <span class='ocrx_word' id='word_1_479' title='bbox 1933 3880 2013 3937; x_wconf 67' lang='lat'><strong>22)</strong></span> <span class='ocrx_word' id='word_1_480' title='bbox 2036 3883 2197 3940; x_wconf 78' lang='lat' dir='ltr'><strong>Neque</strong></span> <span class='ocrx_word' id='word_1_481' title='bbox 2218 3882 2412 3928; x_wconf 79' lang='lat' dir='ltr'><strong>obstant</strong></span> <span class='ocrx_word' id='word_1_482' title='bbox 2434 3883 2486 3927; x_wconf 86' lang='lat'><strong>1..</strong></span> <span class='ocrx_word' id='word_1_483' title='bbox 2510 3879 2558 3928; x_wconf 89' lang='grc'><strong>8.</strong></span> <span class='ocrx_word' id='word_1_484' title='bbox 2600 3887 2650 3929; x_wconf 84' lang='lat' dir='ltr'><strong>et</strong></span> <span class='ocrx_word' id='word_1_485' title='bbox 2685 3884 2738 3928; x_wconf 87' lang='lat' dir='ltr'><strong>l..</strong></span> <span class='ocrx_word' id='word_1_486' title='bbox 2763 3879 2841 3928; x_wconf 73' lang='lat'><strong>1⁴.</strong></span> <span class='ocrx_word' id='word_1_487' title='bbox 2878 3882 2931 3927; x_wconf 87' lang='lat' dir='ltr'><strong>D.</strong></span> <span class='ocrx_word' id='word_1_488' title='bbox 2956 3879 3027 3929; x_wconf 83' lang='lat' dir='ltr'><strong>de</strong></span> <span class='ocrx_word' id='word_1_489' title='bbox 3040 3881 3257 3938; x_wconf 68' lang='lat' dir='ltr'><strong>probat.</strong></span> 
     </span>
     <span class='ocr_line' id='line_1_36' title="bbox 435 3941 3261 4002; baseline 0.001 -15"><span class='ocrx_word' id='word_1_490' title='bbox 435 3942 516 3987; x_wconf 65' lang='grc' dir='ltr'><strong>Νι.</strong></span> <span class='ocrx_word' id='word_1_491' title='bbox 542 3941 620 3988; x_wconf 88' lang='grc'><strong>10.</strong></span> <span class='ocrx_word' id='word_1_492' title='bbox 1874 3942 2038 4002; x_wconf 78' lang='grc' dir='ltr'><strong>(ΧΧΙΙ,</strong></span> <span class='ocrx_word' id='word_1_493' title='bbox 2059 3942 2248 4002; x_wconf 80' lang='grc'><strong>5.)-1..</strong></span> <span class='ocrx_word' id='word_1_494' title='bbox 2269 3942 2319 3991; x_wconf 94' lang='grc'><strong>7.</strong></span> <span class='ocrx_word' id='word_1_495' title='bbox 2346 3945 2373 3999; x_wconf 74' lang='lat' dir='ltr'>S</span> <span class='ocrx_word' id='word_1_496' title='bbox 2393 3949 2482 3991; x_wconf 91' lang='lat' dir='ltr'><strong>ult.</strong></span> <span class='ocrx_word' id='word_1_497' title='bbox 2508 3946 2561 3989; x_wconf 87' lang='lat' dir='ltr'><strong>D.</strong></span> <span class='ocrx_word' id='word_1_498' title='bbox 2585 3944 2655 3991; x_wconf 82' lang='lat' dir='ltr'><strong>de</strong></span> <span class='ocrx_word' id='word_1_499' title='bbox 2689 3943 2777 3991; x_wconf 75' lang='lat' dir='ltr'><strong>cib.</strong></span> <span class='ocrx_word' id='word_1_500' title='bbox 2802 3955 2994 3993; x_wconf 75' lang='lat' dir='ltr'><strong>causa.</strong></span> <span class='ocrx_word' id='word_1_501' title='bbox 3019 3944 3140 4001; x_wconf 80' lang='lat' dir='ltr'><strong>(xL,</strong></span> <span class='ocrx_word' id='word_1_502' title='bbox 3159 3943 3261 4002; x_wconf 82' lang='grc'><strong>12.)</strong></span> 
     </span>
     <span class='ocr_line' id='line_1_37' title="bbox 496 4000 3252 4065; baseline 0.001 -17"><span class='ocrx_word' id='word_1_503' title='bbox 496 4000 577 4059; x_wconf 88' lang='grc'><strong>18)</strong></span> <span class='ocrx_word' id='word_1_504' title='bbox 600 4006 669 4051; x_wconf 82' lang='grc' dir='ltr'><strong>Α.</strong></span> <span class='ocrx_word' id='word_1_505' title='bbox 692 4007 756 4052; x_wconf 88' lang='lat' dir='ltr'><strong>D.</strong></span> <span class='ocrx_word' id='word_1_506' title='bbox 788 4006 992 4055; x_wconf 79' lang='lat' dir='ltr'><strong>Weber</strong></span> <span class='ocrx_word' id='word_1_507' title='bbox 1012 4007 1158 4054; x_wconf 87' lang='lat' dir='ltr'><strong>Beitr.</strong></span> <span class='ocrx_word' id='word_1_508' title='bbox 1188 4019 1251 4054; x_wconf 83' lang='lat' dir='ltr'><strong>zu</strong></span> <span class='ocrx_word' id='word_1_509' title='bbox 1282 4009 1358 4056; x_wconf 84' lang='lat' dir='ltr'><strong>Kl.</strong></span> <span class='ocrx_word' id='word_1_510' title='bbox 1387 4022 1437 4056; x_wconf 89' lang='lat' dir='ltr'><strong>u.</strong></span> <span class='ocrx_word' id='word_1_511' title='bbox 1464 4008 1592 4054; x_wconf 77' lang='lat' dir='ltr'><strong>Einr.</strong></span> <span class='ocrx_word' id='word_1_512' title='bbox 1618 4009 1701 4055; x_wconf 72' lang='grc' dir='ltr'><strong>Νι.</strong></span> <span class='ocrx_word' id='word_1_513' title='bbox 1726 4006 1808 4055; x_wconf 87' lang='grc'><strong>16.</strong></span> <span class='ocrx_word' id='word_1_514' title='bbox 1874 4004 2065 4062; x_wconf 79' lang='lat' dir='ltr'><strong>(quibus</strong></span> <span class='ocrx_word' id='word_1_515' title='bbox 2087 4008 2145 4052; x_wconf 88' lang='lat' dir='ltr'><strong>de</strong></span> <span class='ocrx_word' id='word_1_516' title='bbox 2169 4007 2449 4065; x_wconf 84' lang='lat' dir='ltr'><strong>principalis</strong></span> <span class='ocrx_word' id='word_1_517' title='bbox 2468 4006 2596 4063; x_wconf 77' lang='lat' dir='ltr'><strong>juris</strong></span> <span class='ocrx_word' id='word_1_518' title='bbox 2625 4007 2958 4053; x_wconf 80' lang='lat' dir='ltr'><strong>controversia</strong></span> <span class='ocrx_word' id='word_1_519' title='bbox 2976 4019 3036 4053; x_wconf 80' lang='lat' dir='ltr'><strong>ac</strong></span> <span class='ocrx_word' id='word_1_520' title='bbox 3068 4007 3252 4062; x_wconf 81' lang='lat' dir='ltr'><strong>proba-</strong></span> 
     </span>
     <span class='ocr_line' id='line_1_38' title="bbox 434 4067 3247 4129; baseline 0.004 -16"><span class='ocrx_word' id='word_1_521' title='bbox 434 4090 494 4098; x_wconf 97' lang='lat'>—</span> <span class='ocrx_word' id='word_1_522' title='bbox 517 4068 573 4113; x_wconf 80' lang='lat' dir='ltr'><strong>J.</strong></span> <span class='ocrx_word' id='word_1_523' title='bbox 598 4069 919 4125; x_wconf 33' lang='lat' dir='ltr'><strong>*senator-t</strong></span> <span class='ocrx_word' id='word_1_524' title='bbox 951 4070 1042 4116; x_wconf 72' lang='lat' dir='ltr'><strong>civ.</strong></span> <span class='ocrx_word' id='word_1_525' title='bbox 1071 4071 1229 4115; x_wconf 67' lang='lat' dir='ltr'><strong>eron-t.</strong></span> <span class='ocrx_word' id='word_1_526' title='bbox 1260 4072 1340 4119; x_wconf 70' lang='grc' dir='ltr'><strong>Νι».</strong></span> <span class='ocrx_word' id='word_1_527' title='bbox 1369 4071 1414 4117; x_wconf 86' lang='lat'><strong>1.</strong></span> <span class='ocrx_word' id='word_1_528' title='bbox 1442 4076 1491 4118; x_wconf 75' lang='lat' dir='ltr'><strong>et</strong></span> <span class='ocrx_word' id='word_1_529' title='bbox 1524 4071 1681 4118; x_wconf 73' lang='lat' dir='ltr'><strong>srsrt.</strong></span> <span class='ocrx_word' id='word_1_530' title='bbox 1703 4072 1810 4119; x_wconf 71' lang='lat' dir='ltr'><strong>ein-</strong></span> <span class='ocrx_word' id='word_1_531' title='bbox 1875 4068 2007 4113; x_wconf 79' lang='lat' dir='ltr'><strong>tione</strong></span> <span class='ocrx_word' id='word_1_532' title='bbox 2029 4070 2207 4127; x_wconf 71' lang='lat' dir='ltr'><strong>agitur)</strong></span> <span class='ocrx_word' id='word_1_533' title='bbox 2229 4081 2242 4129; x_wconf 93' lang='lat'>;</span> <span class='ocrx_word' id='word_1_534' title='bbox 2267 4081 2364 4115; x_wconf 85' lang='lat' dir='ltr'><strong>nou</strong></span> <span class='ocrx_word' id='word_1_535' title='bbox 2386 4072 2568 4128; x_wconf 69' lang='lat' dir='ltr'><strong>masis,</strong></span> <span class='ocrx_word' id='word_1_536' title='bbox 2586 4080 2734 4128; x_wconf 71' lang='lat' dir='ltr'><strong>quam</strong></span> <span class='ocrx_word' id='word_1_537' title='bbox 2759 4069 2812 4114; x_wconf 88' lang='lat'><strong>1·-</strong></span> <span class='ocrx_word' id='word_1_538' title='bbox 2840 4067 2890 4117; x_wconf 83' lang='grc'><strong>8.</strong></span> <span class='ocrx_word' id='word_1_539' title='bbox 2912 4069 2936 4123; x_wconf 72' lang='grc' dir='ltr'><strong>ς</strong></span> <span class='ocrx_word' id='word_1_540' title='bbox 2957 4067 3007 4115; x_wconf 74' lang='grc' dir='ltr'><strong>ὅ.</strong></span> <span class='ocrx_word' id='word_1_541' title='bbox 3042 4070 3096 4113; x_wconf 82' lang='lat' dir='ltr'><strong>D·</strong></span> <span class='ocrx_word' id='word_1_542' title='bbox 3112 4067 3183 4114; x_wconf 68' lang='lat' dir='ltr'><strong>&#39;lu</strong></span> <span class='ocrx_word' id='word_1_543' title='bbox 3205 4072 3247 4116; x_wconf 81' lang='lat' dir='ltr'><strong>t-</strong></span> 
     </span>
     <span class='ocr_line' id='line_1_39' title="bbox 434 4128 3249 4193; baseline 0.001 -19"><span class='ocrx_word' id='word_1_544' title='bbox 434 4128 765 4176; x_wconf 81' lang='lat' dir='ltr'><strong>zeln.l.ehren</strong></span> <span class='ocrx_word' id='word_1_545' title='bbox 791 4134 847 4178; x_wconf 93' lang='lat' dir='ltr'><strong>ll.</strong></span> <span class='ocrx_word' id='word_1_546' title='bbox 875 4133 955 4179; x_wconf 68' lang='grc' dir='ltr'><strong>Νι.</strong></span> <span class='ocrx_word' id='word_1_547' title='bbox 979 4133 1100 4179; x_wconf 76' lang='lat' dir='ltr'><strong>xvi.</strong></span> <span class='ocrx_word' id='word_1_548' title='bbox 1128 4143 1176 4189; x_wconf 86' lang='lat' dir='ltr'><strong>p.</strong></span> <span class='ocrx_word' id='word_1_549' title='bbox 1210 4130 1275 4179; x_wconf 76' lang='lat'><strong>75</strong></span> <span class='ocrx_word' id='word_1_550' title='bbox 1301 4145 1409 4193; x_wconf 77' lang='lat' dir='ltr'><strong>sqq.</strong></span> <span class='ocrx_word' id='word_1_551' title='bbox 1874 4129 1997 4176; x_wconf 85' lang='lat' dir='ltr'><strong>vlu.</strong></span> <span class='ocrx_word' id='word_1_552' title='bbox 2046 4129 2095 4176; x_wconf 75' lang='grc' dir='ltr'><strong>ὅ.</strong></span> <span class='ocrx_word' id='word_1_553' title='bbox 2140 4131 2269 4190; x_wconf 81' lang='lat' dir='ltr'><strong>(qua</strong></span> <span class='ocrx_word' id='word_1_554' title='bbox 2309 4143 2407 4178; x_wconf 90' lang='lat' dir='ltr'><strong>non</strong></span> <span class='ocrx_word' id='word_1_555' title='bbox 2440 4137 2728 4191; x_wconf 81' lang='lat' dir='ltr'><strong>quaeritur:</strong></span> <span class='ocrx_word' id='word_1_556' title='bbox 2772 4133 2891 4188; x_wconf 87' lang='lat' dir='ltr'><strong>quid</strong></span> <span class='ocrx_word' id='word_1_557' title='bbox 2932 4131 3249 4188; x_wconf 81' lang='lat' dir='ltr'><strong>probandum</strong></span> 
     </span>
     <span class='ocr_line' id='line_1_40' title="bbox 496 4189 3257 4254; baseline 0.002 -18"><span class='ocrx_word' id='word_1_558' title='bbox 496 4189 576 4249; x_wconf 76' lang='lat'><strong>19)</strong></span> <span class='ocrx_word' id='word_1_559' title='bbox 598 4194 758 4239; x_wconf 67' lang='lat' dir='ltr'><strong>Glzick</strong></span> <span class='ocrx_word' id='word_1_560' title='bbox 782 4195 932 4241; x_wconf 82' lang='lat' dir='ltr'><strong>Pand.</strong></span> <span class='ocrx_word' id='word_1_561' title='bbox 957 4197 1015 4241; x_wconf 83' lang='lat' dir='ltr'><strong>X.</strong></span> <span class='ocrx_word' id='word_1_562' title='bbox 1043 4207 1091 4251; x_wconf 84' lang='lat' dir='ltr'><strong>p.</strong></span> <span class='ocrx_word' id='word_1_563' title='bbox 1114 4193 1209 4242; x_wconf 76' lang='lat'><strong>254</strong></span> <span class='ocrx_word' id='word_1_564' title='bbox 1228 4208 1335 4254; x_wconf 85' lang='lat' dir='ltr'><strong>sqq.</strong></span> <span class='ocrx_word' id='word_1_565' title='bbox 1870 4192 1959 4249; x_wconf 82' lang='lat' dir='ltr'><strong>sit,</strong></span> <span class='ocrx_word' id='word_1_566' title='bbox 2003 4194 2087 4238; x_wconf 88' lang='lat' dir='ltr'><strong>sed</strong></span> <span class='ocrx_word' id='word_1_567' title='bbox 2108 4196 2216 4251; x_wconf 87' lang='lat' dir='ltr'><strong>quis</strong></span> <span class='ocrx_word' id='word_1_568' title='bbox 2254 4193 2592 4251; x_wconf 79' lang='lat' dir='ltr'><strong>probationem</strong></span> <span class='ocrx_word' id='word_1_569' title='bbox 2622 4193 2865 4250; x_wconf 81' lang='lat' dir='ltr'><strong>suscipere</strong></span> <span class='ocrx_word' id='word_1_570' title='bbox 2908 4194 3103 4248; x_wconf 79' lang='lat' dir='ltr'><strong>debeat)</strong></span> <span class='ocrx_word' id='word_1_571' title='bbox 3128 4225 3146 4247; x_wconf 88' lang='lat'><strong>,</strong></span> <span class='ocrx_word' id='word_1_572' title='bbox 3168 4199 3257 4240; x_wconf 84' lang='lat' dir='ltr'><strong>aut</strong></span> 
     </span>
     <span class='ocr_line' id='line_1_41' title="bbox 496 4251 3257 4314; baseline 0.001 -16"><span class='ocrx_word' id='word_1_573' title='bbox 496 4253 870 4312; x_wconf 76' lang='lat' dir='ltr'><strong>20)Hure1and</strong></span> <span class='ocrx_word' id='word_1_574' title='bbox 886 4257 1030 4305; x_wconf 81' lang='lat' dir='ltr'><strong>Beitr.</strong></span> <span class='ocrx_word' id='word_1_575' title='bbox 1051 4257 1123 4305; x_wconf 83' lang='lat' dir='ltr'><strong>St.</strong></span> <span class='ocrx_word' id='word_1_576' title='bbox 1148 4259 1227 4304; x_wconf 91' lang='lat' dir='ltr'><strong>1v.</strong></span> <span class='ocrx_word' id='word_1_577' title='bbox 1249 4259 1329 4303; x_wconf 64' lang='grc' dir='ltr'><strong>ΝΡ.</strong></span> <span class='ocrx_word' id='word_1_578' title='bbox 1356 4256 1808 4307; x_wconf 69' lang='grc' dir='ltr'><strong>10.--ΖασΙιανὶαε</strong></span> <span class='ocrx_word' id='word_1_579' title='bbox 1871 4254 1925 4300; x_wconf 88' lang='lat'><strong>1..</strong></span> <span class='ocrx_word' id='word_1_580' title='bbox 1948 4251 2028 4301; x_wconf 79' lang='lat'><strong>15.</strong></span> <span class='ocrx_word' id='word_1_581' title='bbox 2053 4256 2107 4301; x_wconf 89' lang='lat' dir='ltr'><strong>D.</strong></span> <span class='ocrx_word' id='word_1_582' title='bbox 2129 4258 2199 4305; x_wconf 80' lang='lat' dir='ltr'><strong>de</strong></span> <span class='ocrx_word' id='word_1_583' title='bbox 2221 4258 2281 4302; x_wconf 91' lang='lat'><strong>0.</strong></span> <span class='ocrx_word' id='word_1_584' title='bbox 2303 4258 2367 4301; x_wconf 87' lang='grc' dir='ltr'><strong>Ν.</strong></span> <span class='ocrx_word' id='word_1_585' title='bbox 2388 4259 2454 4303; x_wconf 82' lang='grc' dir='ltr'><strong>Ν.</strong></span> <span class='ocrx_word' id='word_1_586' title='bbox 2477 4257 2704 4314; x_wconf 71' lang='lat' dir='ltr'><strong>(XXXIX,</strong></span> <span class='ocrx_word' id='word_1_587' title='bbox 2728 4256 2934 4311; x_wconf 65' lang='lat' dir='ltr'><strong>‘hl—Cf·</strong></span> <span class='ocrx_word' id='word_1_588' title='bbox 2953 4258 3010 4303; x_wconf 84' lang='lat' dir='ltr'><strong>J.</strong></span> <span class='ocrx_word' id='word_1_589' title='bbox 3031 4256 3097 4301; x_wconf 76' lang='lat' dir='ltr'><strong>N.</strong></span> <span class='ocrx_word' id='word_1_590' title='bbox 3122 4257 3257 4302; x_wconf 60' lang='lat' dir='ltr'><strong>Her*</strong></span> 
     </span>
     <span class='ocr_line' id='line_1_42' title="bbox 433 4314 3254 4378; baseline 0.001 -17"><span class='ocrx_word' id='word_1_591' title='bbox 433 4314 520 4361; x_wconf 89' lang='lat' dir='ltr'><strong>lib.</strong></span> <span class='ocrx_word' id='word_1_592' title='bbox 551 4317 747 4371; x_wconf 80' lang='lat' dir='ltr'><strong>Quaest.</strong></span> <span class='ocrx_word' id='word_1_593' title='bbox 772 4318 832 4364; x_wconf 84' lang='lat' dir='ltr'><strong>ill</strong></span> <span class='ocrx_word' id='word_1_594' title='bbox 853 4352 868 4375; x_wconf 90' lang='lat'><strong>,</strong></span> <span class='ocrx_word' id='word_1_595' title='bbox 903 4317 983 4365; x_wconf 90' lang='grc'><strong>16.</strong></span> <span class='ocrx_word' id='word_1_596' title='bbox 1011 4344 1065 4354; x_wconf 94' lang='lat'><strong>--</strong></span> <span class='ocrx_word' id='word_1_597' title='bbox 1087 4322 1151 4366; x_wconf 83' lang='grc' dir='ltr'><strong>Ν.</strong></span> <span class='ocrx_word' id='word_1_598' title='bbox 1177 4320 1337 4367; x_wconf 77' lang='lat' dir='ltr'><strong>Bor-se</strong></span> <span class='ocrx_word' id='word_1_599' title='bbox 1356 4320 1476 4366; x_wconf 85' lang='lat' dir='ltr'><strong>uber</strong></span> <span class='ocrx_word' id='word_1_600' title='bbox 1498 4321 1577 4366; x_wconf 82' lang='lat' dir='ltr'><strong>die</strong></span> <span class='ocrx_word' id='word_1_601' title='bbox 1602 4322 1808 4367; x_wconf 79' lang='lat' dir='ltr'><strong>Beweis-</strong></span> <span class='ocrx_word' id='word_1_602' title='bbox 1871 4317 1980 4364; x_wconf 80' lang='lat' dir='ltr'><strong>tius</strong></span> <span class='ocrx_word' id='word_1_603' title='bbox 2002 4318 2061 4363; x_wconf 88' lang='lat' dir='ltr'><strong>de</strong></span> <span class='ocrx_word' id='word_1_604' title='bbox 2083 4320 2221 4374; x_wconf 83' lang='lat' dir='ltr'><strong>quasi</strong></span> <span class='ocrx_word' id='word_1_605' title='bbox 2244 4329 2517 4376; x_wconf 77' lang='lat' dir='ltr'><strong>possessore</strong></span> <span class='ocrx_word' id='word_1_606' title='bbox 2546 4321 2787 4378; x_wconf 79' lang='lat' dir='ltr'><strong>probante</strong></span> <span class='ocrx_word' id='word_1_607' title='bbox 2817 4320 2871 4366; x_wconf 88' lang='lat' dir='ltr'><strong>S.</strong></span> <span class='ocrx_word' id='word_1_608' title='bbox 2895 4319 2954 4365; x_wconf 89' lang='lat' dir='ltr'><strong>ll.</strong></span> <span class='ocrx_word' id='word_1_609' title='bbox 2984 4320 3010 4374; x_wconf 81' lang='grc' dir='ltr'><strong>ς</strong></span> <span class='ocrx_word' id='word_1_610' title='bbox 3044 4319 3095 4363; x_wconf 79' lang='grc'><strong>2.</strong></span> <span class='ocrx_word' id='word_1_611' title='bbox 3119 4317 3254 4375; x_wconf 75' lang='lat' dir='ltr'><strong>(opp.</strong></span> 
     </span>
     <span class='ocr_line' id='line_1_43' title="bbox 431 4377 3257 4441; baseline 0.001 -19"><span class='ocrx_word' id='word_1_612' title='bbox 431 4378 524 4422; x_wconf 83' lang='lat' dir='ltr'><strong>last</strong></span> <span class='ocrx_word' id='word_1_613' title='bbox 547 4379 614 4426; x_wconf 90' lang='lat' dir='ltr'><strong>im</strong></span> <span class='ocrx_word' id='word_1_614' title='bbox 646 4379 957 4438; x_wconf 84' lang='lat' dir='ltr'><strong>Civilprocess</strong></span> <span class='ocrx_word' id='word_1_615' title='bbox 979 4395 1027 4440; x_wconf 85' lang='lat' dir='ltr'><strong>p.</strong></span> <span class='ocrx_word' id='word_1_616' title='bbox 1062 4381 1154 4429; x_wconf 70' lang='lat'><strong>132</strong></span> <span class='ocrx_word' id='word_1_617' title='bbox 1178 4395 1283 4441; x_wconf 85' lang='lat' dir='ltr'><strong>sqq.</strong></span> <span class='ocrx_word' id='word_1_618' title='bbox 1321 4407 1383 4415; x_wconf 93' lang='lat'>—</span> <span class='ocrx_word' id='word_1_619' title='bbox 1414 4382 1481 4428; x_wconf 82' lang='lat' dir='ltr'><strong>de</strong></span> <span class='ocrx_word' id='word_1_620' title='bbox 1517 4383 1688 4429; x_wconf 72' lang='lat' dir='ltr'><strong>Loeht·</strong></span> <span class='ocrx_word' id='word_1_621' title='bbox 1705 4384 1809 4429; x_wconf 74' lang='lat' dir='ltr'><strong>Ma·</strong></span> <span class='ocrx_word' id='word_1_622' title='bbox 1873 4381 1978 4425; x_wconf 85' lang='lat' dir='ltr'><strong>Vol.</strong></span> <span class='ocrx_word' id='word_1_623' title='bbox 2002 4382 2041 4425; x_wconf 88' lang='grc'><strong>1.</strong></span> <span class='ocrx_word' id='word_1_624' title='bbox 2064 4380 2123 4427; x_wconf 87' lang='lat' dir='ltr'><strong>T.</strong></span> <span class='ocrx_word' id='word_1_625' title='bbox 2150 4382 2229 4429; x_wconf 89' lang='lat' dir='ltr'><strong>lll.</strong></span> <span class='ocrx_word' id='word_1_626' title='bbox 2252 4393 2298 4438; x_wconf 91' lang='lat' dir='ltr'><strong>p.</strong></span> <span class='ocrx_word' id='word_1_627' title='bbox 2324 4377 2415 4426; x_wconf 76' lang='grc'><strong>142</strong></span> <span class='ocrx_word' id='word_1_628' title='bbox 2448 4381 2563 4441; x_wconf 84' lang='lat' dir='ltr'><strong>sq.).</strong></span> <span class='ocrx_word' id='word_1_629' title='bbox 2608 4406 2664 4416; x_wconf 90' lang='lat'><strong>--</strong></span> <span class='ocrx_word' id='word_1_630' title='bbox 2700 4380 2980 4436; x_wconf 73' lang='lat' dir='ltr'><strong>Huleland</strong></span> <span class='ocrx_word' id='word_1_631' title='bbox 3001 4382 3037 4427; x_wconf 92' lang='lat' dir='ltr'><strong>l.</strong></span> <span class='ocrx_word' id='word_1_632' title='bbox 3061 4382 3092 4426; x_wconf 89' lang='lat' dir='ltr'><strong>l.</strong></span> <span class='ocrx_word' id='word_1_633' title='bbox 3118 4393 3168 4438; x_wconf 87' lang='lat' dir='ltr'><strong>p.</strong></span> <span class='ocrx_word' id='word_1_634' title='bbox 3191 4377 3257 4426; x_wconf 75' lang='lat'><strong>65</strong></span> 
     </span>
     <span class='ocr_line' id='line_1_44' title="bbox 432 4439 3252 4503; baseline 0.001 -18"><span class='ocrx_word' id='word_1_635' title='bbox 432 4450 542 4497; x_wconf 76' lang='lat' dir='ltr'><strong>gaz.</strong></span> <span class='ocrx_word' id='word_1_636' title='bbox 571 4442 650 4488; x_wconf 82' lang='grc' dir='ltr'><strong>ΙΙΙ.</strong></span> <span class='ocrx_word' id='word_1_637' title='bbox 687 4455 734 4500; x_wconf 93' lang='lat' dir='ltr'><strong>p.</strong></span> <span class='ocrx_word' id='word_1_638' title='bbox 759 4439 938 4502; x_wconf 72' lang='lat' dir='ltr'><strong>50⁴sq.</strong></span> <span class='ocrx_word' id='word_1_639' title='bbox 966 4450 1060 4501; x_wconf 83' lang='lat' dir='ltr'><strong>(nr.</strong></span> <span class='ocrx_word' id='word_1_640' title='bbox 1085 4443 1177 4501; x_wconf 85' lang='grc'><strong>0.).</strong></span> <span class='ocrx_word' id='word_1_641' title='bbox 1203 4469 1262 4478; x_wconf 90' lang='grc'><strong>-</strong></span> <span class='ocrx_word' id='word_1_642' title='bbox 1290 4445 1341 4491; x_wconf 87' lang='lat' dir='ltr'><strong>C.</strong></span> <span class='ocrx_word' id='word_1_643' title='bbox 1366 4445 1555 4491; x_wconf 70' lang='lat' dir='ltr'><strong>Albert</strong></span> <span class='ocrx_word' id='word_1_644' title='bbox 1571 4446 1692 4491; x_wconf 83' lang='lat' dir='ltr'><strong>uber</strong></span> <span class='ocrx_word' id='word_1_645' title='bbox 1712 4446 1810 4492; x_wconf 86' lang='lat' dir='ltr'><strong>den</strong></span> <span class='ocrx_word' id='word_1_646' title='bbox 1871 4439 2015 4488; x_wconf 85' lang='grc'><strong>-68.</strong></span> <span class='ocrx_word' id='word_1_647' title='bbox 2044 4449 2092 4487; x_wconf 89' lang='lat' dir='ltr'><strong>et</strong></span> <span class='ocrx_word' id='word_1_648' title='bbox 2115 4442 2338 4503; x_wconf 83' lang='lat' dir='ltr'><strong>inprimis</strong></span> <span class='ocrx_word' id='word_1_649' title='bbox 2359 4445 2546 4491; x_wconf 76' lang='lat' dir='ltr'><strong>Alberl</strong></span> <span class='ocrx_word' id='word_1_650' title='bbox 2573 4446 2608 4491; x_wconf 89' lang='lat' dir='ltr'><strong>l.</strong></span> <span class='ocrx_word' id='word_1_651' title='bbox 2627 4444 2666 4489; x_wconf 85' lang='lat' dir='ltr'><strong>l.</strong></span> <span class='ocrx_word' id='word_1_652' title='bbox 2690 4446 2717 4500; x_wconf 79' lang='grc' dir='ltr'><strong>ς</strong></span> <span class='ocrx_word' id='word_1_653' title='bbox 2750 4442 2856 4491; x_wconf 76' lang='grc'><strong>171.</strong></span> <span class='ocrx_word' id='word_1_654' title='bbox 2882 4442 2993 4490; x_wconf 83' lang='grc'><strong>172.</strong></span> <span class='ocrx_word' id='word_1_655' title='bbox 3017 4450 3069 4490; x_wconf 84' lang='lat' dir='ltr'><strong>et</strong></span> <span class='ocrx_word' id='word_1_656' title='bbox 3091 4445 3252 4489; x_wconf 66' lang='grc' dir='ltr'><strong><em>θυεε-</em></strong></span> 
     </span>
     <span class='ocr_line' id='line_1_45' title="bbox 432 4504 3254 4566; baseline 0.001 -18"><span class='ocrx_word' id='word_1_657' title='bbox 432 4504 583 4550; x_wconf 79' lang='lat' dir='ltr'><strong>Besitz</strong></span> <span class='ocrx_word' id='word_1_658' title='bbox 610 4506 891 4565; x_wconf 75' lang='lat' dir='ltr'><strong>unkorperl.</strong></span> <span class='ocrx_word' id='word_1_659' title='bbox 916 4507 1122 4555; x_wconf 82' lang='lat' dir='ltr'><strong>Sachen.</strong></span> <span class='ocrx_word' id='word_1_660' title='bbox 1149 4508 1343 4566; x_wconf 78' lang='lat' dir='ltr'><strong>(Leipz.</strong></span> <span class='ocrx_word' id='word_1_661' title='bbox 1381 4505 1522 4554; x_wconf 77' lang='grc'><strong>1826.</strong></span> <span class='ocrx_word' id='word_1_662' title='bbox 1541 4507 1557 4564; x_wconf 94' lang='grc'><strong>)</strong></span> <span class='ocrx_word' id='word_1_663' title='bbox 1577 4519 1626 4564; x_wconf 85' lang='lat' dir='ltr'><strong>p.</strong></span> <span class='ocrx_word' id='word_1_664' title='bbox 1652 4506 1809 4554; x_wconf 70' lang='grc'><strong>205-</strong></span> <span class='ocrx_word' id='word_1_665' title='bbox 1871 4504 2008 4551; x_wconf 72' lang='lat' dir='ltr'><strong>chen</strong></span> <span class='ocrx_word' id='word_1_666' title='bbox 2030 4505 2307 4552; x_wconf 82' lang='lat' dir='ltr'><strong>Grundriss.</strong></span> <span class='ocrx_word' id='word_1_667' title='bbox 2332 4517 2379 4563; x_wconf 89' lang='lat' dir='ltr'><strong>p.</strong></span> <span class='ocrx_word' id='word_1_668' title='bbox 2400 4505 2495 4554; x_wconf 85' lang='grc' dir='ltr'><strong>2οὃ</strong></span> <span class='ocrx_word' id='word_1_669' title='bbox 2512 4518 2587 4566; x_wconf 70' lang='lat'><strong>⁸11.</strong></span> <span class='ocrx_word' id='word_1_670' title='bbox 2612 4530 2672 4541; x_wconf 92' lang='lat'><strong>-—</strong></span> <span class='ocrx_word' id='word_1_671' title='bbox 2706 4508 2856 4554; x_wconf 77' lang='lat' dir='ltr'><strong>Aliter</strong></span> <span class='ocrx_word' id='word_1_672' title='bbox 2877 4506 2930 4555; x_wconf 79' lang='lat' dir='ltr'><strong>h.</strong></span> <span class='ocrx_word' id='word_1_673' title='bbox 2954 4508 2986 4553; x_wconf 94' lang='grc' dir='ltr'><strong>Ι.</strong></span> <span class='ocrx_word' id='word_1_674' title='bbox 3026 4506 3254 4563; x_wconf 68' lang='lat' dir='ltr'><strong>intelligit</strong></span> 
     </span>
     <span class='ocr_line' id='line_1_46' title="bbox 431 4563 2450 4629; baseline 0.002 -19"><span class='ocrx_word' id='word_1_675' title='bbox 431 4563 544 4612; x_wconf 84' lang='grc'><strong>228.</strong></span> <span class='ocrx_word' id='word_1_676' title='bbox 566 4567 609 4621; x_wconf 65' lang='lat' dir='ltr'><strong>(ss</strong></span> <span class='ocrx_word' id='word_1_677' title='bbox 634 4565 722 4614; x_wconf 86' lang='grc'><strong>167</strong></span> <span class='ocrx_word' id='word_1_678' title='bbox 747 4593 802 4601; x_wconf 94' lang='lat'><strong>-—</strong></span> <span class='ocrx_word' id='word_1_679' title='bbox 827 4565 975 4624; x_wconf 90' lang='grc'><strong>181.).</strong></span> <span class='ocrx_word' id='word_1_680' title='bbox 997 4593 1057 4603; x_wconf 91' lang='lat'><strong>-—</strong></span> <span class='ocrx_word' id='word_1_681' title='bbox 1079 4571 1136 4617; x_wconf 83' lang='lat' dir='ltr'><strong>J.</strong></span> <span class='ocrx_word' id='word_1_682' title='bbox 1165 4572 1228 4617; x_wconf 86' lang='lat' dir='ltr'><strong>P.</strong></span> <span class='ocrx_word' id='word_1_683' title='bbox 1253 4572 1421 4615; x_wconf 76' lang='lat' dir='ltr'><strong>Esset·</strong></span> <span class='ocrx_word' id='word_1_684' title='bbox 1437 4571 1553 4616; x_wconf 84' lang='lat' dir='ltr'><strong>krit.</strong></span> <span class='ocrx_word' id='word_1_685' title='bbox 1580 4570 1813 4617; x_wconf 85' lang='lat' dir='ltr'><strong>Beleuch-</strong></span> <span class='ocrx_word' id='word_1_686' title='bbox 1872 4569 1940 4614; x_wconf 76' lang='lat' dir='ltr'><strong>de</strong></span> <span class='ocrx_word' id='word_1_687' title='bbox 1965 4566 2132 4615; x_wconf 76' lang='lat' dir='ltr'><strong>Loelu·</strong></span> <span class='ocrx_word' id='word_1_688' title='bbox 2152 4569 2184 4615; x_wconf 92' lang='lat' dir='ltr'><strong>l.</strong></span> <span class='ocrx_word' id='word_1_689' title='bbox 2210 4570 2246 4617; x_wconf 90' lang='lat' dir='ltr'><strong>l.</strong></span> <span class='ocrx_word' id='word_1_690' title='bbox 2264 4581 2318 4629; x_wconf 88' lang='lat' dir='ltr'><strong>p.</strong></span> <span class='ocrx_word' id='word_1_691' title='bbox 2335 4566 2450 4617; x_wconf 86' lang='grc'><strong>511.</strong></span> 
     </span>
     <span class='ocr_line' id='line_1_47' title="bbox 432 4630 1800 4685; baseline 0.003 -11"><span class='ocrx_word' id='word_1_692' title='bbox 432 4633 558 4685; x_wconf 81' lang='lat' dir='ltr'><strong>tung</strong></span> <span class='ocrx_word' id='word_1_693' title='bbox 582 4630 631 4674; x_wconf 90' lang='lat' dir='ltr'><strong>d.</strong></span> <span class='ocrx_word' id='word_1_694' title='bbox 661 4636 785 4677; x_wconf 73' lang='lat' dir='ltr'><strong>rom.</strong></span> <span class='ocrx_word' id='word_1_695' title='bbox 811 4632 983 4677; x_wconf 84' lang='lat' dir='ltr'><strong>Rechts</strong></span> <span class='ocrx_word' id='word_1_696' title='bbox 1006 4632 1089 4677; x_wconf 85' lang='lat' dir='ltr'><strong>ub.</strong></span> <span class='ocrx_word' id='word_1_697' title='bbox 1115 4634 1164 4679; x_wconf 87' lang='lat' dir='ltr'><strong>d.</strong></span> <span class='ocrx_word' id='word_1_698' title='bbox 1185 4633 1547 4679; x_wconf 80' lang='lat' dir='ltr'><strong>Beweislastbei</strong></span> <span class='ocrx_word' id='word_1_699' title='bbox 1570 4633 1662 4678; x_wconf 87' lang='lat' dir='ltr'><strong>den</strong></span> <span class='ocrx_word' id='word_1_700' title='bbox 1686 4633 1800 4678; x_wconf 87' lang='lat' dir='ltr'><strong>Ser-</strong></span> 
     </span>
     <span class='ocr_line' id='line_1_48' title="bbox 433 4690 2632 4754; baseline 0.005 -21"><span class='ocrx_word' id='word_1_701' title='bbox 433 4690 822 4751; x_wconf 77' lang='lat' dir='ltr'><strong>vitutenklagen.</strong></span> <span class='ocrx_word' id='word_1_702' title='bbox 849 4695 988 4739; x_wconf 84' lang='lat' dir='ltr'><strong>Trier</strong></span> <span class='ocrx_word' id='word_1_703' title='bbox 1026 4691 1164 4742; x_wconf 86' lang='grc'><strong>1826.</strong></span> <span class='ocrx_word' id='word_1_704' title='bbox 1201 4719 1262 4728; x_wconf 88' lang='grc'><strong>-</strong></span> <span class='ocrx_word' id='word_1_705' title='bbox 1295 4696 1355 4740; x_wconf 83' lang='lat' dir='ltr'><strong>R.</strong></span> <span class='ocrx_word' id='word_1_706' title='bbox 1387 4697 1443 4742; x_wconf 85' lang='lat' dir='ltr'><strong>J.</strong></span> <span class='ocrx_word' id='word_1_707' title='bbox 1467 4694 1717 4741; x_wconf 79' lang='lat' dir='ltr'><strong>Vollsack</strong></span> <span class='ocrx_word' id='word_1_708' title='bbox 1737 4694 1800 4740; x_wconf 89' lang='lat' dir='ltr'><strong>de</strong></span> <span class='ocrx_word' id='word_1_709' title='bbox 2459 4700 2485 4754; x_wconf 73' lang='lat' dir='ltr'>S</span> <span class='ocrx_word' id='word_1_710' title='bbox 2520 4696 2632 4746; x_wconf 82' lang='grc'><strong>297.</strong></span> 
     </span>
     <span class='ocr_line' id='line_1_49' title="bbox 432 4754 1801 4815; baseline 0.003 -17"><span class='ocrx_word' id='word_1_711' title='bbox 432 4765 583 4799; x_wconf 84' lang='lat' dir='ltr'><strong>onere</strong></span> <span class='ocrx_word' id='word_1_712' title='bbox 600 4755 840 4812; x_wconf 87' lang='lat' dir='ltr'><strong>probandi</strong></span> <span class='ocrx_word' id='word_1_713' title='bbox 865 4757 912 4801; x_wconf 92' lang='lat' dir='ltr'><strong>in</strong></span> <span class='ocrx_word' id='word_1_714' title='bbox 936 4756 1129 4803; x_wconf 84' lang='lat' dir='ltr'><strong>actione</strong></span> <span class='ocrx_word' id='word_1_715' title='bbox 1151 4756 1420 4813; x_wconf 71' lang='lat' dir='ltr'><strong>negatoria.</strong></span> <span class='ocrx_word' id='word_1_716' title='bbox 1444 4757 1572 4815; x_wconf 84' lang='lat' dir='ltr'><strong>Lips.</strong></span> <span class='ocrx_word' id='word_1_717' title='bbox 1592 4754 1734 4803; x_wconf 88' lang='grc'><strong>1829.</strong></span> <span class='ocrx_word' id='word_1_718' title='bbox 1749 4755 1801 4803; x_wconf 75' lang='grc'><strong>4.</strong></span> 
     </span>
     <span class='ocr_line' id='line_1_50' title="bbox 430 4814 3258 4885; baseline -0 -22"><span class='ocrx_word' id='word_1_719' title='bbox 430 4839 486 4885; x_wconf 40' lang='grc'><strong>,-</strong></span> <span class='ocrx_word' id='word_1_720' title='bbox 516 4818 573 4863; x_wconf 86' lang='grc' dir='ltr'><strong>.Ῑ.</strong></span> <span class='ocrx_word' id='word_1_721' title='bbox 600 4817 663 4863; x_wconf 73' lang='grc' dir='ltr'><strong>Β.</strong></span> <span class='ocrx_word' id='word_1_722' title='bbox 689 4818 753 4863; x_wconf 82' lang='lat' dir='ltr'><strong>A.</strong></span> <span class='ocrx_word' id='word_1_723' title='bbox 785 4817 854 4865; x_wconf 78' lang='lat' dir='ltr'><strong>de</strong></span> <span class='ocrx_word' id='word_1_724' title='bbox 884 4819 1282 4877; x_wconf 68' lang='lat' dir='ltr'><strong>Rausclaenplat</strong></span> <span class='ocrx_word' id='word_1_725' title='bbox 1317 4818 1377 4864; x_wconf 83' lang='lat' dir='ltr'><strong>de</strong></span> <span class='ocrx_word' id='word_1_726' title='bbox 1396 4829 1545 4865; x_wconf 86' lang='lat' dir='ltr'><strong>onere</strong></span> <span class='ocrx_word' id='word_1_727' title='bbox 1568 4819 1805 4878; x_wconf 81' lang='lat' dir='ltr'><strong>probandi</strong></span> <span class='ocrx_word' id='word_1_728' title='bbox 1934 4817 2246 4879; x_wconf 70' lang='lat' dir='ltr'><strong>(⁸)Sav19ny</strong></span> <span class='ocrx_word' id='word_1_729' title='bbox 2264 4819 2419 4866; x_wconf 82' lang='lat' dir='ltr'><strong>Besitz</strong></span> <span class='ocrx_word' id='word_1_730' title='bbox 2446 4818 2659 4866; x_wconf 78' lang='lat' dir='ltr'><strong>Abscbn.</strong></span> <span class='ocrx_word' id='word_1_731' title='bbox 2684 4820 2739 4864; x_wconf 86' lang='lat' dir='ltr'><strong>v.</strong></span> <span class='ocrx_word' id='word_1_732' title='bbox 2761 4819 2786 4873; x_wconf 73' lang='grc' dir='ltr'><strong>ς</strong></span> <span class='ocrx_word' id='word_1_733' title='bbox 2817 4815 2879 4865; x_wconf 74' lang='grc'><strong>4-1</strong></span> <span class='ocrx_word' id='word_1_734' title='bbox 2905 4841 2963 4850; x_wconf 91' lang='grc'><strong>-</strong></span> <span class='ocrx_word' id='word_1_735' title='bbox 2985 4814 3258 4866; x_wconf 51' lang='lat' dir='ltr'><strong>*tm—Du-</strong></span> 
     </span>
     <span class='ocr_line' id='line_1_51' title="bbox 427 4877 2870 4939; baseline 0.001 -17"><span class='ocrx_word' id='word_1_736' title='bbox 427 4888 477 4923; x_wconf 86' lang='grc' dir='ltr'><strong>ιιι</strong></span> <span class='ocrx_word' id='word_1_737' title='bbox 522 4880 769 4936; x_wconf 79' lang='lat' dir='ltr'><strong>negatoria</strong></span> <span class='ocrx_word' id='word_1_738' title='bbox 793 4886 889 4928; x_wconf 84' lang='lat' dir='ltr'><strong>act.</strong></span> <span class='ocrx_word' id='word_1_739' title='bbox 915 4882 1052 4928; x_wconf 86' lang='lat' dir='ltr'><strong>Gott.</strong></span> <span class='ocrx_word' id='word_1_740' title='bbox 1068 4880 1205 4928; x_wconf 78' lang='lat'><strong>1850.</strong></span> <span class='ocrx_word' id='word_1_741' title='bbox 1229 4879 1279 4928; x_wconf 87' lang='lat'><strong>8.</strong></span> <span class='ocrx_word' id='word_1_742' title='bbox 1299 4884 1325 4938; x_wconf 70' lang='lat' dir='ltr'><strong>s</strong></span> <span class='ocrx_word' id='word_1_743' title='bbox 1348 4881 1426 4926; x_wconf 87' lang='lat'><strong>11.</strong></span> <span class='ocrx_word' id='word_1_744' title='bbox 1450 4882 1531 4927; x_wconf 76' lang='lat'><strong>12.</strong></span> <span class='ocrx_word' id='word_1_745' title='bbox 1563 4905 1620 4915; x_wconf 87' lang='lat'>—</span> <span class='ocrx_word' id='word_1_746' title='bbox 1661 4881 1806 4928; x_wconf 80' lang='lat' dir='ltr'><strong>Hou-</strong></span> <span class='ocrx_word' id='word_1_747' title='bbox 1871 4882 1952 4928; x_wconf 75' lang='lat' dir='ltr'><strong>roe·</strong></span> <span class='ocrx_word' id='word_1_748' title='bbox 1976 4880 2120 4928; x_wconf 78' lang='lat' dir='ltr'><strong>Arch.</strong></span> <span class='ocrx_word' id='word_1_749' title='bbox 2143 4882 2180 4927; x_wconf 73' lang='lat' dir='ltr'><strong>f.</strong></span> <span class='ocrx_word' id='word_1_750' title='bbox 2205 4881 2333 4928; x_wconf 87' lang='lat' dir='ltr'><strong>civil.</strong></span> <span class='ocrx_word' id='word_1_751' title='bbox 2359 4883 2437 4927; x_wconf 84' lang='lat' dir='ltr'><strong>Pr.</strong></span> <span class='ocrx_word' id='word_1_752' title='bbox 2464 4881 2540 4927; x_wconf 76' lang='lat' dir='ltr'><strong>Vl.</strong></span> <span class='ocrx_word' id='word_1_753' title='bbox 2567 4893 2616 4939; x_wconf 91' lang='lat' dir='ltr'><strong>p.</strong></span> <span class='ocrx_word' id='word_1_754' title='bbox 2652 4877 2742 4926; x_wconf 83' lang='grc'><strong>281</strong></span> <span class='ocrx_word' id='word_1_755' title='bbox 2762 4892 2870 4938; x_wconf 86' lang='lat' dir='ltr'><strong>sqq.</strong></span> 
     </span>
     <span class='ocr_line' id='line_1_52' title="bbox 427 4937 3253 5003; baseline 0.001 -17"><span class='ocrx_word' id='word_1_756' title='bbox 427 4950 538 5003; x_wconf 65' lang='lat' dir='ltr'><strong>wey</strong></span> <span class='ocrx_word' id='word_1_757' title='bbox 572 4952 697 4989; x_wconf 83' lang='lat' dir='ltr'><strong>vers.</strong></span> <span class='ocrx_word' id='word_1_758' title='bbox 717 4943 801 4989; x_wconf 87' lang='lat' dir='ltr'><strong>ub.</strong></span> <span class='ocrx_word' id='word_1_759' title='bbox 824 4941 902 4990; x_wconf 85' lang='lat' dir='ltr'><strong>die</strong></span> <span class='ocrx_word' id='word_1_760' title='bbox 926 4942 1138 4993; x_wconf 78' lang='lat' dir='ltr'><strong>Theoi-ie</strong></span> <span class='ocrx_word' id='word_1_761' title='bbox 1170 4944 1256 4991; x_wconf 81' lang='lat' dir='ltr'><strong>des</strong></span> <span class='ocrx_word' id='word_1_762' title='bbox 1275 4944 1532 5002; x_wconf 79' lang='lat' dir='ltr'><strong>Clvilproz.</strong></span> <span class='ocrx_word' id='word_1_763' title='bbox 1556 4955 1604 5002; x_wconf 88' lang='lat' dir='ltr'><strong>p.</strong></span> <span class='ocrx_word' id='word_1_764' title='bbox 1628 4942 1723 4995; x_wconf 70' lang='lat'><strong>574</strong></span> <span class='ocrx_word' id='word_1_765' title='bbox 1748 4970 1803 4979; x_wconf 94' lang='grc'><strong>--</strong></span> <span class='ocrx_word' id='word_1_766' title='bbox 1932 4944 1979 5002; x_wconf 91' lang='grc'><strong>1)</strong></span> <span class='ocrx_word' id='word_1_767' title='bbox 2005 4944 2113 4992; x_wconf 85' lang='lat' dir='ltr'><strong>Vid.</strong></span> <span class='ocrx_word' id='word_1_768' title='bbox 2129 4942 2375 4993; x_wconf 64' lang='lat' dir='ltr'><strong>Huschke</strong></span> <span class='ocrx_word' id='word_1_769' title='bbox 2394 4944 2445 4991; x_wconf 89' lang='lat' dir='ltr'><strong>in</strong></span> <span class='ocrx_word' id='word_1_770' title='bbox 2466 4943 2631 5003; x_wconf 74' lang='lat' dir='ltr'><strong>epher.</strong></span> <span class='ocrx_word' id='word_1_771' title='bbox 2646 4937 3185 5001; x_wconf 72' lang='lat' dir='ltr'><strong>jur.&#39;rub.‘1?.u.p.563.</strong></span> <span class='ocrx_word' id='word_1_772' title='bbox 3200 4942 3253 4991; x_wconf 83' lang='lat' dir='ltr'><strong>B.</strong></span> 
     </span>
    </p>
   </div>
  </div>
 </body>
</html>
