3544 5506
838 379 978 423 car.
1018 381 1118 424 111.
1152 381 1231 423 nn
1270 380 1553 424 oraton.
1594 380 1901 439 namn,
1943 381 2010 424 vi
2047 381 2185 432 aro.
2225 380 2505 426 amero.
2962 376 3069 432 881

254 493 368 547 aut
385 501 576 547 mora.
598 486 731 545 dati
757 487 1020 545 nomine
1043 487 1428 560 plerumque
1448 489 1496 551 ⁷)
1524 481 1899 561 simpliciter
1923 487 2006 545 ad
2033 487 2097 545 id
2115 488 2289 561 quod
2322 489 2588 547 interest
2613 493 3073 563 praestandum

253 584 353 656 agi
394 579 632 657 poterit
654 578 718 651 Β).
759 587 969 641 Potest
996 590 1339 656 praeterea
1365 582 1423 648 5)
1452 589 1517 641 et
1544 589 1737 655 pacto
1761 583 2124 650 conveniri,
2158 592 2236 642 ut
2268 585 2407 658 ejus
2434 587 2608 659 quod
2637 587 2903 647 interest
2930 591 3074 651 loco

258 680 430 739 aliud
446 679 603 753 quid
627 680 1090 752 praestandum
1111 679 1191 737 sit
1212 676 1284 753 ⁹),
1320 685 1382 736 et
1405 679 1652 750 legibus
1674 680 2001 752 peculiare
2024 681 2350 752 quoddam
2377 681 2876 754 incommodum,
2904 701 3074 759 quae

261 792 476 851 poena
506 776 757 850 privata
785 783 1058 835 vocatur
1086 774 1159 851 ¹⁰)
1185 819 1201 845 ‚
1234 775 1306 833 iis
1336 790 1473 834 esse
1500 780 1848 846 statutum,
1895 776 2007 848 qui
2032 771 2266 849 injuria
2301 777 2669 852 damnoque
2705 775 2863 839 alios
2894 782 3074 842 adte-

255 878 462 937 cerint
488 920 504 948 ,
553 878 729 950 quod
758 877 1017 950 quidem
1055 877 1438 959 plerumque
1469 882 1536 934 et
1563 882 1827 949 praeter
1870 876 1965 944 id,
2013 876 2190 948 quod
2233 876 2532 947 interest,
2577 881 2708 951 peti
2748 879 3071 952 potest¹¹›.

256 977 591 1033 Caeterum
629 974 688 1049 6)
728 974 795 1033 in
826 974 1219 1047 actionibus,
1272 988 1440 1045 quae
1481 987 1734 1045 poenae
1780 973 2293 1045 persecutionem
2342 975 2713 1052 continent,
2759 984 3075 1050 quatenus

256 1071 515 1144 quidem
541 1071 842 1143 simplum
873 1069 1011 1143 ejus
1031 1112 1048 1141 ,
1091 1069 1269 1141 quod
1312 1068 1531 1127 damni
1574 1068 1800 1126 datum
1838 1075 1972 1144 est,
2004 1083 2213 1141 poena
2236 1071 2566 1142 egreditur
2596 1070 2702 1147 12),
2738 1074 2820 1132 ad
2849 1088 3075 1134 veram

255 1167 350 1225 rei
378 1162 921 1236 aestimationem,
948 1180 1081 1225 non
1107 1166 1190 1223 ad
1211 1166 1275 1223 id
1297 1165 1473 1237 quod
1508 1165 1808 1234 interest,
1836 1166 2236 1239 computatio
2259 1166 2398 1225 fieri
2417 1162 2610 1227 debet
2635 1166 2704 1245 13)
2725 1183 2745 1239 3
2770 1170 3073 1245 idemque
3128 1166 3131 1171 ”

253 1264 320 1322 in
345 1263 547 1323 stricti
563 1264 728 1338 juris
739 1262 1226 1336 obligationibus
1243 1262 1378 1322 iere
1401 1261 1674 1320 obtinuit
1700 1259 1793 1335 1⁴).

693 1484 721 1556 S
747 1484 896 1543 564.
922 1480 983 1555 β)
1020 1478 1182 1550 Quid
1206 1478 1355 1558 ejus,
1382 1479 1534 1558 quod
1557 1480 1795 1538 interest
1805 1497 1829 1548 ‚·
1872 1478 2101 1538 nmine
2116 1480 2538 1558 praestandum
2554 1482 2650 1540 sit.

333 1676 407 1735 ln
427 1678 588 1752 ejus,
622 1678 797 1752 quod
824 1678 1090 1736 interest
1109 1720 1125 1746 ,
1158 1675 1641 1749 computatione
1666 1674 1957 1735 facienda
1984 1691 2116 1734 non
2153 1678 2355 1736 solum
2382 1678 2507 1748 rei,
2536 1694 2701 1752 quae
2732 1681 2942 1750 abest,
2970 1696 3075 1740 ac-

256 1777 759 1848 cessionumque
795 1773 836 1847 ι)
866 1774 1088 1832 haberi
1109 1774 1301 1832 debet
1333 1774 1532 1849 ratio,
1560 1788 1790 1831 verum
1816 1772 2008 1830 etiam
2040 1771 2178 1851 ejus
2200 1771 2605 1850 detrimenti,
2644 1779 2819 1848 quod
2859 1777 2949 1834 rei
2966 1777 3075 1851 ju·

257 1873 426 1932 risve
450 1870 859 1930 amissionem
890 1876 1311 1929 consecutum
1338 1877 1435 1927 est
1458 1916 1473 1942 ,
1517 1870 1582 1926 in
1605 1884 1812 1942 eaque
1835 1871 2015 1927 velut
2043 1873 2434 1929 continetur.
2469 1875 2606 1949 Quo
2634 1873 2697 1930 in
2718 1889 2956 1945 genere
2979 1879 3077 1931 est

258 1977 322 2029 et
353 1972 661 2028 damnum
688 1969 1071 2027 indirectum
1093 2009 1109 2036 ,
1142 1981 1271 2040 quo
1291 1966 1554 2039 quidem
1583 1966 1785 2024 verbo
1809 1967 1998 2024 liceat
2028 1968 2122 2024 uti
2149 1963 2199 2040 2)
2222 2011 2238 2038 ,
2279 1974 2344 2026 et
2379 1969 2616 2026 utilitas
2641 1969 2998 2042 intercepta
3020 1986 3071 2029 s.

255 2073 509 2131 lucrum
542 2085 795 2128 cessans
811 2066 880 2145 δ).
926 2066 1026 2126 Ad
1060 2066 1276 2125 damni
1326 2067 1619 2125 indirecti
1659 2081 1859 2138 genus
1894 2067 2059 2123 haec
2086 2066 2357 2125 maxime
2396 2068 2729 2126 reserenda
2771 2076 2966 2127 sunt:
3014 2076 3079 2128 et

258 2174 532 2231 aliorum
563 2182 911 2240 corporum
943 2167 1219 2239 pretium
1249 2164 1654 2221 imminutum
1675 2159 1718 2237 ⁴)
1738 2204 1755 2230 ,
1791 2168 1858 2220 et
1890 2161 2058 2220 turta
2088 2177 2305 2220 rerum
2353 2170 2725 2221 nostrarum
2758 2164 3077 2222 interitus-

259 2286 384 2344 que
408 2312 424 2339 ,
450 2270 541 2338 si,
588 2268 696 2341 qui
727 2266 895 2325 sorte
926 2281 1003 2324 ex
1027 2266 1148 2323 hac
1189 2265 1325 2337 ipsa
1367 2279 1560 2321 causa
1593 2263 1980 2333 acciderint,
2033 2264 2205 2336 quod
2238 2263 2394 2321 alius
2430 2264 2494 2320 in
2537 2279 2649 2339 ec,
2693 2266 2866 2338 quod
2893 2266 3078 2325 nobis

257 2369 647 2439 debebatur,
676 2369 890 2426 dando
908 2412 924 2443 ‚
957 2368 1180 2425 dolum
1201 2360 1643 2437 desidiamque
1666 2364 2028 2423 adhibuerit
2052 2361 2118 2433 ὅ),
2147 2365 2425 2438 denique
2449 2371 2514 2423 et
2536 2381 2614 2423 ea
2642 2409 2657 2434 ,
2691 2382 2859 2441 quae
2897 2368 3081 2426 nobis

260 2474 586 2545 eroganda
624 2471 779 2541 sint,
833 2475 1216 2543 propterea,
1266 2468 1443 2539 quod
1485 2481 1560 2524 re
1606 2471 1830 2523 nostra
1875 2479 2099 2523 carere
2128 2463 2487 2539 cogimur).
2542 2462 2759 2538 Atque
2806 2481 2953 2525 cum
3015 2461 3082 2524 in

261 2568 436 2628 hisce
463 2567 707 2626 damnis
727 2608 743 2634 ‚
777 2572 911 2623 tum
942 2567 1007 2623 in
1036 2564 1416 2622 utilitatibus
1442 2561 1813 2635 interceptis
1839 2562 2244 2619 aestimandis
2270 2579 2662 2637 magnopere
2685 2565 3067 2637 cavendum,

261 2685 343 2728 ne
376 2670 458 2726 ad
482 2683 558 2726 ea
600 2667 1015 2741 prolabamur
1040 2709 1058 2742 ,
1090 2679 1257 2737 quae
1279 2707 1295 2735 ,
1323 2679 1400 2721 re
1425 2678 1557 2721 non
1588 2663 1819 2721 amissa
1840 2664 1940 2720 vel
1971 2663 2359 2734 obligatione
2387 2660 2510 2721 rite
2553 2663 2817 2738 impleta
2844 2706 2860 2732 ,
2912 2663 3079 2722 sorte

259 2776 572 2829 eventura
609 2767 880 2826 tuissent
900 2813 916 2838 ‚
952 2772 1064 2824 aut
1095 2781 1224 2824 non
1252 2761 1549 2835 ruissent,
1581 2763 1736 2836 quin
1774 2764 1838 2820 in
1860 2763 1932 2821 iis
1957 2764 2380 2822 consistamus
2422 2779 2683 2822 necesse
2708 2770 2803 2822 est
2826 2764 3070 2822 incom-

319 2995 368 3054 7)
401 2997 522 3043 Nam
543 2996 642 3042 vid.
664 2996 794 3042 infra
813 2998 916 3040 not.
942 2990 1020 3039 13.
1045 2986 1122 3038 14.
1703 2986 2072 3046 gationenrecht
2092 2985 2254 3046 p.53.)
2278 2988 2438 3036 Potuit
2460 2993 2622 3035 tamen
2638 3000 2697 3033 ex
2719 2987 2889 3034 iisdem
2918 2986 3077 3035 causis

319 3058 367 3118 8)
403 3060 456 3107 t..
482 3057 564 3106 68.
590 3061 643 3104 D.
662 3059 808 3104 defi.
834 3053 1240 3113 V.(v1‚1.)—1..
1264 3049 1344 3097 21.
1369 3051 1395 3105 S
1417 3047 1467 3095 2.
1493 3051 1548 3095 D.
1571 3047 1648 3095 ad

262 3123 359 3183 leq.
393 3123 647 3182 Aquile-
675 3122 725 3168 L.
749 3118 827 3166 19.
849 3121 874 3174 S
897 3120 944 3165 1.
977 3120 1034 3164 D.
1060 3116 1158 3163 loc.
1185 3116 1327 3169 (xlx,
1347 3113 1415 3169 2.)
1437 3136 1498 3144 —
1517 3113 1570 3159 L.
1596 3111 1641 3158 1.

261 3186 288 3239 S
307 3183 385 3233 41.
410 3188 465 3233 D.
487 3185 554 3232 de
577 3184 708 3230 υΙ.-
725 3183 775 3228 t..
810 3181 861 3228 7.
885 3181 937 3227 C.
959 3178 1145 3226 arbitr.
1178 3180 1276 3223 lut.
1314 3174 1420 3231 (V,
1441 3171 1522 3219 51.
1546 3175 1562 3232 )
1587 3197 1647 3207 -

264 3255 373 3295 sunt
396 3255 592 3303 tamen,
625 3247 708 3304 qui
739 3245 886 3291 etiam
913 3245 963 3289 in
993 3255 1079 3302 eo,
1126 3241 1256 3298 quod
1289 3237 1350 3285 ad
1375 3238 1531 3295 ipsum
1552 3238 1640 3284 da-

261 3321 486 3357 mnorum
505 3308 928 3367 rependendorum
938 3303 1151 3351 officium
1171 3302 1364 3358 attinet,
1382 3300 1641 3346 discrimen

262 3384 363 3419 esse
386 3377 609 3420 statuant
630 3371 757 3416 inter
782 3372 928 3416 latam
958 3372 1008 3413 et
1031 3368 1185 3412 levem
1215 3366 1428 3422 culpam.
1455 3361 1556 3416 Qua
1578 3363 1640 3408 de

263 3446 315 3480 re
332 3436 430 3483 vid.
446 3435 610 3482 Gluek
633 3433 783 3479 Pand.
805 3434 884 3478 lv.
908 3444 959 3490 p.
985 3427 1093 3478 447.
1117 3432 1168 3472 et
1182 3426 1475 3474 Sekoeman
1495 3424 1644 3472 Scha-

263 3497 478 3544 denset-s.
504 3499 562 3544 ll.
589 3509 637 3555 p.
657 3494 718 3542 91
745 3506 852 3554 sqq.
1479 3547 1490 3559 ο
1562 3548 1572 3558 .

324 3557 372 3617 9)
406 3563 434 3617 ς
467 3562 555 3607 ult.
579 3561 616 3606 l.
640 3558 707 3607 de
731 3560 802 3606 V.
844 3558 903 3603 0.
930 3578 985 3586 —-
1013 3555 1065 3600 L.
1087 3549 1135 3598 ὅ.
1158 3554 1213 3598 D.
1238 3549 1286 3598 si
1311 3549 1430 3608 quis
1471 3558 1639 3602 maus

263 3632 375 3669 voc.
399 3635 511 3669 non
532 3621 672 3669 ierit.
690 3623 769 3678 (ll,
792 3614 1118 3678 5.)—1..157.
1143 3618 1167 3671 s
1189 3614 1237 3662 7.
1261 3615 1314 3659 D.
1330 3613 1398 3660 de
1416 3614 1487 3660 V.
1513 3613 1639 3657 0.-

264 3684 317 3731 1..
343 3687 432 3732 ult.
455 3688 510 3732 D.
535 3684 604 3731 de
624 3684 802 3741 stipat.
821 3684 997 3738 praet.
1023 3680 1201 3736 (xlm,
1224 3675 1430 3733 5.)-1..
1452 3672 1532 3721 41.
1556 3670 1637 3720 42.

266 3746 317 3791 D.
338 3760 442 3810 pro
463 3759 575 3794 soc.
611 3747 764 3802 (xvll
786 3779 801 3802 ,
826 3745 871 3789 2.
898 3749 986 3800 )-—
1007 3744 1058 3787 1..
1088 3741 1163 3789 28.
1192 3743 1247 3787 D.
1270 3738 1480 3785 deme.
1504 3747 1555 3786 v.
1576 3757 1639 3770 -

264 3809 373 3860 vid.
396 3822 543 3868 snpra
570 3812 595 3864 S
617 3807 727 3855 540.
751 3807 871 3863 ibiq.
892 3806 1104 3852 maxime
1127 3819 1204 3852 nr.
1228 3803 1277 3849 2.

328 3875 406 3929 10)
443 3873 551 3917 Vid.
579 3883 725 3929 supra
749 3873 775 3926 3
795 3868 908 3917 550.
933 3867 1052 3925 ibiq.
1078 3873 1182 3915 not.
1206 3865 1239 3913 9
1260 3876 1368 3923 sqq.

330 3934 406 3992 11)
435 3937 468 3991 s
493 3932 570 3981 18.
594 3936 632 3979 1.
656 3934 723 3980 de
741 3936 850 3979 act.
878 3956 935 3966 —
957 3931 1269 3991 Excipiuntur
1290 3929 1470 3973 mixtae
1488 3927 1642 3975 actio·

265 4010 380 4057 nes3
404 4010 483 4056 pr.
506 4000 545 4044 l.
567 3996 635 4043 de
654 3996 709 4042 υἱ
728 3996 850 4042 bon.
875 3997 1014 4051 rapt.
1498 4022 1505 4030 .

329 4062 405 4117 19)
444 4061 565 4105 Nam
586 4071 722 4104 secus
743 4070 845 4104 esse
868 4057 916 4103 in
937 4067 1107 4103 eorum
1146 4054 1435 4102 delictorum
1476 4065 1642 4111 perse·

263 4122 842 4179 cutionibiis,quaealiam
852 4119 1034 4166 habent
1048 4128 1232 4176 poenae
1245 4116 1648 4174 persecutionem,

268 4194 326 4232 ut
347 4189 398 4233 in
422 4183 699 4231 actionibus
725 4217 740 4238 ‚
762 4195 888 4240 quae
910 4194 969 4228 ex
993 4184 1044 4228 1..
1080 4179 1268 4238 Aquilia
1308 4179 1611 4226 descendunt
1633 4211 1647 4235 ,

269 4254 375 4296 tum
400 4249 449 4293 in
471 4248 765 4303 injuriarum
786 4245 1137 4301 vindicatione,
1161 4244 1239 4290 vix
1257 4245 1357 4301 est,
1376 4241 1506 4299 quod
1549 4252 1652 4287 mo-

267 4318 462 4358 neatur.

330 4376 408 4432 13)
442 4374 497 4418 L.
521 4383 608 4417 un.
626 4371 651 4425 s
672 4368 721 4417 4.
747 4371 801 4415 D.
825 4367 870 4416 si
889 4370 1115 4427 quisjus
1138 4365 1238 4415 dle.
1270 4376 1379 4411 non
1417 4364 1641 4420 obtemp.

267 4436 350 4492 (11,
367 4435 560 4490 3.)-1..
589 4432 631 4479 1.
647 4434 673 4487 S
694 4431 775 4478 20.
791 4434 843 4478 D.
865 4432 931 4477 de
952 4435 1047 4477 tut.
1074 4432 1241 4477 etr-at.
1264 4426 1417 4474 distr.
1444 4427 1646 4484 (xxvii,

261 4497 334 4555 ὅ.)
347 4499 432 4556 (cf.
448 4499 500 4544 t..
513 4495 564 4542 2.
577 4493 660 4560 32.
685 4494 939 4551 eod.)-l..
958 4493 1037 4541 50.
1059 4506 1132 4551 pr.
1147 4493 1204 4538 D.
1223 4491 1289 4537 de
1304 4489 1436 4544 furt.
1451 4490 1647 4548 (XLvll‚

265 4560 336 4618 2.)
362 4585 418 4594 -
448 4558 574 4668 l..82.
601 4556 626 4619 ᾖ
651 4556 728 4604 15.
750 4558 803 4604 1..
829 4554 877 4604 4.
902 4559 927 4613 s
953 4555 1028 4604 11.
1071 4558 1125 4602 D.
1163 4555 1231 4602 de
1263 4552 1318 4599 vi
1338 4554 1460 4601 bon.
1503 4555 1643 4609 rape.

269 4624 474 4680 (XLVII,
534 4624 569 4678 .)

333 4684 412 4742 14)
450 4682 557 4732 Cic.
585 4694 673 4739 pro
697 4682 834 4729 Rosc.
859 4683 997 4729 Com.
1020 4692 1066 4727 c.
1088 4678 1327 4727 4.—vid.
1350 4681 1399 4724 et
1421 4677 1518 4725 Tit.
1539 4677 1646 4734 Dig.

267 4747 415 4806 (ιω,
436 4750 507 4799 3.)
526 4745 596 4793 de
615 4744 772 4793 oona.
799 4744 905 4792 crit.
920 4768 977 4776 —
995 4744 1048 4790 1..
1071 4741 1118 4789 1.
1142 4740 1264 4797 525.
1285 4740 1366 4790 24.
1390 4742 1445 4788 n.
1467 4738 1647 4796 depos.

264 4812 392 4869 xvi,
427 4807 479 4857 ὅ.
517 4808 568 4866 (ει
582 4808 718 4853 Hanc
737 4808 978 4853 actionem
1014 4806 1129 4853 bon.
1157 4804 1240 4852 fid.
1281 4816 1403 4863 esse,
1434 4802 1650 4850 dubitari

266 4885 368 4920 non
402 4875 620 4933 oportet.
661 4871 734 4915 Bt
751 4868 868 4916 ideo
901 4873 950 4915 et
980 4868 1169 4915 fructus
1191 4868 1243 4913 in
1264 4868 1391 4914 hanc
1409 4866 1654 4914 actionem

267 4937 434 4983 venire
449 4968 467 4997 ,
489 4938 543 4982 et
563 4942 762 4980 omnem
777 4942 976 4979 causam
997 4945 1023 4976 ιι
1045 4931 1142 4979 ret.
1167 4954 1227 4964 —
1250 4930 1325 4978 ci.
1353 4929 1496 4976 Gam
1516 4926 1652 4976 Obli-

1709 3051 1856 3096 etiam
1880 3050 2083 3098 arbiter
2123 3053 2244 3098 adiri
2278 3051 2404 3108 (Cic.
2430 3053 2464 3098 Ι.
2494 3064 2539 3097 c.
2579 3051 2646 3096 ct'.
2696 3050 3081 3099 Unterltolzner

1709 3114 1759 3160 in
1807 3112 2036 3159 zeitschr.
2078 3114 2174 3160 fur.
2204 3113 2379 3160 histor.
2414 3116 2469 3160 R.
2501 3114 2581 3158 W.
2616 3115 2655 3160 1.
2698 3124 2747 3169 p.
2774 3110 2942 3169 251.);
2979 3124 3078 3171 quo

1710 3177 1909 3234 quidem
1945 3176 2072 3224 facto
2096 3182 2145 3222 et
2166 3177 2291 3234 ejus,
2324 3177 2455 3235 quod
2480 3175 2696 3234 interest,
2721 3175 2960 3220 rationem
2985 3175 3077 3221 ha-

1704 3238 1806 3284 beri
1848 3249 2145 3297 consequens
2187 3239 2298 3284 fuit.
2342 3240 2448 3284 vid.
2495 3237 2590 3282 Tit.
2614 3238 2667 3282 D.
2705 3237 2773 3282 de
2814 3246 2897 3298 ec,
2931 3237 3082 3294 quod

1703 3302 1849 3348 certo
1872 3300 2001 3346 loco.
2027 3301 2168 3357 (xlll,
2188 3297 2320 3355 4.)-
2342 3302 2470 3346 Olim
2491 3300 2637 3345 etiam
2661 3298 2895 3357 pecuniae
2914 3306 3078 3347 certae

1703 3361 2063 3422 sponsionemn
2085 3364 2178 3409 litis
2196 3363 2395 3409 exordio
2406 3363 2509 3408 fieri
2529 3362 2711 3416 solitas,
2732 3363 2781 3407 in
2801 3361 2927 3417 eius,
2944 3364 3077 3421 quod

1705 3426 1982 3481 interesset,
1997 3426 2150 3472 vicem
2163 3427 2294 3470 velut
2313 3437 2417 3471 esse
2428 3424 2731 3481 substitutas,
2752 3425 2851 3469 veri
2874 3428 2946 3469 est
2966 3437 3078 3483 pera

1699 3499 1849 3548 quam
1871 3489 2190 3535 simillimum.
2212 3488 2287 3535 Cf.
2312 3488 2532 3534 Heidelb.
2556 3487 2727 3533 Jahrb.
2752 3484 2893 3532 1821.
2920 3498 2970 3545 p.
2990 3486 3071 3536 61.

1700 3558 1750 3599 et
1766 3562 1914 3609 supra
1934 3552 1961 3606 S
1987 3547 2095 3598 158.
2114 3563 2191 3598 nr.
2212 3549 2260 3597 2.
2286 3553 2311 3607 s
2333 3548 2444 3598 228.
2464 3554 2568 3598 not.
2591 3549 2672 3597 20.
2696 3550 2723 3605 s
2739 3546 2850 3596 529.
2873 3561 2951 3596 nr.
2975 3548 3026 3598 4.

2315 3672 2484 3731 9564.

1772 3800 1818 3857 1)
1834 3800 1987 3856 Vid.§
2008 3799 2253 3848 225—231
2268 3835 2280 3847 .

1766 3862 1818 3921 2)
1837 3865 2093 3910 Caeterum
2118 3869 2266 3920 sunt,
2288 3861 2372 3921 qui
2400 3863 2549 3909 etiam
2572 3861 2635 3908 ad
2653 3870 2851 3907 causam
2870 3862 3078 3908 damno-

1705 3939 1817 3975 rum
1829 3924 2121 4034 effieiegtem
2144 3926 2237 3973 hoc
2259 3925 2550 3972 vocabulum
2563 3923 2775 3969 referant
2790 3933 2805 3983 ς
2822 3934 2866 3971 ν.
2878 3937 2923 3972 c.
2939 3925 3081 3970 Hae·

1707 3990 1849 4036 nell.
1875 3990 1907 4033 Ι.
1932 3989 1958 4042 S
2015 4020 2028 4035 .

1775 4050 1823 4108 5)
1846 4052 1899 4098 1..
1922 4049 1970 4096 9.
1998 4052 2051 4096 D.
2086 4051 2156 4098 de
2179 4050 2327 4109 reliq.
2353 4052 2408 4096 et
2446 4047 2604 4095 sumt.
2635 4044 2758 4100 fun.
2789 4048 2909 4107 (x1‚
2929 4047 3000 4098 7.)
3018 4070 3080 4082 --

1712 4116 1765 4161 L.
1792 4113 1836 4160 1.
1861 4125 1935 4170 pr.
1960 4114 2015 4159 D.
2039 4114 2107 4159 de
2127 4126 2181 4159 a.
2202 4124 2252 4158 e.
2271 4125 2323 4158 v.
2346 4112 2498 4170 (xnt,
2523 4109 2588 4171 1.)
2622 4132 2683 4141 -
2720 4111 2771 4156 L.
2797 4110 2874 4158 80.
2899 4115 2925 4169 s
2949 4109 2995 4157 1.
3022 4112 3078 4157 D.

1712 4177 1780 4226 de
1794 4175 1929 4230 furt.
1952 4175 2149 4233 (vall,
2170 4175 2384 4232 2.)—-1..
2406 4171 2484 4220 35.
2509 4186 2583 4231 pr.
2607 4174 2659 4218 D.
2682 4172 2757 4218 ad
2774 4173 2872 4233 leq.
2897 4174 3076 4231 Aquil.

1713 4241 1814 4296 (lx,
1837 4237 2027 4292 2.)-1..
2054 4236 2129 4283 11.
2156 4250 2227 4294 pr.
2254 4238 2309 4283 D.
2332 4235 2408 4283 ad
2421 4235 2593 4282 exhib.
2614 4236 2692 4292 (X,
2714 4234 2852 4291 4.)-
2871 4237 2922 4282 L.
2947 4234 2996 4281 8.
3023 4237 3078 4282 D.

1718 4303 1787 4348 de
1808 4297 1960 4346 evict.
1983 4299 2120 4355 (xm.
2145 4298 2283 4357 23-
2301 4300 2352 4346 1..
2376 4295 2425 4343 9.
2461 4296 2554 4355 §7-
2579 4297 2627 4344 8.
2664 4298 2714 4344 L.
2740 4296 2819 4344 11.
2845 4312 2919 4357 pr.
2939 4298 2992 4344 D.
3010 4297 3087 4344 ad

1708 4366 1815 4410 Set.
1841 4361 1986 4407 Treb.
2008 4361 2234 4415 (xxxvl,
2259 4359 2324 4417 1.)
2346 4383 2399 4394 -
2418 4362 2469 4406 1..
2489 4359 2537 4406 2.
2560 4363 2585 4416 ς
2610 4358 2687 4406 11.
2713 4362 2766 4406 D.
2786 4371 2856 4408 ne
2873 4359 3080 4419 quidm

1707 4427 1823 4473 Ioco
1840 4423 1980 4480 publ.
2011 4425 2191 4481 (xLlli,
2214 4421 2285 4480 8.)
2323 4445 2376 4455 —
2414 4423 2488 4469 Cf.
2514 4425 2742 4482 Maqnus
2766 4424 2798 4468 l.
2825 4434 2870 4470 c.
2894 4423 2940 4478 (S
2961 4419 3075 4469 360.

1712 4493 1814 4535 not.
1842 4488 1877 4532 ·.
1898 4488 2031 4533 laud.
2057 4488 2073 4542 )
2121 4499 2163 4532 c.
2186 4485 2235 4531 2.
2278 4510 2339 4518 —
2363 4485 2671 4544 Gesterdinq
2713 4485 2956 4532 Ausbeute
2978 4496 3077 4531 von

1712 4548 2170 4606 Nacbforschungen
2190 4549 2228 4594 1.
2253 4548 2335 4593 ΝΡ.
2361 4551 2397 4595 1.
2413 4547 2506 4603 (cf.
2528 4546 2753 4604 Preiffer·
2771 4547 2825 4593 in
2845 4547 3080 4607 epheme-

1709 4614 1807 4660 rid.
1828 4614 1928 4669 jur.
1953 4612 2079 4658 Tub.
2106 4613 2184 4657 lv.
2209 4624 2260 4670 p.
2284 4607 2376 4656 408
2396 4614 2488 4669 sq.)

1772 4672 1823 4733 4)
1849 4677 1900 4722 t..
1920 4672 2001 4721 22.
2025 4675 2050 4729 S
2073 4674 2118 4718 1.
2146 4674 2198 4719 D.
2216 4673 2291 4720 ad
2310 4672 2405 4733 leq.
2431 4670 2610 4730 Aqua.

1777 4736 1825 4794 5)
1846 4738 1898 4784 L.
1919 4734 1997 4782 13.
2019 4733 2202 4792 31-5.
2229 4736 2282 4780 D.
2307 4735 2438 4783 dea.
2458 4747 2508 4782 e.
2532 4745 2583 4782 v.
2603 4735 2745 4792 (xix,
2764 4733 2833 4792 1.)

1776 4798 1827 4857 0)
1850 4801 1903 4846 1..
1926 4795 2005 4844 55.
2023 4811 2097 4857 pr.
2124 4800 2178 4844 D.
2202 4797 2279 4846 ad
2306 4799 2402 4858 leq.
2426 4797 2607 4856 Aqua.
2638 4811 2666 4840 ιι
2683 4820 2746 4831 -
2762 4796 2978 4845 amisisse
2999 4795 3079 4842 di-

1715 4873 1903 4936 cemur,
1924 4862 2058 4918 quod
2087 4864 2176 4909 aut
2207 4861 2438 4922 consequi
2462 4861 2737 4921 potuimus,
2758 4863 2845 4908 aut
2872 4867 3080 4920 erogare

1715 4935 1995 4985 commutas
