3544 5506
995 358 1129 402 car.
1170 359 1258 402 vi.
1298 358 1378 402 nr.
1410 359 1781 405 moltonnum
1820 360 1891 402 ιη·
1928 360 2320 405 nrmrnscis.
2968 351 3079 410 809

260 479 461 539 gnore
477 466 755 525 debetur
778 463 850 540 ³).
879 468 1039 526 Sunt
1067 474 1284 528 tamen
1303 476 1370 528 et
1392 469 1750 542 peculiares
1776 470 2094 543 quaedam
2112 471 2301 546 hujus
2326 467 2485 549 iuris
2515 472 2772 532 llnlendi
2800 488 3032 534 causae
3050 491 3069 529 ε

267 567 359 625 rei
387 567 625 624 abusus
648 573 713 625 et
743 581 876 626 non
905 564 1213 640 praestita
1231 570 1446 628 cautio
1476 570 1696 628 damni
1722 568 1940 627 iniecti
1970 570 2230 630 nomine
2246 567 2316 645 ⁶).

822 778 1022 855 §521.
1067 775 1133 852 b)
1174 777 1259 836 Do
1286 775 1453 854 jure,
1495 775 1648 854 quod
1688 792 1763 835 ex
1796 775 1988 854 pactis
2029 774 2265 854 adjectis
2304 774 2522 837 oritur.

343 977 564 1044 Pacta,
598 992 767 1049 quae
803 983 918 1036 aut
953 960 1463 1051 hypothecarum
1505 978 1921 1038 conventioni
1959 985 2072 1036 aut
2107 978 2388 1052 pignoris
2430 979 2789 1038 contractui
2824 979 2973 1053 jure
2998 995 3081 1039 ac

260 1073 434 1132 licito
466 1075 889 1149 adjiciuntur,
926 1080 1028 1136 vel
1054 1080 1135 1137 ad
1160 1075 1562 1138 venditiones
1599 1088 1711 1138 aut
1740 1080 2065 1139 faciendas
2096 1087 2210 1137 aut
2240 1095 2369 1138 non
2402 1079 2721 1137 faciendas
2744 1087 3073 1153 spectant,

257 1173 356 1230 vel
382 1175 464 1232 de
496 1191 615 1235 usu
648 1193 864 1235 rerum
888 1180 1313 1253 obligatarum
1343 1183 1684 1254 ineuntur,
1717 1183 1819 1241 vei
1863 1182 2322 1253 ingrediendae
2358 1177 2773 1254 possessionis
2812 1180 2916 1257 ius
2954 1183 3070 1240 tri-

262 1269 470 1329 buunt
497 1274 950 1352 creditoribus3
978 1279 1152 1351 quod
1177 1280 1434 1351 quidem
1465 1274 1782 1352 posterius
1803 1285 2065 1352 pactum
2086 1274 2220 1353 jam
2249 1277 2376 1335 alio
2411 1272 2474 1334 in
2499 1279 2644 1336 loco
2667 1276 3071 1353 tetigimus¹).

304 1372 334 1422 t
372 1367 420 1436 l)
457 1369 522 1426 in
549 1371 765 1443 priore
797 1389 1028 1443 genere
1056 1382 1241 1449 sunt,
1285 1390 1453 1447 quae
1492 1382 1736 1433 certam
1767 1377 1969 1447 legem
2012 1374 2459 1447 praescribunt
2489 1370 2963 1433 venditionibus
2985 1371 3031 1446 ²)
3052 1421 3068 1448 ‚

260 1467 400 1520 tum
423 1461 619 1524 etiam
660 1469 806 1526 illa:
832 1477 904 1527 ut
927 1473 1208 1529 vendere
1242 1472 1468 1543 pignus
1493 1472 1716 1539 liceat,
1755 1476 1823 1529 et
1853 1487 2108 1539 rursus,
2141 1487 2224 1528 ne
2251 1466 2462 1529 liceat.
2497 1473 2780 1547 Quorum
2825 1478 3074 1530 utrum·

261 1574 423 1631 que,
453 1562 601 1621 licet
624 1566 882 1639 proprie
910 1569 1155 1625 nullam
1170 1568 1405 1626 habeat
1426 1564 1551 1626 vim
1578 1568 1625 1644 (§
1645 1568 1792 1627 517.
1823 1574 1957 1626 not.
1988 1566 2104 1642 1.),
2137 1575 2354 1625 tamen
2385 1568 2540 1625 illud
2564 1568 2823 1641 quidem
2854 1563 3071 1641 efficit.

261 1665 335 1715 ut
358 1660 495 1719 sine
533 1665 666 1722 ulla
694 1666 1001 1724 debitoris
1028 1664 1551 1738 denuntiatione,
1579 1669 1703 1727 hoc
1739 1684 1897 1727 vero
1918 1711 1934 1739 ‚
1965 1675 2040 1726 ut
2084 1684 2214 1726 non
2244 1668 2359 1726 nisi
2390 1675 2535 1741 post
2568 1668 2804 1726 trinam
2826 1670 3077 1726 denun-

257 1751 594 1817 tiationem
621 1763 808 1819 vendi
834 1764 1061 1836 pignus
1085 1765 1284 1836 possit
1310 1762 1382 1838 3).
1411 1769 1622 1824 Potest
1651 1759 1846 1824 etiam
1887 1770 2080 1837 pacto
2112 1759 2449 1835 constitui,
2483 1780 2567 1822 ne
2591 1759 2779 1823 liceat
2802 1762 3076 1832 debitori,

260 1853 491 1927 pignus
518 1862 799 1921 vendere
827 1859 897 1937 ⁴).
933 1865 1008 1940 11)
1042 1861 1275 1941 Quodsi
1318 1861 1405 1922 ita
1434 1881 1537 1923 res
1581 1866 1830 1938 pignori
1856 1865 2081 1935 datur,
2122 1871 2196 1922 ut
2226 1870 2489 1922 mutuus
2516 1863 2793 1937 pignoris
2816 1880 2968 1922 usus
2997 1859 3077 1922 sit

265 1974 384 2031 pro
410 1960 660 2018 credito
679 2003 696 2035 ,
730 1960 777 2018 i.
804 1976 861 2018 e.
888 1968 962 2018 ut
982 1963 1267 2020 creditor
1299 1978 1369 2021 re
1395 1970 1619 2020 utatur
1649 1961 1906 2019 fruatur
1939 1977 2284 2019 usurarum
2317 1963 2490 2029 vice,
2523 1963 2821 2037 ἀντίχρησις
2842 1956 3079 2020 dicitur

263 2056 559 2113 contrahi
583 2056 656 2131 ⁵).
690 2060 903 2129 anue
925 2065 990 2115 et
1019 2060 1211 2117 tacite
1240 2060 1644 2117 contrahitur
1667 2104 1683 2131 ‚
1713 2074 1863 2116 cum
1889 2074 2028 2117 rem
2056 2058 2451 2116 fructuosam
2476 2058 2728 2116 debitor
2747 2102 2764 2134 ,
2799 2058 2906 2131 qui
2931 2072 3076 2129 gra-

261 2147 424 2209 tuita
456 2153 734 2225 pecunia
759 2150 966 2212 utitur
984 2199 1000 2227 ‚
1037 2155 1282 2229 pignori
1303 2157 1415 2213 dat
1427 2151 1503 2228 6).
1529 2152 1672 2213 Jam
1693 2170 1848 2213 vero
1871 2154 1930 2228 1)
1958 2170 2035 2213 ex
2059 2156 2254 2213 tacita
2274 2154 2613 2213 antichresi
2634 2154 2917 2212 creditor
2940 2168 3073 2212 non

263 2249 378 2307 nisi
413 2251 494 2308 ad
539 2251 887 2321 legitimum
930 2268 1273 2310 usurarum
1307 2254 1569 2310 modum
1601 2253 1882 2311 retinere
1923 2251 2167 2310 fructus
2219 2258 2432 2324 potest
2451 2248 2518 2326 ⁷).
2557 2250 2787 2328 Quodsi
2813 2251 2875 2324 2)
2922 2266 3072 2308 usu-

264 2362 488 2404 rarum
522 2348 825 2421 obligatio
852 2349 1125 2426 exsistit,
1157 2350 1293 2408 sola
1325 2351 1584 2423 quidem
1618 2351 1711 2406 rei
1741 2349 2089 2408 traditione
2120 2365 2252 2407 non
2286 2349 2560 2407 efficitur
2597 2348 2928 2422 ἀντίκρησις,
2960 2347 3074 2406 sed

267 2446 553 2505 rationes
584 2448 814 2505 reddat
845 2449 1126 2507 creditor
1151 2465 1415 2509 necesse
1443 2457 1570 2522 est,
1613 2456 1747 2508 tum
1784 2452 1979 2510 etiam
2015 2450 2260 2508 fructus
2287 2457 2399 2509 aut
2440 2451 2736 2509 restituat
2765 2448 3076 2519 debitori,

269 2548 385 2598 aut
413 2537 478 2599 in
504 2559 730 2603 usuras
761 2551 824 2602 et
853 2554 1191 2618 praeterea
1216 2548 1408 2605 etiam
1431 2548 1496 2604 in
1520 2554 1767 2605 sortem
1797 2553 2064 2620 accepto
2095 2543 2209 2605 sibi
2239 2547 2478 2606 reserat
2497 2543 2565 2621 ⁸).
2594 2547 2697 2604 Sin
2727 2561 2881 2604 vero
2907 2545 2969 2619 5)
2999 2562 3077 2604 ea

264 2643 409 2713 lege
440 2658 541 2700 res
579 2646 807 2715 datur,
847 2653 920 2703 ut
941 2654 1201 2705 mutuus
1230 2649 1310 2706 sit
1341 2655 1404 2706 et
1430 2649 1521 2705 rei
1545 2655 1608 2707 et
1633 2648 1945 2720 pecuniae
1976 2664 2126 2707 usus
2156 2647 2347 2724 (quae
2378 2648 2635 2721 quidem
2667 2646 2928 2719 proprie
2959 2661 3073 2704 vo-

260 2750 452 2802 catur
470 2746 890 2821 antichi-esis),
924 2750 1075 2806 nihil
1102 2750 1440 2825 prohibet,
1473 2766 1603 2824 quo
1634 2749 1843 2808 minus
1872 2745 2146 2822 legitima
2176 2765 2518 2808 usurarum
2545 2748 2868 2821 quantitas
2894 2763 3073 2805 exce·

258 2844 455 2900 datur
471 2839 526 2920 ⁹)
548 2884 564 2912 ‚
596 2839 714 2901 nisi
753 2851 866 2901 aut
902 2847 983 2903 de
1007 2853 1187 2904 certa
1226 2847 1683 2919 compensandi
1713 2847 1960 2904 ratione
1990 2846 2158 2904 inter
2185 2853 2403 2919 partes
2432 2845 2808 2903 convenerit
2839 2841 2928 2914 ¹⁰),
2960 2850 3077 2900 aut

259 2954 396 2997 rem
437 2941 720 2998 creditor
743 2942 878 3000 aliis
907 2944 1216 3000 utendam
1251 2941 1595 3000 fruendam
1641 2943 1949 3000 locaverit
1967 2939 2165 3015 ιι).’--
2183 2946 2387 3014 Atque
2422 2942 2583 3000 haec
2611 2937 2871 3014 quidem
2896 2941 2976 2997 de
3005 2941 3074 2997 li-

260 3037 398 3095 citis
428 3037 658 3110 pactis.
688 3040 1095 3110 Improbatur
1121 3046 1339 3097 autem
1361 3035 1800 3098 commissoria
1826 3040 1954 3107 lex,
1978 3054 2108 3112 qua
2129 3046 2398 3097 cavetur
2415 3078 2432 3108 ‚
2461 3047 2531 3096 ut
2558 3039 2781 3112 pignus
2807 3043 3074 3111 propter

263 3151 515 3196 moram
555 3135 864 3198 debitoris
903 3141 1042 3198 vice
1085 3140 1422 3199 solutionis
1458 3141 1646 3198 cedat
1673 3134 1979 3198 creditori
2008 3133 2098 3203 12).
2124 3144 2200 3199 At
2227 3140 2514 3213 quamvis
2543 3155 2619 3197 ea
2642 3122 3072 3211 prohibitione

321 3317 370 3375 5)
403 3319 458 3365 L.
486 3331 576 3366 un.
608 3320 662 3366 C.
682 3319 842 3368 etiam
863 3322 931 3369 ob
951 3321 1446 3382 claimqrapluzriam
1473 3332 1643 3376 pecu·
1710 3321 1792 3367 fur
1813 3319 1975 3366 Civilr.
1998 3331 2050 3365 u.
2072 3319 2209 3366 Proc.
2233 3320 2274 3366 1.
2296 3330 2344 3375 p.
2364 3318 2423 3367 51
2444 3330 2552 3378 sqq.
2578 3325 2673 3381 (nr.
2695 3316 2764 3377 5.)
2786 3343 2847 3352 -
2873 3318 3072 3366 Mamer

257 3379 402 3427 niam
419 3382 614 3443 piqmes
636 3383 809 3430 teneri
831 3396 1006 3440 posse.
1030 3385 1173 3442 (vul,
1192 3385 1366 3443 27.)-
1384 3385 1520 3440 Quod
1536 3385 1647 3443 qui-

259 3443 553 3500 demiusad
576 3445 695 3491 alios
731 3458 927 3505 quoque
956 3449 1224 3495 creditores
1256 3449 1534 3506 pertinere,
1572 3446 1635 3492 ad

264 3517 349 3552 eos
370 3515 507 3555 certe
524 3542 541 3566 ‚
562 3508 739 3564 quibus
756 3521 816 3555 ex
838 3513 1158 3557 conventione
1194 3523 1269 3558 res
1291 3511 1503 3567 obligata
1538 3509 1602 3553 sit
1623 3543 1639 3565 ‚

262 3567 511 3618 affirmant
534 3569 765 3617 Bachov.
796 3571 899 3629 (111,
920 3571 1346 3629 5.),-Ενωιεὺεη
1377 3574 1410 3618 Ι.
1435 3575 1470 3618 l.
1497 3568 1626 3625 §201

263 3643 404 3689 sqq„
428 3658 490 3667 -
512 3634 592 3681 W
596 3664 608 3677 .
627 3632 696 3679 V.
715 3635 794 3680 W
794 3633 902 3682 iese
932 3640 1087 3693 (resp.
1112 3634 1436 3690 Schmeder)
1469 3634 1530 3679 de
1564 3645 1636 3679 re-

269 3697 394 3738 tent.
418 3697 557 3753 pign.
579 3702 681 3740 tam
702 3696 765 3739 ob
784 3697 955 3743 eadem
975 3710 1124 3755 quam
1148 3700 1212 3746 ob
1247 3700 1436 3745 diversa
1468 3698 1482 3750 (
1503 3697 1634 3743 Rost.

269 3753 412 3802 1780.
444 3760 461 3815 )
507 3759 534 3813 S
570 3757 652 3802 20.
701 3755 766 3803 36
805 3772 944 3817 sqq„
976 3783 1024 3792 —
1047 3760 1320 3809 Solu-ader
1350 3760 1399 3804 in
1443 3759 1636 3816 ephem.

268 3819 403 3866 Tub.
423 3821 484 3867 11.
505 3832 555 3878 p.
577 3819 722 3877 597..
743 3821 942 3879 aliique.
960 3823 1052 3879 (Cf.
1082 3819 1370 3877 intras-3⁸24.
1394 3827 1497 3868 not.
1523 3819 1624 3879 17.)

265 3882 365 3927 Sed
384 3882 450 3929 cf.
474 3894 603 3940 quae
623 3885 686 3930 de
707 3884 870 3939 lesum
893 3891 944 3930 et
966 3887 1288 3943 posteriorum
1324 3890 1373 3929 et
1409 3885 1627 3942 singula-

261 3944 394 3990 rium
434 3946 840 4002 interpretatione
871 3959 1015 4005 supra
1050 3948 1231 4006 scripta
1267 3951 1398 4004 sunt,
1421 3947 1632 3994 maxime

260 4003 390 4062 3⁶⁴·
417 4011 518 4053 not.
545 4006 622 4053 10.
646 4008 725 4052 11.

328 4068 378 4127 6)
412 4071 460 4126 a)
495 4073 608 4127 Arg.
634 4071 687 4115 L.
711 4068 790 4118 24.
814 4070 864 4116 in
906 4072 944 4119 f.
980 4073 1035 4119 D.
1055 4072 1123 4119 de
1141 4071 1284 4132 piqn.
1304 4074 1410 4119 act.
1459 4069 1641 4132 (Caet.

262 4130 367 4177 vid.
407 4131 676 4179 Schrader
712 4134 748 4180 l.
785 4133 840 4192 Ι.)
865 4159 925 4167 -
967 4135 1016 4193 b)
1050 4137 1103 4183 L.
1145 4135 1226 4184 25.
1262 4137 1319 4180 D.
1353 4133 1420 4184 de
1442 4136 1498 4182 d.
1538 4131 1640 4187 inf.

263 4195 580 4254 (xxx1x‚2.)

946 4324 973 4377 S
1003 4322 1129 4371 521.

333 4440 377 4497 1)
412 4440 566 4496 3155.
593 4449 695 4490 not.
716 4440 765 4489 6.
786 4449 836 4489 et
865 4443 926 4490 de
949 4455 1093 4507 pacto
1114 4450 1368 4496 constituti
1394 4457 1637 4506 possesso·

256 4504 323 4551 rii
349 4506 377 4559 3
400 4505 513 4551 112.
538 4503 784 4552 not.7.—-
806 4507 918 4554 Vid.
945 4518 994 4557 et
1014 4514 1068 4557 1..
1094 4513 1175 4558 11.
1199 4514 1253 4559 C.
1277 4512 1505 4571 depan.
1528 4511 1636 4557 act.

256 4569 367 4624 (Ν,
391 4565 494 4624 24.)
514 4574 562 4612 et
585 4568 868 4625 life-sephat
897 4571 1022 4624 970.
1049 4581 1154 4621 not.
1179 4573 1260 4621 93.

327 4630 378 4683 2)
414 4633 468 4677 L.
490 4627 540 4675 3.
557 4632 583 4685 ς
607 4629 652 4677 1.
677 4632 730 4678 C.
755 4632 882 4687 dej.
901 4631 1040 4681 dom.
1064 4636 1268 4693 impar.
1293 4636 1434 4695 (vill,
1455 4632 1558 4690 54.)

323 4692 375 4749 ὅ)
411 4696 475 4752 a)
512 4698 624 4750 Δης.
647 4695 673 4747 3
697 4692 744 4739 1.
771 4695 808 4740 l.
829 4697 976 4752 quib.
999 4700 1164 4746 alien.
1187 4699 1274 4747 lic.
1307 4724 1360 4732 -—-
1381 4700 1434 4744 L.
1467 4698 1512 4745 1.
1537 4700 1563 4754 s
1596 4694 1642 4743 1.

252 4759 312 4804 C.
336 4756 409 4803 de
429 4760 479 4813 j.
503 4757 643 4803 dom.
668 4755 1005 4817 impetn—1»)
1031 4763 1087 4807 L.
1109 4759 1159 4808 4.
1182 4768 1233 4808 et
1255 4760 1308 4808 5.
1329 4763 1382 4807 D.
1407 4762 1477 4806 de
1491 4761 1635 4819 piqn.

252 4824 369 4867 act.
392 4820 482 4877 (εἰ.
507 4817 685 4867 Paulli
704 4826 826 4865 sent.
851 4834 946 4867 rec.
975 4826 1033 4879 ΙΙ,
1058 4825 1138 4870 15.
1163 4827 1188 4880 S
1210 4822 1258 4870 5.
1283 4829 1334 4869 et
1357 4824 1429 4869 ib.
1453 4822 1639 4870 Schul-

259 4883 418 4942 tinq).
441 4905 506 4915 --
531 4883 704 4930 Noodt
722 4885 784 4930 ad
806 4884 956 4930 Pand.
983 4888 1083 4941 xx,
1125 4885 1170 4932 1.
1206 4888 1232 4941 S
1265 4888 1551 4944 Postquam
1574 4876 1643 4929 de

261 4947 486 4994 actione
508 4945 642 5005 (opp.
669 4947 725 4991 ll.
765 4958 812 5003 p.
848 4944 1381 5003 5440.).—.21mme1vn
1403 4947 1635 4996 zeitschr.

1711 3383 1910 3431 civilist.
1936 3382 2181 3428 Abhandl.
2202 3394 2251 3439 p.
2273 3378 2383 3427 107.
2403 3416 2409 3422 .

1763 3444 1811 3503 ⁴)
1827 3446 1897 3553 91..
1930 3442 1980 3491 7.
2015 3446 2041 3500 ς
2074 3445 2122 3490 2.
2159 3447 2214 3490 D.
2249 3444 2317 3491 de
2357 3442 2509 3491 distr.
2560 3443 2710 3506 pion.
2762 3444 2864 3502 (ci'.
2898 3445 2924 3499 ς
2956 3439 3067 3489 270.

1703 3514 1809 3556 not.
1866 3508 1918 3564 .).

1758 3569 1808 3628 5)
1842 3571 1895 3615 L.
1943 3569 2020 3616 11.
2056 3571 2082 3626 S
2116 3569 2164 3614 1.
2202 3571 2255 3615 D.
2311 3567 2380 3616 de
2424 3568 2568 3629 pion.
2602 3594 2664 3603 —
2698 3570 2751 3615 L.
2785 3567 2866 3614 35.
2912 3568 2967 3612 D.
3001 3566 3071 3613 de

1694 3634 1841 3693 plyn.
1885 3640 1993 3680 act.
2037 3656 2102 3667 —-
2145 3632 2323 3690 cujac.
2371 3633 2478 3678 obs.
2533 3633 2614 3687 lll,
2666 3628 2747 3678 55.
2793 3656 2850 3664 -·
2897 3628 3073 3679 Noodt

1701 3698 1809 3745 obs.
1829 3693 2309 3752 ll‚D.—Sclirader
2328 3696 2521 3753 ephem.
2550 3694 2676 3741 Tub.
2708 3695 2767 3741 T.
2796 3695 2858 3741 ll.
2876 3705 2925 3751 p.
2949 3690 3068 3741 597.

1784 3760 1817 3804 f.
1847 3771 1868 3803 s
1937 3791 1949 3804 .

1706 3773 1800 3876 ¹¹¹6)
1835 3769 1957 3868 [ἢ.
1980 3821 2034 3867 D.
2060 3821 2119 3868 in
2142 3821 2291 3880 quib.
2315 3833 2367 3868 c.
2386 3832 2440 3875 p.
2457 3822 2563 3867 tac.
2586 3822 2763 3867 contr.
2791 3818 2911 3877 (XX.
2930 3818 3005 3873 2.)

1753 3882 1803 3941 7)
1840 3886 1892 3932 L.
1916 3882 1965 3930 8.
1991 3886 2045 3929 D.
2088 3884 2223 3930 laud.
2259 3890 2308 3930 et
2347 3884 2531 3930 Basilio.
2557 3882 2720 3928 Schol.
2766 3883 2843 3928 lv.
2891 3895 2939 3940 p.
2984 3876 3067 3927 52.

1695 3953 1799 3995 not.
1821 3959 1870 3993 a.
1894 3971 1953 3980 --
1979 3948 2158 4004 Cujac.
2194 3947 2300 3993 obs.
2326 3947 2451 4006 vlu,
2484 3943 2563 3991 17.
2593 3966 2653 3977 --
2678 3945 2884 3991 Dissent.
2907 3943 3071 3991 Gltick

1697 4012 1825 4067 xlv,
1847 4022 1895 4066 p.
1918 4007 1976 4055 51
1996 4032 2056 4041 --
2078 4006 2159 4056 57.

1766 4070 1815 4130 8)
1850 4073 1900 4117 L.
1922 4073 1969 4116 2.
1995 4072 2049 4117 C.
2069 4071 2316 4127 deporta
2336 4068 2481 4130 piyn.
2504 4066 2712 4115 etomm'
2727 4080 2774 4116 c.
2801 4067 2943 4125 (vlu,
2967 4065 3068 4126 25.)

1704 4159 1766 4169 -
1790 4136 1843 4181 1..
1871 4136 1918 4181 1.
1943 4135 1990 4180 2.
2014 4134 2065 4181 5.
2088 4135 2141 4179 L.
2166 4136 2255 4179 ult.
2279 4134 2332 4178 C.
2355 4130 2587 4190 aepe’qn.
2612 4131 2718 4179 act.
2741 4130 2851 4192 (lv,
2871 4127 2984 4189 24.)
3011 4156 3065 4163 -

1707 4199 1761 4243 L.
1787 4198 1833 4241 1.
1869 4198 1920 4242 C.
1947 4197 2016 4243 de
2035 4197 2188 4242 distr.
2208 4193 2510 4254 piqn.(v111‚
2532 4191 2631 4249 28.)
2657 4252 2661 4255 ¹

1767 4257 1818 4315 0)
1854 4260 1909 4304 L.
1942 4256 2019 4305 1⁴.
2042 4260 2093 4304 L.
2118 4257 2196 4305 17.
2221 4259 2274 4303 C.
2299 4255 2365 4303 de
2386 4268 2540 4301 usur.
2567 4255 2674 4309 (lv,
2695 4254 2802 4312 52.)
2830 4280 2888 4288 -—
2909 4256 3075 4312 Neque

1708 4333 1823 4367 vero
1861 4321 2185 4369 dubitandum
2203 4354 2218 4376 ,
2258 4320 2377 4376 quin
2417 4316 2724 4364 manifestam
2763 4318 3070 4375 iniquitatem

1706 4382 1858 4439 judex
1880 4385 2142 4429 emendare
2163 4387 2307 4440 atque
2328 4382 2387 4427 ad
2406 4380 2662 4438 aequitatis
2683 4380 2937 4440 bonaeque
2955 4379 3070 4426 fidei

1700 4446 1744 4503 (s
1761 4444 1842 4492 28.
1863 4448 1900 4492 l.
1921 4444 1990 4491 de
2008 4445 2133 4502 act.)
2158 4456 2223 4491 no
2232 4455 2388 4491 rmam
2410 4442 2650 4499 ejusmodi
2661 4454 2858 4490 causam
2875 4442 3070 4500 exigere

1701 4514 1868 4568 queat.
1895 4510 1969 4555 cf.
1989 4519 2133 4565 supra
2154 4510 2179 4563 s
2202 4504 2281 4554 45.

1768 4573 1846 4629 10)
1868 4573 1919 4617 L.
1943 4572 1989 4617 1.
2013 4572 2038 4625 S
2059 4568 2108 4616 ὅ.
2141 4572 2194 4616 D.
2222 4568 2290 4615 de
2307 4567 2451 4628 piqn.

1771 4632 1848 4692 11)
1876 4638 1986 4690 Arg.
2012 4634 2065 4679 L.
2094 4629 2172 4679 14.
2197 4634 2250 4679 C.
2286 4633 2354 4679 de
2378 4642 2532 4679 usur.
2557 4655 2613 4664 -
2646 4630 2867 4676 Aliorum
2887 4630 2948 4676 de
2967 4634 3073 4677 toto

1709 4697 1804 4744 hoc
1874 4708 2069 4754 argum.
2131 4695 2384 4753 opiniones
2431 4693 2532 4740 vicl.
2587 4705 2667 4752 ap.
2727 4695 2897 4742 Gleick
2948 4694 3068 4739 xlv.

1705 4774 1754 4818 p.
1780 4757 1951 4805 114-
1974 4755 2085 4805 125.
2108 4782 2167 4790 -
2199 4758 2275 4805 Cf.
2316 4756 2552 4813 Seuffere
2589 4758 2748 4804 Erort.
2791 4759 2850 4805 ll.
2889 4772 2938 4817 p.
2976 4754 3069 4807 1⁰4

1703 4822 1932 4943 sqqthlr·
1952 4822 2121 4939 ἔχέ.)(
2139 4883 2199 4928 de
2221 4885 2372 4940 pactis
2392 4883 2584 4940 pigner.
2606 4887 2656 4929 et
2677 4884 2692 4938 )
2715 4881 2908 4942 deleqe
2928 4894 3070 4929 com-

1705 4948 1952 4995 missor-ia
1997 4945 2054 4992 in
2090 4944 2351 5006 pigrum-ib.
2401 4944 2627 4994 rescind.
2665 4944 2842 5004 (vill,
2862 4943 2941 4992 55.
2968 4946 2985 5000 )
3009 4967 3068 4980 -·
