<?xml version="1.0" encoding="UTF-8"?>
<!DOCTYPE html PUBLIC "-//W3C//DTD XHTML 1.0 Transitional//EN"
    "http://www.w3.org/TR/xhtml1/DTD/xhtml1-transitional.dtd">
<html xmlns="http://www.w3.org/1999/xhtml" xml:lang="en" lang="en">
 <head>
  <title>
</title>
<meta http-equiv="Content-Type" content="text/html;charset=utf-8" />
  <meta name='ocr-system' content='tesseract 3.04.00' />
  <meta name='ocr-capabilities' content='ocr_page ocr_carea ocr_par ocr_line ocrx_word'/>
</head>
<body>
  <div class='ocr_page' id='page_1' title='image "./doctrinapandect03mhgoog/doctrinapandect03mhgoog_0572.png"; bbox 0 0 3544 5506; ppageno 0'>
   <div class='ocr_carea' id='block_1_1' title="bbox 481 282 2775 352">
    <p class='ocr_par' dir='ltr' id='par_1_1' title="bbox 481 282 2775 352">
     <span class='ocr_line' id='line_1_1' title="bbox 481 282 2775 352; baseline 0 -14"><span class='ocrx_word' id='word_1_1' title='bbox 481 282 600 340; x_wconf 73' lang='lat'><strong>2550</strong></span> <span class='ocrx_word' id='word_1_2' title='bbox 1000 297 1151 339; x_wconf 64' lang='lat' dir='ltr'><strong>rans</strong></span> <span class='ocrx_word' id='word_1_3' title='bbox 1188 297 1349 340; x_wconf 73' lang='lat' dir='ltr'><strong>srssc.</strong></span> <span class='ocrx_word' id='word_1_4' title='bbox 1386 295 1508 338; x_wconf 79' lang='lat' dir='ltr'><strong>us.</strong></span> <span class='ocrx_word' id='word_1_5' title='bbox 1547 296 1636 338; x_wconf 77' lang='grc' dir='ltr'><strong>ιν.</strong></span> <span class='ocrx_word' id='word_1_6' title='bbox 1676 296 1755 338; x_wconf 78' lang='lat' dir='ltr'><strong>nr.</strong></span> <span class='ocrx_word' id='word_1_7' title='bbox 1790 296 1946 352; x_wconf 72' lang='lat' dir='ltr'><strong>mn</strong></span> <span class='ocrx_word' id='word_1_8' title='bbox 1981 294 2312 339; x_wconf 71' lang='lat' dir='ltr'><strong>namuco</strong></span> <span class='ocrx_word' id='word_1_9' title='bbox 2349 295 2422 337; x_wconf 78' lang='grc' dir='ltr'><strong>ιτ</strong></span> <span class='ocrx_word' id='word_1_10' title='bbox 2457 295 2775 338; x_wconf 64' lang='lat' dir='ltr'><strong>muman.</strong></span> 
     </span>
    </p>
   </div>
   <div class='ocr_carea' id='block_1_2' title="bbox 480 400 3296 577">
    <p class='ocr_par' dir='ltr' id='par_1_2' title="bbox 480 400 3296 577">
     <span class='ocr_line' id='line_1_2' title="bbox 483 400 3293 484; baseline 0.002 -22"><span class='ocrx_word' id='word_1_11' title='bbox 483 406 739 464; x_wconf 88' lang='lat' dir='ltr'><strong>neudae</strong></span> <span class='ocrx_word' id='word_1_12' title='bbox 766 404 873 479; x_wconf 75' lang='lat' dir='ltr'><strong>Jus</strong></span> <span class='ocrx_word' id='word_1_13' title='bbox 896 404 1176 462; x_wconf 87' lang='lat' dir='ltr'><strong>habeant</strong></span> <span class='ocrx_word' id='word_1_14' title='bbox 1214 400 1302 478; x_wconf 84' lang='lat'><strong>⁴),</strong></span> <span class='ocrx_word' id='word_1_15' title='bbox 1347 412 1564 464; x_wconf 86' lang='lat' dir='ltr'><strong>tamen</strong></span> <span class='ocrx_word' id='word_1_16' title='bbox 1600 411 1666 463; x_wconf 90' lang='lat' dir='ltr'><strong>et</strong></span> <span class='ocrx_word' id='word_1_17' title='bbox 1705 405 2090 464; x_wconf 85' lang='lat' dir='ltr'><strong>solutionem</strong></span> <span class='ocrx_word' id='word_1_18' title='bbox 2127 412 2306 464; x_wconf 83' lang='lat' dir='ltr'><strong>recte</strong></span> <span class='ocrx_word' id='word_1_19' title='bbox 2344 406 2727 479; x_wconf 85' lang='lat' dir='ltr'><strong>pierumque</strong></span> <span class='ocrx_word' id='word_1_20' title='bbox 2763 402 3094 481; x_wconf 81' lang='lat' dir='ltr'><strong>accipiunt</strong></span> <span class='ocrx_word' id='word_1_21' title='bbox 3117 404 3193 484; x_wconf 58' lang='grc' dir='ltr'><strong>ὅ),</strong></span> <span class='ocrx_word' id='word_1_22' title='bbox 3223 416 3293 468; x_wconf 82' lang='lat' dir='ltr'><strong>et</strong></span> 
     </span>
     <span class='ocr_line' id='line_1_3' title="bbox 480 499 3296 577; baseline 0.001 -17"><span class='ocrx_word' id='word_1_23' title='bbox 480 502 928 560; x_wconf 69' lang='lat' dir='ltr'><strong>observatores</strong></span> <span class='ocrx_word' id='word_1_24' title='bbox 971 516 1047 558; x_wconf 90' lang='lat' dir='ltr'><strong>ac</strong></span> <span class='ocrx_word' id='word_1_25' title='bbox 1090 500 1259 558; x_wconf 88' lang='lat' dir='ltr'><strong>velut</strong></span> <span class='ocrx_word' id='word_1_26' title='bbox 1299 502 1597 559; x_wconf 75' lang='lat' dir='ltr'><strong>custodes</strong></span> <span class='ocrx_word' id='word_1_27' title='bbox 1637 515 1776 558; x_wconf 84' lang='lat' dir='ltr'><strong>esse</strong></span> <span class='ocrx_word' id='word_1_28' title='bbox 1818 501 2053 559; x_wconf 88' lang='lat' dir='ltr'><strong>debent</strong></span> <span class='ocrx_word' id='word_1_29' title='bbox 2099 502 2463 573; x_wconf 84' lang='lat' dir='ltr'><strong>gerentium</strong></span> <span class='ocrx_word' id='word_1_30' title='bbox 2505 507 2795 561; x_wconf 88' lang='lat' dir='ltr'><strong>tutorum</strong></span> <span class='ocrx_word' id='word_1_31' title='bbox 2835 500 2918 574; x_wconf 65' lang='grc' dir='ltr'><strong>θ).</strong></span> <span class='ocrx_word' id='word_1_32' title='bbox 2954 504 3047 562; x_wconf 77' lang='lat' dir='ltr'><strong>Ab</strong></span> <span class='ocrx_word' id='word_1_33' title='bbox 3087 499 3296 577; x_wconf 77' lang='lat' dir='ltr'><strong>iisque</strong></span> 
     </span>
    </p>
   </div>
   <div class='ocr_carea' id='block_1_3' title="bbox 450 596 3294 868">
    <p class='ocr_par' dir='ltr' id='par_1_3' title="bbox 450 596 3294 868">
     <span class='ocr_line' id='line_1_4' title="bbox 479 596 3293 678; baseline 0.002 -19"><span class='ocrx_word' id='word_1_34' title='bbox 479 603 676 660; x_wconf 85' lang='lat' dir='ltr'><strong>etiam</strong></span> <span class='ocrx_word' id='word_1_35' title='bbox 697 596 999 660; x_wconf 88' lang='lat' dir='ltr'><strong>differunt</strong></span> <span class='ocrx_word' id='word_1_36' title='bbox 1024 601 1288 661; x_wconf 90' lang='lat' dir='ltr'><strong>notitiae</strong></span> <span class='ocrx_word' id='word_1_37' title='bbox 1310 618 1502 660; x_wconf 88' lang='lat' dir='ltr'><strong>causa</strong></span> <span class='ocrx_word' id='word_1_38' title='bbox 1524 603 1652 660; x_wconf 91' lang='lat' dir='ltr'><strong>dati</strong></span> <span class='ocrx_word' id='word_1_39' title='bbox 1683 609 1929 660; x_wconf 88' lang='lat' dir='ltr'><strong>tutores</strong></span> <span class='ocrx_word' id='word_1_40' title='bbox 1950 645 1968 678; x_wconf 85' lang='lat'>‚</span> <span class='ocrx_word' id='word_1_41' title='bbox 1995 602 2103 676; x_wconf 87' lang='lat' dir='ltr'><strong>qui</strong></span> <span class='ocrx_word' id='word_1_42' title='bbox 2122 604 2379 676; x_wconf 87' lang='lat' dir='ltr'><strong>quidem</strong></span> <span class='ocrx_word' id='word_1_43' title='bbox 2396 605 2587 663; x_wconf 83' lang='lat' dir='ltr'><strong>certis</strong></span> <span class='ocrx_word' id='word_1_44' title='bbox 2609 604 2675 662; x_wconf 91' lang='lat' dir='ltr'><strong>in</strong></span> <span class='ocrx_word' id='word_1_45' title='bbox 2699 601 2909 663; x_wconf 80' lang='lat' dir='ltr'><strong>causis</strong></span> <span class='ocrx_word' id='word_1_46' title='bbox 2927 608 3293 677; x_wconf 79' lang='lat' dir='ltr'><strong>gerentium</strong></span> 
     </span>
     <span class='ocr_line' id='line_1_5' title="bbox 482 695 3294 773; baseline 0.002 -17"><span class='ocrx_word' id='word_1_47' title='bbox 482 713 757 756; x_wconf 88' lang='lat' dir='ltr'><strong>numero</strong></span> <span class='ocrx_word' id='word_1_48' title='bbox 792 698 1111 756; x_wconf 86' lang='lat' dir='ltr'><strong>habentur</strong></span> <span class='ocrx_word' id='word_1_49' title='bbox 1137 697 1194 773; x_wconf 85' lang='lat'><strong>(§</strong></span> <span class='ocrx_word' id='word_1_50' title='bbox 1218 713 1354 771; x_wconf 84' lang='lat' dir='ltr'><strong>seq.</strong></span> <span class='ocrx_word' id='word_1_51' title='bbox 1385 704 1520 757; x_wconf 89' lang='lat' dir='ltr'><strong>not.</strong></span> <span class='ocrx_word' id='word_1_52' title='bbox 1556 696 1657 757; x_wconf 76' lang='grc'><strong>10.</strong></span> <span class='ocrx_word' id='word_1_53' title='bbox 1677 703 1719 767; x_wconf 86' lang='grc'><strong>),</strong></span> <span class='ocrx_word' id='word_1_54' title='bbox 1752 700 2172 772; x_wconf 80' lang='lat' dir='ltr'><strong>caeteroquin</strong></span> <span class='ocrx_word' id='word_1_55' title='bbox 2199 695 2389 759; x_wconf 85' lang='lat' dir='ltr'><strong>officii</strong></span> <span class='ocrx_word' id='word_1_56' title='bbox 2419 700 2669 760; x_wconf 86' lang='lat' dir='ltr'><strong>ratione</strong></span> <span class='ocrx_word' id='word_1_57' title='bbox 2702 699 3059 773; x_wconf 84' lang='lat' dir='ltr'><strong>persimiles</strong></span> <span class='ocrx_word' id='word_1_58' title='bbox 3087 702 3294 761; x_wconf 82' lang='lat' dir='ltr'><strong>hono·</strong></span> 
     </span>
     <span class='ocr_line' id='line_1_6' title="bbox 450 793 773 868; baseline 0.003 -14"><span class='ocrx_word' id='word_1_59' title='bbox 450 843 453 845; x_wconf 90' lang='lat'><strong>.</strong></span> <span class='ocrx_word' id='word_1_60' title='bbox 485 797 671 856; x_wconf 82' lang='lat' dir='ltr'><strong>rariis</strong></span> <span class='ocrx_word' id='word_1_61' title='bbox 700 793 773 868; x_wconf 81' lang='lat'><strong>⁷).</strong></span> 
     </span>
    </p>
   </div>
   <div class='ocr_carea' id='block_1_4' title="bbox 725 963 3044 1071">
    <p class='ocr_par' dir='ltr' id='par_1_4' title="bbox 725 963 3044 1071">
     <span class='ocr_line' id='line_1_7' title="bbox 725 963 3044 1071; baseline 0.002 -24"><span class='ocrx_word' id='word_1_62' title='bbox 725 991 753 1064; x_wconf 67' lang='grc' dir='ltr'>ς</span> <span class='ocrx_word' id='word_1_63' title='bbox 784 963 924 1050; x_wconf 73' lang='grc'><strong>899.</strong></span> <span class='ocrx_word' id='word_1_64' title='bbox 953 995 1057 1051; x_wconf 84' lang='grc' dir='ltr'><strong>ΙΙΙ.</strong></span> <span class='ocrx_word' id='word_1_65' title='bbox 1090 991 1257 1050; x_wconf 73' lang='lat' dir='ltr'><strong>Iuris</strong></span> <span class='ocrx_word' id='word_1_66' title='bbox 1280 992 1438 1050; x_wconf 79' lang='lat' dir='ltr'><strong>ratio</strong></span> <span class='ocrx_word' id='word_1_67' title='bbox 1467 1009 1757 1071; x_wconf 72' lang='lat' dir='ltr'><strong>nexusque</strong></span> <span class='ocrx_word' id='word_1_68' title='bbox 1778 993 1935 1053; x_wconf 74' lang='lat' dir='ltr'><strong>inter</strong></span> <span class='ocrx_word' id='word_1_69' title='bbox 1950 991 2143 1071; x_wconf 68' lang='lat' dir='ltr'><strong>plures</strong></span> <span class='ocrx_word' id='word_1_70' title='bbox 2162 991 2511 1052; x_wconf 66' lang='lat' dir='ltr'><strong>intercedens</strong></span> <span class='ocrx_word' id='word_1_71' title='bbox 2529 1000 2742 1052; x_wconf 71' lang='lat' dir='ltr'><strong>tutores</strong></span> <span class='ocrx_word' id='word_1_72' title='bbox 2769 999 3044 1069; x_wconf 64' lang='lat' dir='ltr'><strong>yet-entes.</strong></span> 
     </span>
    </p>
   </div>
   <div class='ocr_carea' id='block_1_5' title="bbox 480 1164 3292 1440">
    <p class='ocr_par' dir='ltr' id='par_1_5' title="bbox 480 1164 3292 1440">
     <span class='ocr_line' id='line_1_8' title="bbox 568 1164 3290 1244; baseline -0.001 -17"><span class='ocrx_word' id='word_1_73' title='bbox 568 1164 993 1230; x_wconf 75' lang='lat' dir='ltr'>Cornutorum</span> <span class='ocrx_word' id='word_1_74' title='bbox 1015 1173 1114 1231; x_wconf 88' lang='lat' dir='ltr'><strong>vel</strong></span> <span class='ocrx_word' id='word_1_75' title='bbox 1150 1167 1416 1230; x_wconf 84' lang='lat' dir='ltr'><strong>indivisa</strong></span> <span class='ocrx_word' id='word_1_76' title='bbox 1435 1179 1583 1230; x_wconf 86' lang='lat' dir='ltr'><strong>sunt</strong></span> <span class='ocrx_word' id='word_1_77' title='bbox 1614 1172 1822 1231; x_wconf 88' lang='lat' dir='ltr'><strong>officia</strong></span> <span class='ocrx_word' id='word_1_78' title='bbox 1842 1174 1941 1230; x_wconf 85' lang='lat' dir='ltr'><strong>vel</strong></span> <span class='ocrx_word' id='word_1_79' title='bbox 1976 1171 2194 1230; x_wconf 87' lang='lat' dir='ltr'><strong>divisa.</strong></span> <span class='ocrx_word' id='word_1_80' title='bbox 2226 1167 2276 1244; x_wconf 90' lang='lat'><strong>1)</strong></span> <span class='ocrx_word' id='word_1_81' title='bbox 2298 1167 2362 1229; x_wconf 89' lang='lat' dir='ltr'><strong>Si</strong></span> <span class='ocrx_word' id='word_1_82' title='bbox 2390 1170 2681 1229; x_wconf 73' lang='lat' dir='ltr'><strong>divisium</strong></span> <span class='ocrx_word' id='word_1_83' title='bbox 2709 1184 2839 1228; x_wconf 92' lang='lat' dir='ltr'><strong>non</strong></span> <span class='ocrx_word' id='word_1_84' title='bbox 2864 1175 2964 1228; x_wconf 87' lang='lat' dir='ltr'><strong>est</strong></span> <span class='ocrx_word' id='word_1_85' title='bbox 2984 1167 3290 1241; x_wconf 85' lang='lat' dir='ltr'><strong>officium,</strong></span> 
     </span>
     <span class='ocr_line' id='line_1_9' title="bbox 480 1259 3290 1342; baseline -0.001 -20"><span class='ocrx_word' id='word_1_86' title='bbox 480 1263 635 1323; x_wconf 92' lang='lat' dir='ltr'><strong>licet</strong></span> <span class='ocrx_word' id='word_1_87' title='bbox 657 1267 859 1338; x_wconf 84' lang='lat' dir='ltr'><strong>quivis</strong></span> <span class='ocrx_word' id='word_1_88' title='bbox 882 1269 1071 1326; x_wconf 89' lang='lat' dir='ltr'><strong>etiam</strong></span> <span class='ocrx_word' id='word_1_89' title='bbox 1099 1269 1273 1327; x_wconf 88' lang='lat' dir='ltr'><strong>solus</strong></span> <span class='ocrx_word' id='word_1_90' title='bbox 1300 1274 1478 1326; x_wconf 87' lang='lat' dir='ltr'><strong>recte</strong></span> <span class='ocrx_word' id='word_1_91' title='bbox 1509 1275 1657 1340; x_wconf 87' lang='lat' dir='ltr'><strong>agat</strong></span> <span class='ocrx_word' id='word_1_92' title='bbox 1680 1265 1746 1342; x_wconf 72' lang='lat'><strong>¹),</strong></span> <span class='ocrx_word' id='word_1_93' title='bbox 1779 1276 1996 1327; x_wconf 87' lang='lat' dir='ltr'><strong>tamen</strong></span> <span class='ocrx_word' id='word_1_94' title='bbox 2029 1268 2384 1340; x_wconf 80' lang='lat' dir='ltr'><strong>periculum</strong></span> <span class='ocrx_word' id='word_1_95' title='bbox 2413 1281 2757 1326; x_wconf 89' lang='lat' dir='ltr'><strong>commune</strong></span> <span class='ocrx_word' id='word_1_96' title='bbox 2787 1271 2885 1326; x_wconf 89' lang='lat' dir='ltr'><strong>est</strong></span> <span class='ocrx_word' id='word_1_97' title='bbox 2907 1265 3196 1324; x_wconf 87' lang='lat' dir='ltr'><strong>omnium</strong></span> <span class='ocrx_word' id='word_1_98' title='bbox 3218 1259 3290 1336; x_wconf 84' lang='lat'><strong>²).</strong></span> 
     </span>
     <span class='ocr_line' id='line_1_10' title="bbox 483 1360 3292 1440; baseline -0 -19"><span class='ocrx_word' id='word_1_99' title='bbox 483 1365 625 1422; x_wconf 87' lang='lat' dir='ltr'><strong>Jam</strong></span> <span class='ocrx_word' id='word_1_100' title='bbox 656 1381 811 1426; x_wconf 89' lang='lat' dir='ltr'><strong>vero</strong></span> <span class='ocrx_word' id='word_1_101' title='bbox 845 1383 920 1425; x_wconf 86' lang='lat' dir='ltr'><strong>ex</strong></span> <span class='ocrx_word' id='word_1_102' title='bbox 945 1383 1061 1434; x_wconf 90' lang='lat' dir='ltr'><strong>eo,</strong></span> <span class='ocrx_word' id='word_1_103' title='bbox 1107 1368 1289 1440; x_wconf 82' lang='lat' dir='ltr'><strong>quod</strong></span> <span class='ocrx_word' id='word_1_104' title='bbox 1330 1368 1754 1426; x_wconf 90' lang='lat' dir='ltr'><strong>communiter</strong></span> <span class='ocrx_word' id='word_1_105' title='bbox 1793 1370 1896 1426; x_wconf 88' lang='lat' dir='ltr'><strong>vel</strong></span> <span class='ocrx_word' id='word_1_106' title='bbox 1927 1375 2174 1440; x_wconf 80' lang='lat' dir='ltr'><strong>gestum</strong></span> <span class='ocrx_word' id='word_1_107' title='bbox 2218 1369 2320 1426; x_wconf 87' lang='lat' dir='ltr'><strong>vel</strong></span> <span class='ocrx_word' id='word_1_108' title='bbox 2363 1368 2728 1439; x_wconf 74' lang='lat' dir='ltr'><strong>neglectum</strong></span> <span class='ocrx_word' id='word_1_109' title='bbox 2765 1372 2895 1426; x_wconf 91' lang='lat' dir='ltr'><strong>est.</strong></span> <span class='ocrx_word' id='word_1_110' title='bbox 2926 1367 2993 1423; x_wconf 88' lang='lat' dir='ltr'><strong>in</strong></span> <span class='ocrx_word' id='word_1_111' title='bbox 3024 1360 3292 1423; x_wconf 84' lang='lat' dir='ltr'><strong>solidum</strong></span> 
     </span>
    </p>
   </div>
   <div class='ocr_carea' id='block_1_6' title="bbox 484 1462 3293 1734">
    <p class='ocr_par' dir='ltr' id='par_1_6' title="bbox 484 1462 3293 1734">
     <span class='ocr_line' id='line_1_11' title="bbox 484 1462 3293 1540; baseline -0 -19"><span class='ocrx_word' id='word_1_112' title='bbox 484 1462 816 1525; x_wconf 82' lang='lat' dir='ltr'><strong>conveniri</strong></span> <span class='ocrx_word' id='word_1_113' title='bbox 859 1474 1124 1539; x_wconf 78' lang='lat' dir='ltr'>possunt</span> <span class='ocrx_word' id='word_1_114' title='bbox 1165 1473 1573 1539; x_wconf 85' lang='lat' dir='ltr'><strong>contutores,</strong></span> <span class='ocrx_word' id='word_1_115' title='bbox 1609 1475 2063 1540; x_wconf 75' lang='lat' dir='ltr'><strong>praeterquam</strong></span> <span class='ocrx_word' id='word_1_116' title='bbox 2107 1467 2282 1539; x_wconf 86' lang='lat' dir='ltr'><strong>quod</strong></span> <span class='ocrx_word' id='word_1_117' title='bbox 2304 1512 2319 1538; x_wconf 89' lang='lat'>‚</span> <span class='ocrx_word' id='word_1_118' title='bbox 2376 1466 2527 1539; x_wconf 87' lang='lat' dir='ltr'><strong>quid</strong></span> <span class='ocrx_word' id='word_1_119' title='bbox 2570 1465 3079 1532; x_wconf 83' lang='lat' dir='ltr'><strong>conveniuntur,</strong></span> <span class='ocrx_word' id='word_1_120' title='bbox 3122 1468 3293 1520; x_wconf 84' lang='lat' dir='ltr'><strong>recte</strong></span> 
     </span>
     <span class='ocr_line' id='line_1_12' title="bbox 489 1561 3291 1637; baseline -0.001 -19"><span class='ocrx_word' id='word_1_121' title='bbox 489 1567 751 1631; x_wconf 90' lang='lat' dir='ltr'><strong>petunt,</strong></span> <span class='ocrx_word' id='word_1_122' title='bbox 785 1570 859 1620; x_wconf 92' lang='lat' dir='ltr'><strong>ut</strong></span> <span class='ocrx_word' id='word_1_123' title='bbox 888 1565 1057 1623; x_wconf 89' lang='lat' dir='ltr'><strong>actio</strong></span> <span class='ocrx_word' id='word_1_124' title='bbox 1090 1571 1201 1623; x_wconf 89' lang='lat' dir='ltr'><strong>aut</strong></span> <span class='ocrx_word' id='word_1_125' title='bbox 1225 1565 1547 1624; x_wconf 80' lang='lat' dir='ltr'><strong>dividatur</strong></span> <span class='ocrx_word' id='word_1_126' title='bbox 1575 1571 1689 1622; x_wconf 92' lang='lat' dir='ltr'><strong>aut</strong></span> <span class='ocrx_word' id='word_1_127' title='bbox 1719 1580 1839 1637; x_wconf 88' lang='lat' dir='ltr'><strong>pro</strong></span> <span class='ocrx_word' id='word_1_128' title='bbox 1869 1571 2009 1622; x_wconf 88' lang='lat' dir='ltr'><strong>rata</strong></span> <span class='ocrx_word' id='word_1_129' title='bbox 2040 1564 2312 1622; x_wconf 84' lang='lat' dir='ltr'><strong>aliorum</strong></span> <span class='ocrx_word' id='word_1_130' title='bbox 2345 1569 2529 1635; x_wconf 87' lang='lat' dir='ltr'><strong>parte</strong></span> <span class='ocrx_word' id='word_1_131' title='bbox 2561 1561 2675 1620; x_wconf 87' lang='lat' dir='ltr'><strong>sibi</strong></span> <span class='ocrx_word' id='word_1_132' title='bbox 2705 1562 3002 1622; x_wconf 83' lang='lat' dir='ltr'><strong>cedatur.</strong></span> <span class='ocrx_word' id='word_1_133' title='bbox 3045 1564 3124 1618; x_wconf 83' lang='lat' dir='ltr'><strong>At</strong></span> <span class='ocrx_word' id='word_1_134' title='bbox 3149 1573 3291 1617; x_wconf 86' lang='lat' dir='ltr'><strong>cum</strong></span> 
     </span>
     <span class='ocr_line' id='line_1_13' title="bbox 487 1650 3290 1734; baseline 0.002 -20"><span class='ocrx_word' id='word_1_135' title='bbox 487 1659 659 1715; x_wconf 87' lang='lat' dir='ltr'><strong>solus</strong></span> <span class='ocrx_word' id='word_1_136' title='bbox 692 1659 857 1717; x_wconf 88' lang='lat' dir='ltr'><strong>alter</strong></span> <span class='ocrx_word' id='word_1_137' title='bbox 888 1660 1112 1734; x_wconf 84' lang='lat' dir='ltr'><strong>gessit,</strong></span> <span class='ocrx_word' id='word_1_138' title='bbox 1151 1668 1487 1733; x_wconf 85' lang='lat' dir='ltr'><strong>praeterea</strong></span> <span class='ocrx_word' id='word_1_139' title='bbox 1517 1663 1681 1719; x_wconf 88' lang='lat' dir='ltr'><strong>alter</strong></span> <span class='ocrx_word' id='word_1_140' title='bbox 1711 1667 1777 1718; x_wconf 88' lang='lat' dir='ltr'><strong>et</strong></span> <span class='ocrx_word' id='word_1_141' title='bbox 1807 1661 2189 1719; x_wconf 80' lang='lat' dir='ltr'><strong>beneficium</strong></span> <span class='ocrx_word' id='word_1_142' title='bbox 2221 1655 2451 1727; x_wconf 87' lang='lat' dir='ltr'><strong>habet,</strong></span> <span class='ocrx_word' id='word_1_143' title='bbox 2491 1660 2664 1732; x_wconf 87' lang='lat' dir='ltr'><strong>quod</strong></span> <span class='ocrx_word' id='word_1_144' title='bbox 2698 1654 2920 1714; x_wconf 79' lang='lat' dir='ltr'><strong>ordinis</strong></span> <span class='ocrx_word' id='word_1_145' title='bbox 2959 1662 3210 1714; x_wconf 90' lang='lat' dir='ltr'><strong>vocant</strong></span> <span class='ocrx_word' id='word_1_146' title='bbox 3228 1650 3290 1722; x_wconf 72' lang='lat'><strong>³),</strong></span> 
     </span>
    </p>
   </div>
   <div class='ocr_carea' id='block_1_7' title="bbox 424 1759 3294 2028">
    <p class='ocr_par' dir='ltr' id='par_1_7' title="bbox 424 1759 3294 2028">
     <span class='ocr_line' id='line_1_14' title="bbox 424 1759 3294 1836; baseline -0.002 -16"><span class='ocrx_word' id='word_1_147' title='bbox 424 1817 427 1820; x_wconf 87' lang='lat'><strong>.</strong></span> <span class='ocrx_word' id='word_1_148' title='bbox 487 1765 556 1816; x_wconf 89' lang='lat' dir='ltr'><strong>et</strong></span> <span class='ocrx_word' id='word_1_149' title='bbox 569 1766 713 1831; x_wconf 87' lang='lat' dir='ltr'><strong>post</strong></span> <span class='ocrx_word' id='word_1_150' title='bbox 733 1762 1139 1836; x_wconf 84' lang='lat' dir='ltr'><strong>fidejussores</strong></span> <span class='ocrx_word' id='word_1_151' title='bbox 1160 1764 1415 1823; x_wconf 88' lang='lat' dir='ltr'><strong>demum</strong></span> <span class='ocrx_word' id='word_1_152' title='bbox 1440 1764 1925 1836; x_wconf 84' lang='lat' dir='ltr'><strong>magistratusve</strong></span> <span class='ocrx_word' id='word_1_153' title='bbox 1939 1763 2412 1823; x_wconf 85' lang='lat' dir='ltr'><strong>conveniendus</strong></span> <span class='ocrx_word' id='word_1_154' title='bbox 2425 1769 2542 1832; x_wconf 87' lang='lat' dir='ltr'><strong>est,</strong></span> <span class='ocrx_word' id='word_1_155' title='bbox 2564 1762 2804 1821; x_wconf 88' lang='lat' dir='ltr'><strong>scilicet</strong></span> <span class='ocrx_word' id='word_1_156' title='bbox 2823 1761 2875 1818; x_wconf 90' lang='lat' dir='ltr'><strong>si</strong></span> <span class='ocrx_word' id='word_1_157' title='bbox 2915 1774 3054 1817; x_wconf 86' lang='lat' dir='ltr'><strong>non</strong></span> <span class='ocrx_word' id='word_1_158' title='bbox 3074 1760 3163 1818; x_wconf 86' lang='lat' dir='ltr'><strong>ob</strong></span> <span class='ocrx_word' id='word_1_159' title='bbox 3180 1759 3294 1816; x_wconf 85' lang='lat' dir='ltr'><strong>hoc</strong></span> 
     </span>
     <span class='ocr_line' id='line_1_15' title="bbox 488 1851 3286 1934; baseline -0 -22"><span class='ocrx_word' id='word_1_160' title='bbox 488 1851 911 1915; x_wconf 85' lang='lat' dir='ltr'><strong>conveniatur</strong></span> <span class='ocrx_word' id='word_1_161' title='bbox 929 1901 946 1932; x_wconf 84' lang='lat'>‚</span> <span class='ocrx_word' id='word_1_162' title='bbox 970 1861 1141 1931; x_wconf 84' lang='lat' dir='ltr'><strong>quod</strong></span> <span class='ocrx_word' id='word_1_163' title='bbox 1169 1861 1271 1917; x_wconf 84' lang='lat' dir='ltr'><strong>vel</strong></span> <span class='ocrx_word' id='word_1_164' title='bbox 1298 1867 1660 1933; x_wconf 88' lang='lat' dir='ltr'><strong>suspectum</strong></span> <span class='ocrx_word' id='word_1_165' title='bbox 1691 1860 1937 1934; x_wconf 78' lang='lat' dir='ltr'><strong>facere,</strong></span> <span class='ocrx_word' id='word_1_166' title='bbox 1969 1861 2068 1917; x_wconf 86' lang='lat' dir='ltr'><strong>vel</strong></span> <span class='ocrx_word' id='word_1_167' title='bbox 2098 1860 2462 1918; x_wconf 88' lang='lat' dir='ltr'><strong>cautionem</strong></span> <span class='ocrx_word' id='word_1_168' title='bbox 2491 1854 2743 1931; x_wconf 85' lang='lat' dir='ltr'><strong>exigere</strong></span> <span class='ocrx_word' id='word_1_169' title='bbox 2771 1856 3214 1930; x_wconf 85' lang='lat' dir='ltr'><strong>supersederit</strong></span> <span class='ocrx_word' id='word_1_170' title='bbox 3227 1852 3286 1928; x_wconf 71' lang='lat'><strong>⁴).</strong></span> 
     </span>
     <span class='ocr_line' id='line_1_16' title="bbox 490 1944 3290 2028; baseline 0.002 -21"><span class='ocrx_word' id='word_1_171' title='bbox 490 1944 548 2006; x_wconf 86' lang='lat' dir='ltr'>N</span> <span class='ocrx_word' id='word_1_172' title='bbox 553 1966 626 2010; x_wconf 88' lang='lat' dir='ltr'><strong>ec</strong></span> <span class='ocrx_word' id='word_1_173' title='bbox 641 1953 1035 2013; x_wconf 81' lang='lat' dir='ltr'><strong>omninoiHis</strong></span> <span class='ocrx_word' id='word_1_174' title='bbox 1063 1950 1155 2012; x_wconf 91' lang='lat' dir='ltr'><strong>uti</strong></span> <span class='ocrx_word' id='word_1_175' title='bbox 1168 1963 1426 2027; x_wconf 83' lang='lat' dir='ltr'><strong>possunt</strong></span> <span class='ocrx_word' id='word_1_176' title='bbox 1448 1956 1919 2028; x_wconf 81' lang='lat' dir='ltr'><strong>exceptionibus</strong></span> <span class='ocrx_word' id='word_1_177' title='bbox 1949 1961 2344 2022; x_wconf 74' lang='lat' dir='ltr'><strong>contineres,</strong></span> <span class='ocrx_word' id='word_1_178' title='bbox 2364 1954 2469 2027; x_wconf 92' lang='lat' dir='ltr'><strong>qui</strong></span> <span class='ocrx_word' id='word_1_179' title='bbox 2484 1955 2704 2012; x_wconf 91' lang='lat' dir='ltr'><strong>dolum</strong></span> <span class='ocrx_word' id='word_1_180' title='bbox 2721 1952 2837 2026; x_wconf 88' lang='lat' dir='ltr'><strong>ipsi</strong></span> <span class='ocrx_word' id='word_1_181' title='bbox 2862 1950 3290 2012; x_wconf 73' lang='lat' dir='ltr'><strong>admiserunt.</strong></span> 
     </span>
    </p>
   </div>
   <div class='ocr_carea' id='block_1_8' title="bbox 488 2047 3294 2321">
    <p class='ocr_par' dir='ltr' id='par_1_8' title="bbox 488 2047 3294 2321">
     <span class='ocr_line' id='line_1_17' title="bbox 491 2047 3292 2134; baseline -0.001 -25"><span class='ocrx_word' id='word_1_182' title='bbox 491 2066 624 2121; x_wconf 88' lang='lat' dir='ltr'><strong>quo</strong></span> <span class='ocrx_word' id='word_1_183' title='bbox 644 2054 926 2113; x_wconf 88' lang='lat' dir='ltr'><strong>nocitum</strong></span> <span class='ocrx_word' id='word_1_184' title='bbox 949 2062 1044 2114; x_wconf 89' lang='lat' dir='ltr'><strong>est</strong></span> <span class='ocrx_word' id='word_1_185' title='bbox 1072 2055 1312 2129; x_wconf 82' lang='lat' dir='ltr'><strong>pupilio</strong></span> <span class='ocrx_word' id='word_1_186' title='bbox 1335 2052 1408 2129; x_wconf 82' lang='lat'><strong>⁵).</strong></span> <span class='ocrx_word' id='word_1_187' title='bbox 1448 2057 1681 2134; x_wconf 81' lang='lat' dir='ltr'><strong>Quodsi</strong></span> <span class='ocrx_word' id='word_1_188' title='bbox 1723 2056 1799 2130; x_wconf 89' lang='lat'><strong>11)</strong></span> <span class='ocrx_word' id='word_1_189' title='bbox 1828 2056 2028 2114; x_wconf 85' lang='lat' dir='ltr'><strong>divisa</strong></span> <span class='ocrx_word' id='word_1_190' title='bbox 2062 2061 2214 2114; x_wconf 85' lang='lat' dir='ltr'><strong>sunt</strong></span> <span class='ocrx_word' id='word_1_191' title='bbox 2249 2054 2457 2114; x_wconf 83' lang='lat' dir='ltr'><strong>officia</strong></span> <span class='ocrx_word' id='word_1_192' title='bbox 2479 2060 2763 2114; x_wconf 88' lang='lat' dir='ltr'><strong>tutorum</strong></span> <span class='ocrx_word' id='word_1_193' title='bbox 2783 2093 2799 2123; x_wconf 96' lang='lat'>‚</span> <span class='ocrx_word' id='word_1_194' title='bbox 2835 2047 2901 2109; x_wconf 90' lang='lat' dir='ltr'><strong>in</strong></span> <span class='ocrx_word' id='word_1_195' title='bbox 2926 2067 3006 2110; x_wconf 89' lang='lat' dir='ltr'><strong>ea</strong></span> <span class='ocrx_word' id='word_1_196' title='bbox 3045 2051 3292 2123; x_wconf 86' lang='lat' dir='ltr'><strong>quidem</strong></span> 
     </span>
     <span class='ocr_line' id='line_1_18' title="bbox 488 2140 3291 2225; baseline -0 -22"><span class='ocrx_word' id='word_1_197' title='bbox 488 2160 564 2204; x_wconf 87' lang='lat' dir='ltr'><strong>re</strong></span> <span class='ocrx_word' id='word_1_198' title='bbox 582 2190 599 2217; x_wconf 88' lang='lat'>‚</span> <span class='ocrx_word' id='word_1_199' title='bbox 629 2164 797 2220; x_wconf 88' lang='lat' dir='ltr'><strong>quae</strong></span> <span class='ocrx_word' id='word_1_200' title='bbox 821 2151 902 2206; x_wconf 91' lang='lat' dir='ltr'><strong>ad</strong></span> <span class='ocrx_word' id='word_1_201' title='bbox 933 2152 1207 2209; x_wconf 89' lang='lat' dir='ltr'><strong>alterum</strong></span> <span class='ocrx_word' id='word_1_202' title='bbox 1236 2152 1512 2224; x_wconf 86' lang='lat' dir='ltr'><strong>pertinet</strong></span> <span class='ocrx_word' id='word_1_203' title='bbox 1533 2195 1549 2222; x_wconf 94' lang='lat'>‚</span> <span class='ocrx_word' id='word_1_204' title='bbox 1582 2152 1733 2210; x_wconf 88' lang='lat' dir='ltr'><strong>nihil</strong></span> <span class='ocrx_word' id='word_1_205' title='bbox 1760 2153 2100 2225; x_wconf 86' lang='lat' dir='ltr'><strong>quicquam</strong></span> <span class='ocrx_word' id='word_1_206' title='bbox 2130 2157 2308 2210; x_wconf 88' lang='lat' dir='ltr'><strong>recte</strong></span> <span class='ocrx_word' id='word_1_207' title='bbox 2331 2151 2460 2221; x_wconf 82' lang='lat' dir='ltr'><strong>agit</strong></span> <span class='ocrx_word' id='word_1_208' title='bbox 2488 2151 2648 2208; x_wconf 87' lang='lat' dir='ltr'><strong>alter</strong></span> <span class='ocrx_word' id='word_1_209' title='bbox 2668 2150 2740 2217; x_wconf 78' lang='lat'><strong>⁶).</strong></span> <span class='ocrx_word' id='word_1_210' title='bbox 2775 2150 2850 2206; x_wconf 83' lang='lat' dir='ltr'><strong>At</strong></span> <span class='ocrx_word' id='word_1_211' title='bbox 2888 2140 3291 2204; x_wconf 85' lang='lat' dir='ltr'><strong>nihilominus</strong></span> 
     </span>
     <span class='ocr_line' id='line_1_19' title="bbox 490 2241 3294 2321; baseline -0.002 -20"><span class='ocrx_word' id='word_1_212' title='bbox 490 2244 848 2315; x_wconf 80' lang='lat' dir='ltr'><strong>periculum</strong></span> <span class='ocrx_word' id='word_1_213' title='bbox 879 2254 1090 2319; x_wconf 88' lang='lat' dir='ltr'><strong>potest</strong></span> <span class='ocrx_word' id='word_1_214' title='bbox 1129 2249 1213 2306; x_wconf 91' lang='lat' dir='ltr'><strong>ad</strong></span> <span class='ocrx_word' id='word_1_215' title='bbox 1257 2264 1477 2307; x_wconf 90' lang='lat' dir='ltr'><strong>omnes</strong></span> <span class='ocrx_word' id='word_1_216' title='bbox 1506 2249 1985 2321; x_wconf 88' lang='lat' dir='ltr'><strong>quodammodo</strong></span> <span class='ocrx_word' id='word_1_217' title='bbox 2015 2247 2368 2319; x_wconf 84' lang='lat' dir='ltr'><strong>pertinere,</strong></span> <span class='ocrx_word' id='word_1_218' title='bbox 2400 2243 2749 2319; x_wconf 87' lang='lat' dir='ltr'><strong>siquidem,</strong></span> <span class='ocrx_word' id='word_1_219' title='bbox 2789 2243 2904 2301; x_wconf 90' lang='lat' dir='ltr'><strong>nisi</strong></span> <span class='ocrx_word' id='word_1_220' title='bbox 2946 2243 3149 2315; x_wconf 83' lang='lat' dir='ltr'><strong>piane</strong></span> <span class='ocrx_word' id='word_1_221' title='bbox 3185 2241 3294 2300; x_wconf 88' lang='lat' dir='ltr'><strong>sint</strong></span> 
     </span>
    </p>
   </div>
   <div class='ocr_carea' id='block_1_9' title="bbox 487 2341 3291 2610">
    <p class='ocr_par' dir='ltr' id='par_1_9' title="bbox 487 2341 3291 2610">
     <span class='ocr_line' id='line_1_20' title="bbox 489 2341 3291 2423; baseline -0.001 -24"><span class='ocrx_word' id='word_1_222' title='bbox 489 2342 781 2403; x_wconf 85' lang='lat' dir='ltr'><strong>diversae</strong></span> <span class='ocrx_word' id='word_1_223' title='bbox 805 2348 1045 2404; x_wconf 78' lang='lat' dir='ltr'><strong>tutelae</strong></span> <span class='ocrx_word' id='word_1_224' title='bbox 1076 2347 1314 2420; x_wconf 86' lang='lat' dir='ltr'><strong>species</strong></span> <span class='ocrx_word' id='word_1_225' title='bbox 1336 2346 1392 2423; x_wconf 77' lang='lat' dir='ltr'><strong>(S</strong></span> <span class='ocrx_word' id='word_1_226' title='bbox 1425 2347 1566 2407; x_wconf 83' lang='lat'><strong>598.</strong></span> <span class='ocrx_word' id='word_1_227' title='bbox 1601 2356 1733 2407; x_wconf 91' lang='lat' dir='ltr'><strong>not.</strong></span> <span class='ocrx_word' id='word_1_228' title='bbox 1781 2350 1839 2405; x_wconf 90' lang='lat'><strong>1.</strong></span> <span class='ocrx_word' id='word_1_229' title='bbox 1863 2347 1904 2422; x_wconf 91' lang='lat'><strong>),</strong></span> <span class='ocrx_word' id='word_1_230' title='bbox 1946 2349 2109 2408; x_wconf 86' lang='lat' dir='ltr'><strong>alter</strong></span> <span class='ocrx_word' id='word_1_231' title='bbox 2140 2349 2482 2406; x_wconf 87' lang='lat' dir='ltr'><strong>observare</strong></span> <span class='ocrx_word' id='word_1_232' title='bbox 2510 2341 2785 2403; x_wconf 83' lang='lat' dir='ltr'><strong>alterum</strong></span> <span class='ocrx_word' id='word_1_233' title='bbox 2820 2357 3091 2401; x_wconf 85' lang='lat' dir='ltr'><strong>necesse</strong></span> <span class='ocrx_word' id='word_1_234' title='bbox 3116 2341 3291 2398; x_wconf 85' lang='lat' dir='ltr'><strong>habet</strong></span> 
     </span>
     <span class='ocr_line' id='line_1_21' title="bbox 489 2435 3289 2520; baseline -0.001 -24"><span class='ocrx_word' id='word_1_235' title='bbox 489 2454 568 2496; x_wconf 90' lang='lat' dir='ltr'><strong>ac</strong></span> <span class='ocrx_word' id='word_1_236' title='bbox 594 2448 960 2513; x_wconf 88' lang='lat' dir='ltr'><strong>suspectum</strong></span> <span class='ocrx_word' id='word_1_237' title='bbox 995 2458 1141 2499; x_wconf 90' lang='lat' dir='ltr'><strong>eum</strong></span> <span class='ocrx_word' id='word_1_238' title='bbox 1173 2441 1408 2500; x_wconf 77' lang='lat' dir='ltr'><strong>facere.</strong></span> <span class='ocrx_word' id='word_1_239' title='bbox 1442 2444 1624 2520; x_wconf 84' lang='lat' dir='ltr'><strong>Quod</strong></span> <span class='ocrx_word' id='word_1_240' title='bbox 1666 2444 1714 2501; x_wconf 91' lang='lat' dir='ltr'><strong>si</strong></span> <span class='ocrx_word' id='word_1_241' title='bbox 1751 2443 1967 2501; x_wconf 78' lang='lat' dir='ltr'><strong>facere</strong></span> <span class='ocrx_word' id='word_1_242' title='bbox 1995 2442 2383 2516; x_wconf 84' lang='lat' dir='ltr'><strong>neglexerit,</strong></span> <span class='ocrx_word' id='word_1_243' title='bbox 2419 2448 2556 2499; x_wconf 89' lang='lat' dir='ltr'><strong>tum</strong></span> <span class='ocrx_word' id='word_1_244' title='bbox 2590 2435 2875 2498; x_wconf 82' lang='lat' dir='ltr'><strong>similiter</strong></span> <span class='ocrx_word' id='word_1_245' title='bbox 2900 2438 3042 2509; x_wconf 86' lang='lat' dir='ltr'><strong>ipse</strong></span> <span class='ocrx_word' id='word_1_246' title='bbox 3072 2450 3289 2494; x_wconf 80' lang='lat' dir='ltr'><strong>conve·</strong></span> 
     </span>
     <span class='ocr_line' id='line_1_22' title="bbox 487 2534 3289 2610; baseline -0.002 -19"><span class='ocrx_word' id='word_1_247' title='bbox 487 2534 756 2593; x_wconf 88' lang='lat' dir='ltr'><strong>niendus</strong></span> <span class='ocrx_word' id='word_1_248' title='bbox 791 2537 945 2606; x_wconf 85' lang='lat' dir='ltr'><strong>erit,</strong></span> <span class='ocrx_word' id='word_1_249' title='bbox 990 2544 1183 2610; x_wconf 86' lang='lat' dir='ltr'><strong>atque</strong></span> <span class='ocrx_word' id='word_1_250' title='bbox 1211 2539 1259 2595; x_wconf 89' lang='lat' dir='ltr'><strong>si</strong></span> <span class='ocrx_word' id='word_1_251' title='bbox 1292 2554 1410 2610; x_wconf 91' lang='lat' dir='ltr'><strong>pro</strong></span> <span class='ocrx_word' id='word_1_252' title='bbox 1446 2534 1716 2597; x_wconf 86' lang='lat' dir='ltr'><strong>indiviso</strong></span> <span class='ocrx_word' id='word_1_253' title='bbox 1745 2554 1979 2596; x_wconf 89' lang='lat' dir='ltr'><strong>munus</strong></span> <span class='ocrx_word' id='word_1_254' title='bbox 2004 2538 2262 2610; x_wconf 89' lang='lat' dir='ltr'><strong>utrique</strong></span> <span class='ocrx_word' id='word_1_255' title='bbox 2290 2537 2662 2610; x_wconf 87' lang='lat' dir='ltr'><strong>injunctum·</strong></span> <span class='ocrx_word' id='word_1_256' title='bbox 2692 2534 2885 2592; x_wconf 83' lang='lat' dir='ltr'><strong>fuerit</strong></span> <span class='ocrx_word' id='word_1_257' title='bbox 2915 2534 2988 2606; x_wconf 86' lang='lat'><strong>⁷).</strong></span> <span class='ocrx_word' id='word_1_258' title='bbox 3039 2535 3289 2605; x_wconf 84' lang='lat' dir='ltr'><strong>Oportet</strong></span> 
     </span>
    </p>
   </div>
   <div class='ocr_carea' id='block_1_10' title="bbox 489 2625 3281 2710">
    <p class='ocr_par' dir='ltr' id='par_1_10' title="bbox 489 2625 3281 2710">
     <span class='ocr_line' id='line_1_23' title="bbox 489 2625 3281 2710; baseline -0.002 -20"><span class='ocrx_word' id='word_1_259' title='bbox 489 2638 701 2692; x_wconf 88' lang='lat' dir='ltr'><strong>autem</strong></span> <span class='ocrx_word' id='word_1_260' title='bbox 726 2637 823 2693; x_wconf 84' lang='lat' dir='ltr'><strong>vei</strong></span> <span class='ocrx_word' id='word_1_261' title='bbox 848 2637 1281 2707; x_wconf 81' lang='lat' dir='ltr'><strong>magistratum</strong></span> <span class='ocrx_word' id='word_1_262' title='bbox 1305 2638 1403 2695; x_wconf 90' lang='lat' dir='ltr'><strong>vel</strong></span> <span class='ocrx_word' id='word_1_263' title='bbox 1427 2644 1674 2710; x_wconf 86' lang='lat' dir='ltr'><strong>patrem</strong></span> <span class='ocrx_word' id='word_1_264' title='bbox 1694 2637 2258 2697; x_wconf 75' lang='lat' dir='ltr'><strong>administrationis</strong></span> <span class='ocrx_word' id='word_1_265' title='bbox 2283 2638 2610 2695; x_wconf 76' lang='lat' dir='ltr'><strong>ordinasse</strong></span> <span class='ocrx_word' id='word_1_266' title='bbox 2630 2635 3008 2693; x_wconf 88' lang='lat' dir='ltr'><strong>divisionem</strong></span> <span class='ocrx_word' id='word_1_267' title='bbox 3033 2629 3113 2707; x_wconf 63' lang='grc' dir='ltr'><strong>Β).</strong></span> <span class='ocrx_word' id='word_1_268' title='bbox 3139 2625 3281 2687; x_wconf 81' lang='lat' dir='ltr'><strong>Nam</strong></span> 
     </span>
    </p>
   </div>
   <div class='ocr_carea' id='block_1_11' title="bbox 442 2791 3288 3807">
    <p class='ocr_par' dir='ltr' id='par_1_11' title="bbox 442 2791 3288 3807">
     <span class='ocr_line' id='line_1_24' title="bbox 486 2791 3282 2874; baseline 0 -21"><span class='ocrx_word' id='word_1_269' title='bbox 486 2791 571 2855; x_wconf 75' lang='lat' dir='ltr'><strong>¹&#39;ur</strong></span> <span class='ocrx_word' id='word_1_270' title='bbox 603 2812 695 2859; x_wconf 78' lang='lat' dir='ltr'><strong>civ.</strong></span> <span class='ocrx_word' id='word_1_271' title='bbox 714 2813 793 2859; x_wconf 80' lang='lat' dir='ltr'><strong>Pr.</strong></span> <span class='ocrx_word' id='word_1_272' title='bbox 812 2815 914 2861; x_wconf 76' lang='lat' dir='ltr'><strong>xli.</strong></span> <span class='ocrx_word' id='word_1_273' title='bbox 937 2825 987 2872; x_wconf 86' lang='lat' dir='ltr'><strong>p.</strong></span> <span class='ocrx_word' id='word_1_274' title='bbox 1009 2816 1039 2862; x_wconf 79' lang='grc'><strong>3</strong></span> <span class='ocrx_word' id='word_1_275' title='bbox 1057 2827 1164 2874; x_wconf 82' lang='lat' dir='ltr'><strong>sqq.</strong></span> <span class='ocrx_word' id='word_1_276' title='bbox 1185 2816 1289 2871; x_wconf 86' lang='lat' dir='ltr'><strong>(nr.</strong></span> <span class='ocrx_word' id='word_1_277' title='bbox 1310 2816 1391 2873; x_wconf 76' lang='lat'><strong>2.)</strong></span> <span class='ocrx_word' id='word_1_278' title='bbox 1425 2820 1475 2862; x_wconf 87' lang='lat' dir='ltr'><strong>et</strong></span> <span class='ocrx_word' id='word_1_279' title='bbox 1496 2814 1659 2862; x_wconf 64' lang='lat' dir='ltr'><strong>Gluclt</strong></span> <span class='ocrx_word' id='word_1_280' title='bbox 1681 2815 1847 2861; x_wconf 79' lang='lat' dir='ltr'><strong>xxix.</strong></span> <span class='ocrx_word' id='word_1_281' title='bbox 1909 2814 2001 2861; x_wconf 83' lang='lat' dir='ltr'><strong>vel</strong></span> <span class='ocrx_word' id='word_1_282' title='bbox 2015 2826 2133 2862; x_wconf 79' lang='lat' dir='ltr'><strong>cur.</strong></span> <span class='ocrx_word' id='word_1_283' title='bbox 2157 2813 2381 2872; x_wconf 73' lang='lat' dir='ltr'><strong>reipubl.</strong></span> <span class='ocrx_word' id='word_1_284' title='bbox 2403 2825 2576 2863; x_wconf 73' lang='lat' dir='ltr'><strong>causa</strong></span> <span class='ocrx_word' id='word_1_285' title='bbox 2593 2813 2784 2862; x_wconf 68' lang='lat' dir='ltr'><strong>abet-it.</strong></span> <span class='ocrx_word' id='word_1_286' title='bbox 2807 2814 2823 2869; x_wconf 94' lang='lat'>(</span> <span class='ocrx_word' id='word_1_287' title='bbox 2848 2814 2908 2866; x_wconf 81' lang='lat' dir='ltr'><strong>v.</strong></span> <span class='ocrx_word' id='word_1_288' title='bbox 2924 2810 3052 2869; x_wconf 70' lang='grc'><strong>64.)</strong></span> <span class='ocrx_word' id='word_1_289' title='bbox 3083 2836 3145 2844; x_wconf 89' lang='grc'>-</span> <span class='ocrx_word' id='word_1_290' title='bbox 3175 2811 3224 2855; x_wconf 83' lang='lat'><strong>1..</strong></span> <span class='ocrx_word' id='word_1_291' title='bbox 3240 2805 3282 2853; x_wconf 82' lang='grc'><strong>3.</strong></span> 
     </span>
     <span class='ocr_line' id='line_1_25' title="bbox 493 2870 3278 2935; baseline -0 -19"><span class='ocrx_word' id='word_1_292' title='bbox 493 2883 543 2928; x_wconf 87' lang='lat' dir='ltr'><strong>p.</strong></span> <span class='ocrx_word' id='word_1_293' title='bbox 567 2871 658 2918; x_wconf 87' lang='grc'><strong>178</strong></span> <span class='ocrx_word' id='word_1_294' title='bbox 679 2887 786 2933; x_wconf 77' lang='lat' dir='ltr'><strong>sqq.</strong></span> <span class='ocrx_word' id='word_1_295' title='bbox 1915 2878 1968 2923; x_wconf 88' lang='lat' dir='ltr'><strong>C.</strong></span> <span class='ocrx_word' id='word_1_296' title='bbox 1989 2875 2057 2923; x_wconf 82' lang='lat' dir='ltr'><strong>de</strong></span> <span class='ocrx_word' id='word_1_297' title='bbox 2078 2876 2184 2924; x_wconf 82' lang='lat' dir='ltr'><strong>div.</strong></span> <span class='ocrx_word' id='word_1_298' title='bbox 2212 2880 2310 2925; x_wconf 79' lang='lat' dir='ltr'><strong>tue.</strong></span> <span class='ocrx_word' id='word_1_299' title='bbox 2334 2879 2413 2935; x_wconf 84' lang='lat' dir='ltr'><strong>(V,</strong></span> <span class='ocrx_word' id='word_1_300' title='bbox 2431 2875 2531 2933; x_wconf 79' lang='lat'><strong>52.)</strong></span> <span class='ocrx_word' id='word_1_301' title='bbox 2552 2903 2613 2911; x_wconf 91' lang='lat'>—</span> <span class='ocrx_word' id='word_1_302' title='bbox 2637 2876 2798 2923; x_wconf 57' lang='grc' dir='ltr'><strong>δαῖε-11·</strong></span> <span class='ocrx_word' id='word_1_303' title='bbox 2820 2876 2967 2921; x_wconf 76' lang='lat' dir='ltr'><strong>XXX.</strong></span> <span class='ocrx_word' id='word_1_304' title='bbox 2993 2888 3043 2933; x_wconf 87' lang='lat' dir='ltr'><strong>p.</strong></span> <span class='ocrx_word' id='word_1_305' title='bbox 3071 2870 3164 2920; x_wconf 83' lang='grc'><strong>387</strong></span> <span class='ocrx_word' id='word_1_306' title='bbox 3182 2883 3278 2928; x_wconf 82' lang='lat' dir='ltr'><strong>sqq.</strong></span> 
     </span>
     <span class='ocr_line' id='line_1_26' title="bbox 556 2933 2212 2997; baseline 0.005 -18"><span class='ocrx_word' id='word_1_307' title='bbox 556 2933 605 2992; x_wconf 74' lang='lat'><strong>4)</strong></span> <span class='ocrx_word' id='word_1_308' title='bbox 628 2936 679 2981; x_wconf 91' lang='lat' dir='ltr'><strong>L.</strong></span> <span class='ocrx_word' id='word_1_309' title='bbox 703 2934 752 2984; x_wconf 74' lang='lat'><strong>4.</strong></span> <span class='ocrx_word' id='word_1_310' title='bbox 775 2938 831 2984; x_wconf 94' lang='lat' dir='ltr'><strong>D.</strong></span> <span class='ocrx_word' id='word_1_311' title='bbox 854 2936 922 2983; x_wconf 80' lang='lat' dir='ltr'><strong>de</strong></span> <span class='ocrx_word' id='word_1_312' title='bbox 941 2942 1088 2986; x_wconf 77' lang='lat' dir='ltr'><strong>auce.</strong></span> <span class='ocrx_word' id='word_1_313' title='bbox 1104 2942 1205 2986; x_wconf 80' lang='lat' dir='ltr'><strong>tul.</strong></span> <span class='ocrx_word' id='word_1_314' title='bbox 1221 2937 1633 2996; x_wconf 81' lang='lat' dir='ltr'><strong>(xxvt‚8.)—cui</strong></span> <span class='ocrx_word' id='word_1_315' title='bbox 1653 2942 1852 2984; x_wconf 84' lang='lat' dir='ltr'><strong>contra·</strong></span> <span class='ocrx_word' id='word_1_316' title='bbox 1915 2939 1961 2996; x_wconf 74' lang='grc' dir='ltr'><strong>(ς</strong></span> <span class='ocrx_word' id='word_1_317' title='bbox 1985 2936 2110 2985; x_wconf 82' lang='grc'><strong>1336</strong></span> <span class='ocrx_word' id='word_1_318' title='bbox 2121 2939 2212 2997; x_wconf 80' lang='lat' dir='ltr'><strong>b.).</strong></span> 
     </span>
     <span class='ocr_line' id='line_1_27' title="bbox 487 2990 3271 3066; baseline 0 -25"><span class='ocrx_word' id='word_1_319' title='bbox 487 2996 565 3042; x_wconf 85' lang='lat' dir='ltr'><strong>ria</strong></span> <span class='ocrx_word' id='word_1_320' title='bbox 603 3010 700 3043; x_wconf 88' lang='lat' dir='ltr'><strong>non</strong></span> <span class='ocrx_word' id='word_1_321' title='bbox 737 3004 809 3046; x_wconf 81' lang='lat' dir='ltr'><strong>est</strong></span> <span class='ocrx_word' id='word_1_322' title='bbox 848 3001 902 3046; x_wconf 91' lang='lat' dir='ltr'><strong>L.</strong></span> <span class='ocrx_word' id='word_1_323' title='bbox 943 3000 1024 3049; x_wconf 73' lang='lat'><strong>⁴9.</strong></span> <span class='ocrx_word' id='word_1_324' title='bbox 1069 3005 1121 3048; x_wconf 93' lang='lat' dir='ltr'><strong>D.</strong></span> <span class='ocrx_word' id='word_1_325' title='bbox 1160 3002 1231 3048; x_wconf 81' lang='lat' dir='ltr'><strong>de</strong></span> <span class='ocrx_word' id='word_1_326' title='bbox 1249 3012 1302 3047; x_wconf 84' lang='lat' dir='ltr'><strong>a.</strong></span> <span class='ocrx_word' id='word_1_327' title='bbox 1333 3014 1385 3047; x_wconf 87' lang='lat' dir='ltr'><strong>v.</strong></span> <span class='ocrx_word' id='word_1_328' title='bbox 1407 3013 1457 3048; x_wconf 87' lang='grc' dir='ltr'><strong>ο.</strong></span> <span class='ocrx_word' id='word_1_329' title='bbox 1477 3002 1529 3047; x_wconf 74' lang='lat' dir='ltr'><strong>la.</strong></span> <span class='ocrx_word' id='word_1_330' title='bbox 1561 3001 1755 3058; x_wconf 72' lang='lat' dir='ltr'><strong>(xxix,</strong></span> <span class='ocrx_word' id='word_1_331' title='bbox 1779 3000 1853 3058; x_wconf 76' lang='lat'><strong>2.)</strong></span> <span class='ocrx_word' id='word_1_332' title='bbox 1978 2999 2027 3057; x_wconf 77' lang='grc'><strong>4)</strong></span> <span class='ocrx_word' id='word_1_333' title='bbox 2045 3002 2118 3048; x_wconf 75' lang='lat' dir='ltr'><strong>cf.</strong></span> <span class='ocrx_word' id='word_1_334' title='bbox 2143 3002 2269 3049; x_wconf 88' lang='lat' dir='ltr'><strong>inter</strong></span> <span class='ocrx_word' id='word_1_335' title='bbox 2289 3014 2340 3048; x_wconf 87' lang='lat' dir='ltr'><strong>se</strong></span> <span class='ocrx_word' id='word_1_336' title='bbox 2359 3000 2411 3049; x_wconf 80' lang='lat' dir='ltr'><strong>bi</strong></span> <span class='ocrx_word' id='word_1_337' title='bbox 2433 3001 2527 3048; x_wconf 86' lang='lat' dir='ltr'><strong>ioci</strong></span> <span class='ocrx_word' id='word_1_338' title='bbox 2554 3016 2566 3047; x_wconf 89' lang='lat'>:</span> <span class='ocrx_word' id='word_1_339' title='bbox 2592 3002 2645 3048; x_wconf 88' lang='lat'><strong>1..</strong></span> <span class='ocrx_word' id='word_1_340' title='bbox 2665 2997 2747 3047; x_wconf 77' lang='lat'><strong>58.</strong></span> <span class='ocrx_word' id='word_1_341' title='bbox 2789 3000 2844 3045; x_wconf 98' lang='lat' dir='ltr'><strong>L.</strong></span> <span class='ocrx_word' id='word_1_342' title='bbox 2868 2996 2951 3045; x_wconf 77' lang='grc'><strong>39.</strong></span> <span class='ocrx_word' id='word_1_343' title='bbox 2979 2998 3007 3053; x_wconf 80' lang='grc' dir='ltr'><strong>ς</strong></span> <span class='ocrx_word' id='word_1_344' title='bbox 3040 2995 3087 3044; x_wconf 81' lang='grc'><strong>5.</strong></span> <span class='ocrx_word' id='word_1_345' title='bbox 3123 2996 3179 3042; x_wconf 88' lang='lat' dir='ltr'><strong>L.</strong></span> <span class='ocrx_word' id='word_1_346' title='bbox 3198 2990 3271 3066; x_wconf 61' lang='lat'><strong>⁴}-</strong></span> 
     </span>
     <span class='ocr_line' id='line_1_28' title="bbox 488 3058 3278 3121; baseline -0.001 -18"><span class='ocrx_word' id='word_1_347' title='bbox 488 3058 535 3114; x_wconf 73' lang='grc' dir='ltr'><strong>(ιι</strong></span> <span class='ocrx_word' id='word_1_348' title='bbox 558 3059 800 3117; x_wconf 84' lang='lat' dir='ltr'><strong>Pupiiium</strong></span> <span class='ocrx_word' id='word_1_349' title='bbox 820 3062 967 3109; x_wconf 84' lang='lat' dir='ltr'><strong>etiam</strong></span> <span class='ocrx_word' id='word_1_350' title='bbox 1006 3076 1064 3108; x_wconf 87' lang='lat' dir='ltr'><strong>eo</strong></span> <span class='ocrx_word' id='word_1_351' title='bbox 1098 3070 1258 3109; x_wconf 85' lang='lat' dir='ltr'><strong>tutore</strong></span> <span class='ocrx_word' id='word_1_352' title='bbox 1279 3067 1475 3110; x_wconf 86' lang='lat' dir='ltr'><strong>auctore</strong></span> <span class='ocrx_word' id='word_1_353' title='bbox 1496 3098 1510 3117; x_wconf 86' lang='grc'>,</span> <span class='ocrx_word' id='word_1_354' title='bbox 1533 3063 1616 3121; x_wconf 82' lang='lat' dir='ltr'><strong>qui</strong></span> <span class='ocrx_word' id='word_1_355' title='bbox 1638 3065 1842 3110; x_wconf 81' lang='lat' dir='ltr'><strong>tutelam</strong></span> <span class='ocrx_word' id='word_1_356' title='bbox 1904 3064 1931 3117; x_wconf 80' lang='lat' dir='ltr'>S</span> <span class='ocrx_word' id='word_1_357' title='bbox 1949 3060 1994 3108; x_wconf 96' lang='grc'><strong>6.</strong></span> <span class='ocrx_word' id='word_1_358' title='bbox 2020 3065 2068 3109; x_wconf 90' lang='lat' dir='ltr'><strong>L.</strong></span> <span class='ocrx_word' id='word_1_359' title='bbox 2095 3061 2174 3109; x_wconf 81' lang='lat'><strong>55.</strong></span> <span class='ocrx_word' id='word_1_360' title='bbox 2196 3067 2223 3119; x_wconf 77' lang='lat' dir='ltr'>S</span> <span class='ocrx_word' id='word_1_361' title='bbox 2245 3066 2292 3110; x_wconf 79' lang='lat'><strong>3.</strong></span> <span class='ocrx_word' id='word_1_362' title='bbox 2332 3066 2386 3110; x_wconf 92' lang='lat' dir='ltr'><strong>D.</strong></span> <span class='ocrx_word' id='word_1_363' title='bbox 2412 3064 2479 3111; x_wconf 82' lang='lat' dir='ltr'><strong>de</strong></span> <span class='ocrx_word' id='word_1_364' title='bbox 2501 3063 2642 3109; x_wconf 83' lang='lat' dir='ltr'><strong>adm.</strong></span> <span class='ocrx_word' id='word_1_365' title='bbox 2666 3062 2942 3109; x_wconf 58' lang='lat' dir='ltr'><strong>tua—LA.</strong></span> <span class='ocrx_word' id='word_1_366' title='bbox 2964 3062 2991 3115; x_wconf 75' lang='lat' dir='ltr'>S</span> <span class='ocrx_word' id='word_1_367' title='bbox 3012 3059 3090 3106; x_wconf 83' lang='grc'><strong>11.</strong></span> <span class='ocrx_word' id='word_1_368' title='bbox 3109 3060 3185 3104; x_wconf 75' lang='lat'><strong>12.</strong></span> <span class='ocrx_word' id='word_1_369' title='bbox 3205 3058 3278 3102; x_wconf 66' lang='lat' dir='ltr'><strong>ia.</strong></span> 
     </span>
     <span class='ocr_line' id='line_1_29' title="bbox 489 3119 3279 3183; baseline 0 -18"><span class='ocrx_word' id='word_1_370' title='bbox 489 3132 589 3166; x_wconf 87' lang='lat' dir='ltr'><strong>non</strong></span> <span class='ocrx_word' id='word_1_371' title='bbox 616 3130 752 3180; x_wconf 81' lang='lat' dir='ltr'><strong>gerat</strong></span> <span class='ocrx_word' id='word_1_372' title='bbox 772 3158 787 3179; x_wconf 84' lang='lat'><strong>‚</strong></span> <span class='ocrx_word' id='word_1_373' title='bbox 806 3124 1126 3172; x_wconf 76' lang='lat' dir='ltr'><strong>hereditatem</strong></span> <span class='ocrx_word' id='word_1_374' title='bbox 1149 3126 1375 3172; x_wconf 80' lang='lat' dir='ltr'><strong>adeundo</strong></span> <span class='ocrx_word' id='word_1_375' title='bbox 1391 3126 1597 3180; x_wconf 77' lang='lat' dir='ltr'><strong>obligari</strong></span> <span class='ocrx_word' id='word_1_376' title='bbox 1620 3125 1707 3170; x_wconf 78' lang='lat' dir='ltr'><strong>ait.</strong></span> <span class='ocrx_word' id='word_1_377' title='bbox 1733 3142 1757 3167; x_wconf 71' lang='lat' dir='ltr'><strong>u</strong></span> <span class='ocrx_word' id='word_1_378' title='bbox 1785 3134 1799 3177; x_wconf 85' lang='lat'><strong>)</strong></span> <span class='ocrx_word' id='word_1_379' title='bbox 1822 3138 1836 3183; x_wconf 83' lang='lat'>3</span> <span class='ocrx_word' id='word_1_380' title='bbox 1905 3129 1932 3182; x_wconf 76' lang='grc' dir='ltr'><strong><em>ς</em></strong></span> <span class='ocrx_word' id='word_1_381' title='bbox 1952 3123 2029 3171; x_wconf 89' lang='grc'><strong>15.</strong></span> <span class='ocrx_word' id='word_1_382' title='bbox 2054 3128 2107 3172; x_wconf 90' lang='lat' dir='ltr'><strong>D.</strong></span> <span class='ocrx_word' id='word_1_383' title='bbox 2132 3125 2200 3172; x_wconf 78' lang='lat' dir='ltr'><strong>de</strong></span> <span class='ocrx_word' id='word_1_384' title='bbox 2227 3130 2325 3174; x_wconf 79' lang='lat' dir='ltr'><strong>tut.</strong></span> <span class='ocrx_word' id='word_1_385' title='bbox 2347 3130 2408 3174; x_wconf 79' lang='lat' dir='ltr'><strong>et</strong></span> <span class='ocrx_word' id='word_1_386' title='bbox 2424 3129 2528 3172; x_wconf 79' lang='lat' dir='ltr'><strong>rat.</strong></span> <span class='ocrx_word' id='word_1_387' title='bbox 2553 3126 2707 3173; x_wconf 73' lang='lat' dir='ltr'><strong>distr.</strong></span> <span class='ocrx_word' id='word_1_388' title='bbox 2734 3124 2943 3182; x_wconf 81' lang='lat' dir='ltr'><strong>(xxvii,</strong></span> <span class='ocrx_word' id='word_1_389' title='bbox 2966 3124 3043 3179; x_wconf 81' lang='lat'><strong>3.)</strong></span> <span class='ocrx_word' id='word_1_390' title='bbox 3075 3147 3136 3156; x_wconf 93' lang='lat'><strong>—-</strong></span> <span class='ocrx_word' id='word_1_391' title='bbox 3166 3122 3217 3166; x_wconf 90' lang='lat' dir='ltr'><strong>t..</strong></span> <span class='ocrx_word' id='word_1_392' title='bbox 3237 3119 3279 3163; x_wconf 72' lang='lat'><strong>2.</strong></span> 
     </span>
     <span class='ocr_line' id='line_1_30' title="bbox 488 3183 3280 3246; baseline 0.001 -18"><span class='ocrx_word' id='word_1_393' title='bbox 488 3186 668 3243; x_wconf 81' lang='lat' dir='ltr'><strong>quippe</strong></span> <span class='ocrx_word' id='word_1_394' title='bbox 703 3187 763 3232; x_wconf 85' lang='lat' dir='ltr'><strong>de</strong></span> <span class='ocrx_word' id='word_1_395' title='bbox 785 3198 843 3233; x_wconf 83' lang='lat' dir='ltr'><strong>eo</strong></span> <span class='ocrx_word' id='word_1_396' title='bbox 864 3189 1143 3246; x_wconf 82' lang='lat' dir='ltr'><strong>accipienda</strong></span> <span class='ocrx_word' id='word_1_397' title='bbox 1185 3195 1344 3234; x_wconf 83' lang='lat' dir='ltr'><strong>tutore</strong></span> <span class='ocrx_word' id='word_1_398' title='bbox 1363 3223 1378 3240; x_wconf 82' lang='lat'><strong>.</strong></span> <span class='ocrx_word' id='word_1_399' title='bbox 1398 3189 1479 3246; x_wconf 81' lang='lat' dir='ltr'><strong>qui</strong></span> <span class='ocrx_word' id='word_1_400' title='bbox 1502 3222 1517 3241; x_wconf 82' lang='lat'>,</span> <span class='ocrx_word' id='word_1_401' title='bbox 1551 3199 1663 3233; x_wconf 88' lang='lat' dir='ltr'><strong>cum</strong></span> <span class='ocrx_word' id='word_1_402' title='bbox 1686 3200 1854 3244; x_wconf 83' lang='lat' dir='ltr'><strong>gerere</strong></span> <span class='ocrx_word' id='word_1_403' title='bbox 1918 3199 1994 3246; x_wconf 89' lang='lat' dir='ltr'><strong>pr.</strong></span> <span class='ocrx_word' id='word_1_404' title='bbox 2020 3186 2073 3233; x_wconf 91' lang='lat' dir='ltr'><strong>C.</strong></span> <span class='ocrx_word' id='word_1_405' title='bbox 2097 3188 2166 3235; x_wconf 81' lang='lat' dir='ltr'><strong>de</strong></span> <span class='ocrx_word' id='word_1_406' title='bbox 2198 3190 2307 3237; x_wconf 81' lang='lat' dir='ltr'><strong>div.</strong></span> <span class='ocrx_word' id='word_1_407' title='bbox 2339 3192 2440 3238; x_wconf 78' lang='lat' dir='ltr'><strong>lut.</strong></span> <span class='ocrx_word' id='word_1_408' title='bbox 2477 3193 2532 3243; x_wconf 57' lang='lat' dir='ltr'><strong>ee,</strong></span> <span class='ocrx_word' id='word_1_409' title='bbox 2568 3199 2669 3245; x_wconf 72' lang='lat' dir='ltr'><strong>pro</strong></span> <span class='ocrx_word' id='word_1_410' title='bbox 2690 3191 2972 3246; x_wconf 78' lang='lat' dir='ltr'><strong>quaparte</strong></span> <span class='ocrx_word' id='word_1_411' title='bbox 2990 3187 3169 3243; x_wconf 77' lang='lat' dir='ltr'><strong>quisq.</strong></span> <span class='ocrx_word' id='word_1_412' title='bbox 3195 3183 3280 3229; x_wconf 75' lang='lat' dir='ltr'><strong>tul·</strong></span> 
     </span>
     <span class='ocr_line' id='line_1_31' title="bbox 493 3242 3278 3309; baseline -0 -18"><span class='ocrx_word' id='word_1_413' title='bbox 493 3249 672 3301; x_wconf 77' lang='lat' dir='ltr'><strong>possit,</strong></span> <span class='ocrx_word' id='word_1_414' title='bbox 705 3255 868 3295; x_wconf 86' lang='lat' dir='ltr'><strong>tamen</strong></span> <span class='ocrx_word' id='word_1_415' title='bbox 891 3263 992 3296; x_wconf 83' lang='lat' dir='ltr'><strong>sese</strong></span> <span class='ocrx_word' id='word_1_416' title='bbox 1013 3264 1106 3297; x_wconf 89' lang='lat' dir='ltr'><strong>non</strong></span> <span class='ocrx_word' id='word_1_417' title='bbox 1131 3251 1393 3297; x_wconf 78' lang='lat' dir='ltr'><strong>immiscuit</strong></span> <span class='ocrx_word' id='word_1_418' title='bbox 1414 3250 1850 3298; x_wconf 81' lang='lat' dir='ltr'><strong>administrationi.</strong></span> <span class='ocrx_word' id='word_1_419' title='bbox 1917 3251 2296 3298; x_wconf 80' lang='lat' dir='ltr'><strong>conveniatur.</strong></span> <span class='ocrx_word' id='word_1_420' title='bbox 2320 3253 2336 3308; x_wconf 86' lang='lat'>(</span> <span class='ocrx_word' id='word_1_421' title='bbox 2357 3253 2417 3309; x_wconf 83' lang='lat' dir='ltr'><strong>V,</strong></span> <span class='ocrx_word' id='word_1_422' title='bbox 2437 3247 2539 3308; x_wconf 62' lang='grc'><strong>59.)</strong></span> <span class='ocrx_word' id='word_1_423' title='bbox 2575 3251 2592 3305; x_wconf 96' lang='grc'>(</span> <span class='ocrx_word' id='word_1_424' title='bbox 2614 3251 2641 3305; x_wconf 82' lang='grc' dir='ltr'>ς</span> <span class='ocrx_word' id='word_1_425' title='bbox 2660 3249 2775 3296; x_wconf 88' lang='grc'><strong>601.</strong></span> <span class='ocrx_word' id='word_1_426' title='bbox 2798 3255 2901 3295; x_wconf 89' lang='lat' dir='ltr'><strong>not.</strong></span> <span class='ocrx_word' id='word_1_427' title='bbox 2926 3246 2974 3295; x_wconf 95' lang='grc'><strong>6.</strong></span> <span class='ocrx_word' id='word_1_428' title='bbox 3001 3261 3052 3306; x_wconf 73' lang='lat' dir='ltr'><strong>g.</strong></span> <span class='ocrx_word' id='word_1_429' title='bbox 3079 3253 3118 3304; x_wconf 86' lang='grc'><strong>).</strong></span> <span class='ocrx_word' id='word_1_430' title='bbox 3144 3269 3199 3279; x_wconf 93' lang='lat'>-</span> <span class='ocrx_word' id='word_1_431' title='bbox 3219 3242 3278 3290; x_wconf 77' lang='lat' dir='ltr'><strong>Cf.</strong></span> 
     </span>
     <span class='ocr_line' id='line_1_32' title="bbox 490 3307 3277 3374; baseline -0.001 -20"><span class='ocrx_word' id='word_1_432' title='bbox 490 3309 761 3356; x_wconf 76' lang='lat' dir='ltr'><strong>-Dissent.</strong></span> <span class='ocrx_word' id='word_1_433' title='bbox 776 3318 883 3369; x_wconf 85' lang='lat' dir='ltr'><strong>post</strong></span> <span class='ocrx_word' id='word_1_434' title='bbox 903 3315 1024 3359; x_wconf 85' lang='lat' dir='ltr'><strong>aiios</strong></span> <span class='ocrx_word' id='word_1_435' title='bbox 1043 3313 1215 3360; x_wconf 69' lang='lat' dir='ltr'><strong>Loeltn</strong></span> <span class='ocrx_word' id='word_1_436' title='bbox 1232 3314 1317 3359; x_wconf 83' lang='lat' dir='ltr'><strong>ub.</strong></span> <span class='ocrx_word' id='word_1_437' title='bbox 1337 3313 1416 3358; x_wconf 82' lang='lat' dir='ltr'><strong>die</strong></span> <span class='ocrx_word' id='word_1_438' title='bbox 1437 3318 1562 3359; x_wconf 73' lang='lat' dir='ltr'><strong>rom.</strong></span> <span class='ocrx_word' id='word_1_439' title='bbox 1591 3316 1728 3368; x_wconf 67' lang='lat' dir='ltr'><strong>Beer.</strong></span> <span class='ocrx_word' id='word_1_440' title='bbox 1753 3326 1849 3360; x_wconf 80' lang='lat' dir='ltr'><strong>von</strong></span> <span class='ocrx_word' id='word_1_441' title='bbox 1917 3312 2161 3368; x_wconf 57' lang='lat' dir='ltr'><strong>Cataonas</strong></span> <span class='ocrx_word' id='word_1_442' title='bbox 2182 3316 2245 3361; x_wconf 76' lang='lat' dir='ltr'><strong>ad</strong></span> <span class='ocrx_word' id='word_1_443' title='bbox 2267 3313 2847 3374; x_wconf 75' lang='lat' dir='ltr'><strong>Papin.Qu.1.ib.ti.(opp.</strong></span> <span class='ocrx_word' id='word_1_444' title='bbox 2861 3312 3113 3368; x_wconf 65' lang='lat' dir='ltr'><strong>posten&#39;r.</strong></span> <span class='ocrx_word' id='word_1_445' title='bbox 3139 3309 3176 3353; x_wconf 86' lang='lat'><strong>1.</strong></span> <span class='ocrx_word' id='word_1_446' title='bbox 3199 3307 3277 3352; x_wconf 70' lang='lat' dir='ltr'><strong>m.</strong></span> 
     </span>
     <span class='ocr_line' id='line_1_33' title="bbox 490 3369 3282 3435; baseline 0 -22"><span class='ocrx_word' id='word_1_447' title='bbox 490 3369 630 3417; x_wconf 79' lang='lat' dir='ltr'><strong>Tute!</strong></span> <span class='ocrx_word' id='word_1_448' title='bbox 654 3385 702 3419; x_wconf 88' lang='lat' dir='ltr'><strong>u.</strong></span> <span class='ocrx_word' id='word_1_449' title='bbox 724 3374 915 3421; x_wconf 79' lang='lat' dir='ltr'><strong>Curate!</strong></span> <span class='ocrx_word' id='word_1_450' title='bbox 962 3378 986 3431; x_wconf 75' lang='lat' dir='ltr'><strong>S</strong></span> <span class='ocrx_word' id='word_1_451' title='bbox 1010 3374 1060 3422; x_wconf 89' lang='lat'><strong>7.</strong></span> <span class='ocrx_word' id='word_1_452' title='bbox 1104 3376 1120 3432; x_wconf 89' lang='lat'><strong>(</strong></span> <span class='ocrx_word' id='word_1_453' title='bbox 1146 3376 1329 3434; x_wconf 81' lang='lat' dir='ltr'><strong>Magaz.</strong></span> <span class='ocrx_word' id='word_1_454' title='bbox 1386 3376 1467 3419; x_wconf 87' lang='lat' dir='ltr'><strong>iil.</strong></span> <span class='ocrx_word' id='word_1_455' title='bbox 1508 3387 1556 3433; x_wconf 88' lang='lat' dir='ltr'><strong>p.</strong></span> <span class='ocrx_word' id='word_1_456' title='bbox 1581 3373 1644 3421; x_wconf 67' lang='lat'><strong>29</strong></span> <span class='ocrx_word' id='word_1_457' title='bbox 1665 3386 1738 3433; x_wconf 86' lang='lat' dir='ltr'><strong>sq.</strong></span> <span class='ocrx_word' id='word_1_458' title='bbox 1761 3376 1779 3433; x_wconf 95' lang='lat'>)</span> <span class='ocrx_word' id='word_1_459' title='bbox 1803 3380 1852 3421; x_wconf 84' lang='lat' dir='ltr'><strong>et</strong></span> <span class='ocrx_word' id='word_1_460' title='bbox 1914 3388 1963 3431; x_wconf 84' lang='lat' dir='ltr'><strong>p.</strong></span> <span class='ocrx_word' id='word_1_461' title='bbox 1998 3373 2061 3420; x_wconf 81' lang='grc'><strong>53</strong></span> <span class='ocrx_word' id='word_1_462' title='bbox 2092 3378 2238 3435; x_wconf 85' lang='lat' dir='ltr'><strong>sqq.).</strong></span> <span class='ocrx_word' id='word_1_463' title='bbox 2263 3400 2323 3410; x_wconf 91' lang='lat'>-</span> <span class='ocrx_word' id='word_1_464' title='bbox 2361 3379 2426 3422; x_wconf 86' lang='lat' dir='ltr'><strong>De</strong></span> <span class='ocrx_word' id='word_1_465' title='bbox 2453 3376 2726 3422; x_wconf 87' lang='lat' dir='ltr'><strong>actionibus</strong></span> <span class='ocrx_word' id='word_1_466' title='bbox 2755 3377 2988 3421; x_wconf 77' lang='lat' dir='ltr'><strong>adversus</strong></span> <span class='ocrx_word' id='word_1_467' title='bbox 3018 3376 3282 3419; x_wconf 74' lang='lat' dir='ltr'><strong>contutcres</strong></span> 
     </span>
     <span class='ocr_line' id='line_1_34' title="bbox 442 3434 3284 3499; baseline 0 -22"><span class='ocrx_word' id='word_1_468' title='bbox 442 3491 456 3499; x_wconf 75' lang='lat'><strong>.</strong></span> <span class='ocrx_word' id='word_1_469' title='bbox 494 3434 668 3478; x_wconf 80' lang='lat' dir='ltr'><strong>Archiv</strong></span> <span class='ocrx_word' id='word_1_470' title='bbox 691 3436 728 3481; x_wconf 80' lang='lat' dir='ltr'><strong>i&#39;.</strong></span> <span class='ocrx_word' id='word_1_471' title='bbox 749 3438 841 3480; x_wconf 83' lang='lat' dir='ltr'><strong>civ.</strong></span> <span class='ocrx_word' id='word_1_472' title='bbox 867 3436 945 3483; x_wconf 86' lang='lat' dir='ltr'><strong>Pr.</strong></span> <span class='ocrx_word' id='word_1_473' title='bbox 970 3440 1070 3484; x_wconf 81' lang='lat' dir='ltr'><strong>xii.</strong></span> <span class='ocrx_word' id='word_1_474' title='bbox 1107 3450 1154 3495; x_wconf 89' lang='lat' dir='ltr'><strong>p.</strong></span> <span class='ocrx_word' id='word_1_475' title='bbox 1179 3435 1227 3482; x_wconf 96' lang='grc'><strong>3.</strong></span> <span class='ocrx_word' id='word_1_476' title='bbox 1261 3460 1321 3469; x_wconf 93' lang='lat'><strong>—-</strong></span> <span class='ocrx_word' id='word_1_477' title='bbox 1353 3437 1429 3483; x_wconf 75' lang='lat' dir='ltr'><strong>Cf.</strong></span> <span class='ocrx_word' id='word_1_478' title='bbox 1473 3442 1523 3481; x_wconf 85' lang='lat' dir='ltr'><strong>et</strong></span> <span class='ocrx_word' id='word_1_479' title='bbox 1567 3440 1744 3493; x_wconf 78' lang='lat' dir='ltr'><strong>cujac.</strong></span> <span class='ocrx_word' id='word_1_480' title='bbox 1789 3438 1851 3483; x_wconf 79' lang='lat' dir='ltr'><strong>ad</strong></span> <span class='ocrx_word' id='word_1_481' title='bbox 1913 3441 2370 3486; x_wconf 75' lang='lat' dir='ltr'><strong>concuratoresve</strong></span> <span class='ocrx_word' id='word_1_482' title='bbox 2389 3440 2463 3485; x_wconf 82' lang='lat' dir='ltr'><strong>vei</strong></span> <span class='ocrx_word' id='word_1_483' title='bbox 2481 3438 2769 3484; x_wconf 82' lang='lat' dir='ltr'><strong>mandandis</strong></span> <span class='ocrx_word' id='word_1_484' title='bbox 2782 3440 2853 3482; x_wconf 82' lang='lat' dir='ltr'><strong>vei</strong></span> <span class='ocrx_word' id='word_1_485' title='bbox 2868 3437 3284 3481; x_wconf 68' lang='lat' dir='ltr'><strong>utiliter-exercen-</strong></span> 
     </span>
     <span class='ocr_line' id='line_1_35' title="bbox 494 3492 3285 3558; baseline -0 -16"><span class='ocrx_word' id='word_1_486' title='bbox 494 3495 711 3544; x_wconf 70' lang='lat' dir='ltr'><strong>African.</strong></span> <span class='ocrx_word' id='word_1_487' title='bbox 758 3499 842 3544; x_wconf 85' lang='lat' dir='ltr'><strong>Tr.</strong></span> <span class='ocrx_word' id='word_1_488' title='bbox 887 3499 966 3546; x_wconf 88' lang='lat' dir='ltr'><strong>tv.</strong></span> <span class='ocrx_word' id='word_1_489' title='bbox 1009 3503 1158 3558; x_wconf 85' lang='lat' dir='ltr'><strong>(opp.</strong></span> <span class='ocrx_word' id='word_1_490' title='bbox 1200 3501 1351 3557; x_wconf 84' lang='lat' dir='ltr'><strong>prior.</strong></span> <span class='ocrx_word' id='word_1_491' title='bbox 1392 3498 1472 3546; x_wconf 86' lang='lat' dir='ltr'><strong>ed.</strong></span> <span class='ocrx_word' id='word_1_492' title='bbox 1516 3500 1672 3546; x_wconf 79' lang='lat' dir='ltr'><strong>Fabr.</strong></span> <span class='ocrx_word' id='word_1_493' title='bbox 1717 3501 1777 3546; x_wconf 84' lang='grc' dir='ltr'><strong>Τ.</strong></span> <span class='ocrx_word' id='word_1_494' title='bbox 1813 3502 1849 3546; x_wconf 88' lang='lat' dir='ltr'><strong>i.</strong></span> <span class='ocrx_word' id='word_1_495' title='bbox 1915 3499 1990 3546; x_wconf 78' lang='lat' dir='ltr'><strong>dis</strong></span> <span class='ocrx_word' id='word_1_496' title='bbox 2034 3499 2286 3547; x_wconf 78' lang='lat' dir='ltr'><strong>vid.etiam</strong></span> <span class='ocrx_word' id='word_1_497' title='bbox 2326 3502 2380 3548; x_wconf 90' lang='lat' dir='ltr'><strong>L.</strong></span> <span class='ocrx_word' id='word_1_498' title='bbox 2403 3502 2501 3558; x_wconf 77' lang='lat' dir='ltr'><strong>1.s</strong></span> <span class='ocrx_word' id='word_1_499' title='bbox 2522 3498 2601 3547; x_wconf 88' lang='grc'><strong>18.</strong></span> <span class='ocrx_word' id='word_1_500' title='bbox 2628 3502 2680 3547; x_wconf 87' lang='lat' dir='ltr'><strong>D.</strong></span> <span class='ocrx_word' id='word_1_501' title='bbox 2703 3501 2770 3548; x_wconf 84' lang='lat' dir='ltr'><strong>de</strong></span> <span class='ocrx_word' id='word_1_502' title='bbox 2792 3503 2887 3546; x_wconf 79' lang='lat' dir='ltr'><strong>tut.</strong></span> <span class='ocrx_word' id='word_1_503' title='bbox 2916 3501 2973 3545; x_wconf 78' lang='lat' dir='ltr'><strong>et</strong></span> <span class='ocrx_word' id='word_1_504' title='bbox 2991 3500 3103 3543; x_wconf 71' lang='lat' dir='ltr'><strong>rae.</strong></span> <span class='ocrx_word' id='word_1_505' title='bbox 3144 3492 3285 3540; x_wconf 67' lang='lat' dir='ltr'><strong>amr.</strong></span> 
     </span>
     <span class='ocr_line' id='line_1_36' title="bbox 495 3555 3285 3616; baseline -0.001 -14"><span class='ocrx_word' id='word_1_506' title='bbox 495 3568 546 3613; x_wconf 87' lang='lat' dir='ltr'><strong>p.</strong></span> <span class='ocrx_word' id='word_1_507' title='bbox 567 3555 986 3616; x_wconf 77' lang='lat' dir='ltr'><strong>1555.).-Noodt</strong></span> <span class='ocrx_word' id='word_1_508' title='bbox 1004 3565 1065 3608; x_wconf 84' lang='lat' dir='ltr'><strong>ad</strong></span> <span class='ocrx_word' id='word_1_509' title='bbox 1089 3562 1236 3609; x_wconf 83' lang='lat' dir='ltr'><strong>Pand.</strong></span> <span class='ocrx_word' id='word_1_510' title='bbox 1258 3564 1332 3607; x_wconf 87' lang='lat' dir='ltr'><strong>tit.</strong></span> <span class='ocrx_word' id='word_1_511' title='bbox 1357 3563 1419 3607; x_wconf 81' lang='lat' dir='ltr'><strong>dc</strong></span> <span class='ocrx_word' id='word_1_512' title='bbox 1438 3566 1569 3608; x_wconf 85' lang='lat' dir='ltr'><strong>auct.</strong></span> <span class='ocrx_word' id='word_1_513' title='bbox 1596 3568 1688 3609; x_wconf 92' lang='lat' dir='ltr'><strong>tut.</strong></span> <span class='ocrx_word' id='word_1_514' title='bbox 1714 3563 1739 3616; x_wconf 73' lang='lat' dir='ltr'>S</span> <span class='ocrx_word' id='word_1_515' title='bbox 1762 3561 1861 3608; x_wconf 77' lang='lat' dir='ltr'><strong>sed</strong></span> <span class='ocrx_word' id='word_1_516' title='bbox 1920 3561 2037 3605; x_wconf 90' lang='lat' dir='ltr'><strong>——L.</strong></span> <span class='ocrx_word' id='word_1_517' title='bbox 2062 3558 2142 3607; x_wconf 78' lang='lat'><strong>25.</strong></span> <span class='ocrx_word' id='word_1_518' title='bbox 2166 3564 2220 3607; x_wconf 82' lang='lat' dir='ltr'><strong>D.</strong></span> <span class='ocrx_word' id='word_1_519' title='bbox 2244 3562 2314 3609; x_wconf 79' lang='lat' dir='ltr'><strong>de</strong></span> <span class='ocrx_word' id='word_1_520' title='bbox 2335 3562 2478 3609; x_wconf 83' lang='lat' dir='ltr'><strong>adm.</strong></span> <span class='ocrx_word' id='word_1_521' title='bbox 2504 3565 2600 3607; x_wconf 80' lang='lat' dir='ltr'><strong>tul.</strong></span> <span class='ocrx_word' id='word_1_522' title='bbox 2639 3587 2695 3596; x_wconf 93' lang='lat'><strong>--</strong></span> <span class='ocrx_word' id='word_1_523' title='bbox 2738 3564 2788 3608; x_wconf 87' lang='lat'><strong>1..</strong></span> <span class='ocrx_word' id='word_1_524' title='bbox 2812 3560 2892 3608; x_wconf 77' lang='lat'><strong>20.</strong></span> <span class='ocrx_word' id='word_1_525' title='bbox 2917 3562 2968 3606; x_wconf 90' lang='lat' dir='ltr'><strong>in</strong></span> <span class='ocrx_word' id='word_1_526' title='bbox 2995 3563 3034 3606; x_wconf 77' lang='lat' dir='ltr'><strong>f.</strong></span> <span class='ocrx_word' id='word_1_527' title='bbox 3060 3561 3114 3604; x_wconf 90' lang='lat' dir='ltr'><strong>L.</strong></span> <span class='ocrx_word' id='word_1_528' title='bbox 3137 3555 3217 3603; x_wconf 76' lang='lat'><strong>21.</strong></span> <span class='ocrx_word' id='word_1_529' title='bbox 3239 3556 3285 3600; x_wconf 91' lang='grc'><strong>0.</strong></span> 
     </span>
     <span class='ocr_line' id='line_1_37' title="bbox 495 3615 3288 3678; baseline -0 -13"><span class='ocrx_word' id='word_1_530' title='bbox 495 3624 1023 3676; x_wconf 72' lang='lat' dir='ltr'><strong>apparet.—Pouaier</strong></span> <span class='ocrx_word' id='word_1_531' title='bbox 1037 3627 1192 3671; x_wconf 81' lang='lat' dir='ltr'><strong>Pand.</strong></span> <span class='ocrx_word' id='word_1_532' title='bbox 1214 3625 1237 3669; x_wconf 85' lang='lat' dir='ltr'>J</span> <span class='ocrx_word' id='word_1_533' title='bbox 1246 3624 1506 3670; x_wconf 84' lang='lat' dir='ltr'><strong>ustin.Tit.</strong></span> <span class='ocrx_word' id='word_1_534' title='bbox 1527 3625 1586 3669; x_wconf 85' lang='lat' dir='ltr'><strong>de</strong></span> <span class='ocrx_word' id='word_1_535' title='bbox 1607 3629 1737 3669; x_wconf 85' lang='lat' dir='ltr'><strong>auct.</strong></span> <span class='ocrx_word' id='word_1_536' title='bbox 1760 3629 1855 3670; x_wconf 88' lang='lat' dir='ltr'><strong>tut.</strong></span> <span class='ocrx_word' id='word_1_537' title='bbox 1919 3623 1986 3669; x_wconf 85' lang='lat' dir='ltr'><strong>de</strong></span> <span class='ocrx_word' id='word_1_538' title='bbox 2003 3625 2098 3669; x_wconf 79' lang='lat' dir='ltr'><strong>tut.</strong></span> <span class='ocrx_word' id='word_1_539' title='bbox 2118 3628 2172 3671; x_wconf 80' lang='lat' dir='ltr'><strong>et</strong></span> <span class='ocrx_word' id='word_1_540' title='bbox 2197 3629 2301 3671; x_wconf 77' lang='lat' dir='ltr'><strong>rae.</strong></span> <span class='ocrx_word' id='word_1_541' title='bbox 2315 3624 2591 3678; x_wconf 60' lang='lat' dir='ltr'><strong>distin—L.</strong></span> <span class='ocrx_word' id='word_1_542' title='bbox 2613 3622 2694 3671; x_wconf 90' lang='grc'><strong>76.</strong></span> <span class='ocrx_word' id='word_1_543' title='bbox 2716 3625 2850 3671; x_wconf 82' lang='lat' dir='ltr'><strong>D.de</strong></span> <span class='ocrx_word' id='word_1_544' title='bbox 2871 3615 3288 3677; x_wconf 75' lang='lat' dir='ltr'><strong>solut.(xt.v1.3.)</strong></span> 
     </span>
     <span class='ocr_line' id='line_1_38' title="bbox 496 3679 3286 3744; baseline 0.002 -18"><span class='ocrx_word' id='word_1_545' title='bbox 496 3692 573 3726; x_wconf 84' lang='lat' dir='ltr'><strong>nr.</strong></span> <span class='ocrx_word' id='word_1_546' title='bbox 602 3683 655 3729; x_wconf 87' lang='lat' dir='ltr'><strong>V.</strong></span> <span class='ocrx_word' id='word_1_547' title='bbox 683 3689 785 3730; x_wconf 89' lang='lat' dir='ltr'><strong>not.</strong></span> <span class='ocrx_word' id='word_1_548' title='bbox 812 3684 861 3729; x_wconf 84' lang='lat' dir='ltr'><strong>b.</strong></span> <span class='ocrx_word' id='word_1_549' title='bbox 882 3698 926 3732; x_wconf 87' lang='lat' dir='ltr'><strong>c.</strong></span> <span class='ocrx_word' id='word_1_550' title='bbox 959 3711 1015 3720; x_wconf 89' lang='lat'><strong>—-—</strong></span> <span class='ocrx_word' id='word_1_551' title='bbox 1041 3687 1199 3734; x_wconf 73' lang='lat' dir='ltr'><strong>Glz&#39;lck</strong></span> <span class='ocrx_word' id='word_1_552' title='bbox 1220 3688 1253 3731; x_wconf 86' lang='lat' dir='ltr'><strong>i.</strong></span> <span class='ocrx_word' id='word_1_553' title='bbox 1279 3689 1312 3733; x_wconf 91' lang='grc' dir='ltr'><strong>Ι.</strong></span> <span class='ocrx_word' id='word_1_554' title='bbox 1336 3698 1385 3744; x_wconf 91' lang='lat' dir='ltr'><strong>p.</strong></span> <span class='ocrx_word' id='word_1_555' title='bbox 1407 3683 1855 3735; x_wconf 68' lang='lat' dir='ltr'><strong>184-191.-12u-</strong></span> <span class='ocrx_word' id='word_1_556' title='bbox 1919 3710 1981 3720; x_wconf 84' lang='lat'><strong>--</strong></span> <span class='ocrx_word' id='word_1_557' title='bbox 2005 3685 2054 3730; x_wconf 86' lang='lat' dir='ltr'><strong>L.</strong></span> <span class='ocrx_word' id='word_1_558' title='bbox 2078 3684 2125 3732; x_wconf 91' lang='grc'><strong>1.</strong></span> <span class='ocrx_word' id='word_1_559' title='bbox 2147 3687 2197 3733; x_wconf 75' lang='lat'><strong>2.</strong></span> <span class='ocrx_word' id='word_1_560' title='bbox 2224 3688 2279 3732; x_wconf 88' lang='lat' dir='ltr'><strong>C.</strong></span> <span class='ocrx_word' id='word_1_561' title='bbox 2317 3686 2385 3733; x_wconf 78' lang='lat' dir='ltr'><strong>de</strong></span> <span class='ocrx_word' id='word_1_562' title='bbox 2419 3688 2732 3743; x_wconf 61' lang='lat' dir='ltr'><strong>contr-..ruah</strong></span> <span class='ocrx_word' id='word_1_563' title='bbox 2758 3691 2859 3734; x_wconf 79' lang='lat' dir='ltr'><strong>tut.</strong></span> <span class='ocrx_word' id='word_1_564' title='bbox 2887 3684 2983 3743; x_wconf 81' lang='lat' dir='ltr'><strong>(v,</strong></span> <span class='ocrx_word' id='word_1_565' title='bbox 2998 3683 3084 3731; x_wconf 85' lang='grc'><strong>58.</strong></span> <span class='ocrx_word' id='word_1_566' title='bbox 3108 3685 3201 3731; x_wconf 84' lang='grc'><strong>)--</strong></span> <span class='ocrx_word' id='word_1_567' title='bbox 3219 3679 3286 3724; x_wconf 74' lang='lat' dir='ltr'><strong>Cf·</strong></span> 
     </span>
     <span class='ocr_line' id='line_1_39' title="bbox 497 3740 3285 3807; baseline 0.003 -17"><span class='ocrx_word' id='word_1_568' title='bbox 497 3741 719 3798; x_wconf 76' lang='lat' dir='ltr'><strong>dorffil.</strong></span> <span class='ocrx_word' id='word_1_569' title='bbox 744 3760 792 3803; x_wconf 87' lang='lat' dir='ltr'><strong>p.</strong></span> <span class='ocrx_word' id='word_1_570' title='bbox 813 3746 908 3793; x_wconf 71' lang='lat'><strong>302</strong></span> <span class='ocrx_word' id='word_1_571' title='bbox 927 3761 1035 3807; x_wconf 83' lang='lat' dir='ltr'><strong>sqq.</strong></span> <span class='ocrx_word' id='word_1_572' title='bbox 1059 3751 1161 3805; x_wconf 70' lang='grc' dir='ltr'><strong>(Νι.</strong></span> <span class='ocrx_word' id='word_1_573' title='bbox 1185 3750 1255 3805; x_wconf 85' lang='grc' dir='ltr'><strong>Β.)</strong></span> <span class='ocrx_word' id='word_1_574' title='bbox 1918 3748 2171 3796; x_wconf 76' lang='lat' dir='ltr'><strong>Auctoris</strong></span> <span class='ocrx_word' id='word_1_575' title='bbox 2192 3748 2388 3795; x_wconf 81' lang='lat' dir='ltr'><strong>Cession</strong></span> <span class='ocrx_word' id='word_1_576' title='bbox 2409 3751 2435 3806; x_wconf 81' lang='grc' dir='ltr'><strong>ς</strong></span> <span class='ocrx_word' id='word_1_577' title='bbox 2454 3746 2534 3796; x_wconf 81' lang='grc'><strong>39.</strong></span> <span class='ocrx_word' id='word_1_578' title='bbox 2557 3761 2634 3795; x_wconf 85' lang='lat' dir='ltr'><strong>nr.</strong></span> <span class='ocrx_word' id='word_1_579' title='bbox 2660 3750 2740 3797; x_wconf 82' lang='lat' dir='ltr'><strong>itt.</strong></span> <span class='ocrx_word' id='word_1_580' title='bbox 2763 3762 2813 3807; x_wconf 91' lang='lat' dir='ltr'><strong>p.</strong></span> <span class='ocrx_word' id='word_1_581' title='bbox 2836 3746 2929 3795; x_wconf 70' lang='lat'><strong>⁴⁴5</strong></span> <span class='ocrx_word' id='word_1_582' title='bbox 2952 3744 3088 3805; x_wconf 82' lang='lat' dir='ltr'><strong>sqq.)</strong></span> <span class='ocrx_word' id='word_1_583' title='bbox 3109 3750 3160 3789; x_wconf 88' lang='lat' dir='ltr'><strong>et</strong></span> <span class='ocrx_word' id='word_1_584' title='bbox 3178 3740 3285 3797; x_wconf 64' lang='lat'><strong>§4⁴-</strong></span> 
     </span>
    </p>
   </div>
   <div class='ocr_carea' id='block_1_12' title="bbox 476 3802 3287 4303">
    <p class='ocr_par' dir='ltr' id='par_1_12' title="bbox 476 3802 3287 4303">
     <span class='ocr_line' id='line_1_40' title="bbox 560 3802 3285 3868; baseline 0 -17"><span class='ocrx_word' id='word_1_585' title='bbox 560 3802 610 3863; x_wconf 80' lang='grc'><strong>5)</strong></span> <span class='ocrx_word' id='word_1_586' title='bbox 633 3808 683 3853; x_wconf 90' lang='lat' dir='ltr'><strong>L.</strong></span> <span class='ocrx_word' id='word_1_587' title='bbox 708 3806 785 3856; x_wconf 75' lang='lat'><strong>1⁴.</strong></span> <span class='ocrx_word' id='word_1_588' title='bbox 811 3809 980 3864; x_wconf 52' lang='lat'><strong>8151).</strong></span> <span class='ocrx_word' id='word_1_589' title='bbox 1003 3812 1072 3858; x_wconf 81' lang='lat' dir='ltr'><strong>de</strong></span> <span class='ocrx_word' id='word_1_590' title='bbox 1091 3814 1248 3859; x_wconf 72' lang='lat' dir='ltr'><strong>solut.</strong></span> <span class='ocrx_word' id='word_1_591' title='bbox 1920 3823 1967 3867; x_wconf 91' lang='lat' dir='ltr'><strong>p.</strong></span> <span class='ocrx_word' id='word_1_592' title='bbox 1989 3807 2087 3856; x_wconf 75' lang='lat'><strong>47⁴</strong></span> <span class='ocrx_word' id='word_1_593' title='bbox 2109 3822 2182 3868; x_wconf 82' lang='lat' dir='ltr'><strong>sq.</strong></span> <span class='ocrx_word' id='word_1_594' title='bbox 2207 3822 2283 3855; x_wconf 85' lang='lat' dir='ltr'><strong>nr.</strong></span> <span class='ocrx_word' id='word_1_595' title='bbox 2302 3808 2725 3865; x_wconf 79' lang='lat' dir='ltr'><strong>8.(ed.3.).—Vid.</strong></span> <span class='ocrx_word' id='word_1_596' title='bbox 2746 3817 2795 3859; x_wconf 85' lang='lat' dir='ltr'><strong>et</strong></span> <span class='ocrx_word' id='word_1_597' title='bbox 2816 3808 3072 3864; x_wconf 75' lang='lat' dir='ltr'><strong>Lindelol‘</strong></span> <span class='ocrx_word' id='word_1_598' title='bbox 3089 3808 3141 3854; x_wconf 87' lang='lat' dir='ltr'><strong>in</strong></span> <span class='ocrx_word' id='word_1_599' title='bbox 3153 3803 3285 3853; x_wconf 70' lang='lat' dir='ltr'><strong>Arch-</strong></span> 
     </span>
     <span class='ocr_line' id='line_1_41' title="bbox 558 3866 2485 3928; baseline 0.002 -14"><span class='ocrx_word' id='word_1_600' title='bbox 558 3866 606 3924; x_wconf 84' lang='grc'><strong>6)</strong></span> <span class='ocrx_word' id='word_1_601' title='bbox 632 3870 683 3915; x_wconf 88' lang='lat' dir='ltr'><strong>L.</strong></span> <span class='ocrx_word' id='word_1_602' title='bbox 706 3872 754 3916; x_wconf 81' lang='grc'><strong>3.</strong></span> <span class='ocrx_word' id='word_1_603' title='bbox 776 3876 803 3928; x_wconf 74' lang='grc' dir='ltr'><strong><em>ς</em></strong></span> <span class='ocrx_word' id='word_1_604' title='bbox 822 3870 870 3917; x_wconf 73' lang='lat'><strong>2.</strong></span> <span class='ocrx_word' id='word_1_605' title='bbox 896 3874 948 3919; x_wconf 93' lang='lat' dir='ltr'><strong>D.</strong></span> <span class='ocrx_word' id='word_1_606' title='bbox 972 3874 1041 3920; x_wconf 81' lang='lat' dir='ltr'><strong>de</strong></span> <span class='ocrx_word' id='word_1_607' title='bbox 1058 3874 1200 3920; x_wconf 79' lang='lat' dir='ltr'><strong>adm.</strong></span> <span class='ocrx_word' id='word_1_608' title='bbox 1229 3875 1393 3919; x_wconf 76' lang='lat' dir='ltr'><strong>tut.—-</strong></span> <span class='ocrx_word' id='word_1_609' title='bbox 1418 3874 1471 3918; x_wconf 90' lang='lat' dir='ltr'><strong>L.</strong></span> <span class='ocrx_word' id='word_1_610' title='bbox 1490 3870 1572 3920; x_wconf 79' lang='lat'><strong>60.</strong></span> <span class='ocrx_word' id='word_1_611' title='bbox 1591 3874 1617 3927; x_wconf 77' lang='lat' dir='ltr'>S</span> <span class='ocrx_word' id='word_1_612' title='bbox 1634 3870 1680 3919; x_wconf 73' lang='lat'><strong>2.</strong></span> <span class='ocrx_word' id='word_1_613' title='bbox 1708 3873 1762 3920; x_wconf 88' lang='lat' dir='ltr'><strong>D.</strong></span> <span class='ocrx_word' id='word_1_614' title='bbox 1789 3872 1857 3920; x_wconf 82' lang='lat' dir='ltr'><strong>de</strong></span> <span class='ocrx_word' id='word_1_615' title='bbox 1919 3874 1961 3919; x_wconf 72' lang='grc'><strong>1.</strong></span> <span class='ocrx_word' id='word_1_616' title='bbox 1983 3876 2076 3918; x_wconf 85' lang='lat' dir='ltr'><strong>civ.</strong></span> <span class='ocrx_word' id='word_1_617' title='bbox 2100 3874 2180 3918; x_wconf 86' lang='lat' dir='ltr'><strong>Pr.</strong></span> <span class='ocrx_word' id='word_1_618' title='bbox 2202 3874 2307 3919; x_wconf 83' lang='lat' dir='ltr'><strong>vn.</strong></span> <span class='ocrx_word' id='word_1_619' title='bbox 2335 3885 2411 3919; x_wconf 91' lang='lat' dir='ltr'><strong>nr.</strong></span> <span class='ocrx_word' id='word_1_620' title='bbox 2437 3870 2485 3918; x_wconf 90' lang='grc'><strong>6.</strong></span> 
     </span>
     <span class='ocr_line' id='line_1_42' title="bbox 476 3926 3283 3991; baseline 0 -15"><span class='ocrx_word' id='word_1_621' title='bbox 476 3931 559 3976; x_wconf 81' lang='lat' dir='ltr'><strong>·R.</strong></span> <span class='ocrx_word' id='word_1_622' title='bbox 582 3933 644 3977; x_wconf 84' lang='grc' dir='ltr'><strong>Ν.</strong></span> <span class='ocrx_word' id='word_1_623' title='bbox 671 3932 855 3989; x_wconf 78' lang='lat' dir='ltr'><strong>(xxiii.</strong></span> <span class='ocrx_word' id='word_1_624' title='bbox 875 3936 940 3991; x_wconf 80' lang='lat'><strong>2.)</strong></span> <span class='ocrx_word' id='word_1_625' title='bbox 1987 3933 2035 3991; x_wconf 88' lang='lat'><strong>5)</strong></span> <span class='ocrx_word' id='word_1_626' title='bbox 2071 3936 2124 3980; x_wconf 93' lang='lat' dir='ltr'><strong>L.</strong></span> <span class='ocrx_word' id='word_1_627' title='bbox 2150 3935 2197 3980; x_wconf 91' lang='grc'><strong>1.</strong></span> <span class='ocrx_word' id='word_1_628' title='bbox 2220 3933 2346 3988; x_wconf 69' lang='grc'><strong>314.</strong></span> <span class='ocrx_word' id='word_1_629' title='bbox 2383 3936 2437 3980; x_wconf 88' lang='lat' dir='ltr'><strong>D.</strong></span> <span class='ocrx_word' id='word_1_630' title='bbox 2460 3936 2528 3981; x_wconf 77' lang='lat' dir='ltr'><strong>de</strong></span> <span class='ocrx_word' id='word_1_631' title='bbox 2568 3937 2667 3982; x_wconf 80' lang='lat' dir='ltr'><strong>eut.</strong></span> <span class='ocrx_word' id='word_1_632' title='bbox 2712 3939 2766 3983; x_wconf 75' lang='lat' dir='ltr'><strong>et</strong></span> <span class='ocrx_word' id='word_1_633' title='bbox 2806 3938 2908 3983; x_wconf 73' lang='lat' dir='ltr'><strong>rat.</strong></span> <span class='ocrx_word' id='word_1_634' title='bbox 2952 3935 3113 3981; x_wconf 70' lang='lat' dir='ltr'><strong>distr.</strong></span> <span class='ocrx_word' id='word_1_635' title='bbox 3137 3926 3283 3976; x_wconf 74' lang='lat' dir='ltr'>-Cf-</span> 
     </span>
     <span class='ocr_line' id='line_1_43' title="bbox 560 3990 3112 4056; baseline 0.003 -19"><span class='ocrx_word' id='word_1_636' title='bbox 560 3990 609 4049; x_wconf 83' lang='grc'><strong>7)</strong></span> <span class='ocrx_word' id='word_1_637' title='bbox 634 3995 684 4039; x_wconf 91' lang='lat' dir='ltr'><strong>L.</strong></span> <span class='ocrx_word' id='word_1_638' title='bbox 712 3995 788 4042; x_wconf 78' lang='grc'><strong>14.</strong></span> <span class='ocrx_word' id='word_1_639' title='bbox 823 4000 850 4052; x_wconf 74' lang='grc' dir='ltr'><strong><em>ς</em></strong></span> <span class='ocrx_word' id='word_1_640' title='bbox 874 3998 920 4042; x_wconf 94' lang='grc'><strong>1.</strong></span> <span class='ocrx_word' id='word_1_641' title='bbox 945 4003 995 4043; x_wconf 84' lang='lat' dir='ltr'><strong>et</strong></span> <span class='ocrx_word' id='word_1_642' title='bbox 1014 3994 1063 4043; x_wconf 94' lang='grc'><strong>6.</strong></span> <span class='ocrx_word' id='word_1_643' title='bbox 1089 3998 1147 4042; x_wconf 93' lang='lat' dir='ltr'><strong>D.</strong></span> <span class='ocrx_word' id='word_1_644' title='bbox 1166 3996 1233 4043; x_wconf 79' lang='lat' dir='ltr'><strong>de</strong></span> <span class='ocrx_word' id='word_1_645' title='bbox 1254 3996 1413 4042; x_wconf 80' lang='lat' dir='ltr'><strong>solue.</strong></span> <span class='ocrx_word' id='word_1_646' title='bbox 1448 4019 1507 4027; x_wconf 92' lang='lat'><strong>—-</strong></span> <span class='ocrx_word' id='word_1_647' title='bbox 1542 3996 1594 4042; x_wconf 94' lang='lat' dir='ltr'><strong>L.</strong></span> <span class='ocrx_word' id='word_1_648' title='bbox 1620 3996 1667 4041; x_wconf 93' lang='grc'><strong>1.</strong></span> <span class='ocrx_word' id='word_1_649' title='bbox 1702 3997 1756 4042; x_wconf 87' lang='lat' dir='ltr'><strong>C.</strong></span> <span class='ocrx_word' id='word_1_650' title='bbox 1793 3996 1862 4043; x_wconf 79' lang='lat' dir='ltr'><strong>de</strong></span> <span class='ocrx_word' id='word_1_651' title='bbox 1923 3998 2099 4044; x_wconf 75' lang='lat' dir='ltr'><strong>Loeln·</strong></span> <span class='ocrx_word' id='word_1_652' title='bbox 2121 3995 2296 4042; x_wconf 76' lang='lat' dir='ltr'><strong>Archiv</strong></span> <span class='ocrx_word' id='word_1_653' title='bbox 2318 3997 2357 4044; x_wconf 62' lang='lat' dir='ltr'><strong>ti.</strong></span> <span class='ocrx_word' id='word_1_654' title='bbox 2379 3998 2470 4042; x_wconf 84' lang='lat' dir='ltr'><strong>civ.</strong></span> <span class='ocrx_word' id='word_1_655' title='bbox 2492 3997 2663 4045; x_wconf 77' lang='lat' dir='ltr'><strong>Praxis</strong></span> <span class='ocrx_word' id='word_1_656' title='bbox 2681 4000 2784 4045; x_wconf 74' lang='lat'><strong>111.</strong></span> <span class='ocrx_word' id='word_1_657' title='bbox 2807 4011 2856 4056; x_wconf 90' lang='lat' dir='ltr'><strong>p.</strong></span> <span class='ocrx_word' id='word_1_658' title='bbox 2881 3996 2962 4044; x_wconf 64' lang='lat'><strong>20.</strong></span> <span class='ocrx_word' id='word_1_659' title='bbox 3100 3993 3112 4001; x_wconf 66' lang='lat'>⁸</span> 
     </span>
     <span class='ocr_line' id='line_1_44' title="bbox 493 4054 3281 4118; baseline -0.001 -19"><span class='ocrx_word' id='word_1_660' title='bbox 493 4055 661 4109; x_wconf 67' lang='lat' dir='ltr'><strong>peric.</strong></span> <span class='ocrx_word' id='word_1_661' title='bbox 686 4059 781 4105; x_wconf 81' lang='lat' dir='ltr'><strong>tut.</strong></span> <span class='ocrx_word' id='word_1_662' title='bbox 805 4064 862 4105; x_wconf 84' lang='lat' dir='ltr'><strong>et</strong></span> <span class='ocrx_word' id='word_1_663' title='bbox 877 4071 995 4107; x_wconf 77' lang='lat' dir='ltr'><strong>cur.</strong></span> <span class='ocrx_word' id='word_1_664' title='bbox 1022 4060 1099 4118; x_wconf 76' lang='lat' dir='ltr'><strong>(V,</strong></span> <span class='ocrx_word' id='word_1_665' title='bbox 1120 4057 1223 4117; x_wconf 87' lang='grc'><strong>38.)</strong></span> <span class='ocrx_word' id='word_1_666' title='bbox 1243 4084 1304 4092; x_wconf 90' lang='grc'>-</span> <span class='ocrx_word' id='word_1_667' title='bbox 1328 4058 1489 4105; x_wconf 70' lang='grc' dir='ltr'><strong><em>θιᾶοΙε</em></strong></span> <span class='ocrx_word' id='word_1_668' title='bbox 1510 4059 1546 4104; x_wconf 93' lang='grc' dir='ltr'><strong>Ι.</strong></span> <span class='ocrx_word' id='word_1_669' title='bbox 1571 4060 1604 4104; x_wconf 87' lang='lat' dir='ltr'><strong>i.</strong></span> <span class='ocrx_word' id='word_1_670' title='bbox 1631 4070 1681 4115; x_wconf 88' lang='lat' dir='ltr'><strong>p.</strong></span> <span class='ocrx_word' id='word_1_671' title='bbox 1704 4057 1858 4106; x_wconf 84' lang='grc'><strong>191-</strong></span> <span class='ocrx_word' id='word_1_672' title='bbox 1985 4057 2033 4117; x_wconf 90' lang='grc'><strong>6)</strong></span> <span class='ocrx_word' id='word_1_673' title='bbox 2066 4060 2119 4105; x_wconf 92' lang='lat' dir='ltr'><strong>L.</strong></span> <span class='ocrx_word' id='word_1_674' title='bbox 2140 4058 2218 4105; x_wconf 88' lang='grc'><strong>51.</strong></span> <span class='ocrx_word' id='word_1_675' title='bbox 2245 4060 2300 4105; x_wconf 91' lang='lat' dir='ltr'><strong>D.</strong></span> <span class='ocrx_word' id='word_1_676' title='bbox 2323 4059 2393 4107; x_wconf 80' lang='lat' dir='ltr'><strong>de</strong></span> <span class='ocrx_word' id='word_1_677' title='bbox 2406 4059 2549 4108; x_wconf 84' lang='lat' dir='ltr'><strong>adm.</strong></span> <span class='ocrx_word' id='word_1_678' title='bbox 2574 4063 2673 4107; x_wconf 75' lang='lat' dir='ltr'><strong>tut.</strong></span> <span class='ocrx_word' id='word_1_679' title='bbox 2696 4085 2753 4093; x_wconf 92' lang='lat'><em>-</em></span> <span class='ocrx_word' id='word_1_680' title='bbox 2777 4061 2826 4106; x_wconf 84' lang='lat' dir='ltr'><strong>t..</strong></span> <span class='ocrx_word' id='word_1_681' title='bbox 2863 4059 2907 4107; x_wconf 90' lang='grc'><strong>1.</strong></span> <span class='ocrx_word' id='word_1_682' title='bbox 2932 4061 2959 4114; x_wconf 79' lang='lat' dir='ltr'><strong>S</strong></span> <span class='ocrx_word' id='word_1_683' title='bbox 2980 4058 3032 4105; x_wconf 72' lang='lat'><strong>2.</strong></span> <span class='ocrx_word' id='word_1_684' title='bbox 3078 4056 3129 4103; x_wconf 84' lang='lat' dir='ltr'><strong>in</strong></span> <span class='ocrx_word' id='word_1_685' title='bbox 3171 4055 3206 4100; x_wconf 75' lang='lat' dir='ltr'><strong>f.</strong></span> <span class='ocrx_word' id='word_1_686' title='bbox 3233 4054 3281 4097; x_wconf 92' lang='lat' dir='ltr'><strong>D.</strong></span> 
     </span>
     <span class='ocr_line' id='line_1_45' title="bbox 499 4114 3287 4180; baseline -0.001 -17"><span class='ocrx_word' id='word_1_687' title='bbox 499 4114 611 4165; x_wconf 87' lang='grc'><strong>196.</strong></span> <span class='ocrx_word' id='word_1_688' title='bbox 634 4120 728 4176; x_wconf 85' lang='lat' dir='ltr'><strong>(nr.</strong></span> <span class='ocrx_word' id='word_1_689' title='bbox 763 4122 849 4179; x_wconf 83' lang='grc'><strong>3.).</strong></span> <span class='ocrx_word' id='word_1_690' title='bbox 1926 4121 2073 4180; x_wconf 81' lang='lat' dir='ltr'><strong>quod</strong></span> <span class='ocrx_word' id='word_1_691' title='bbox 2087 4119 2230 4175; x_wconf 77' lang='lat' dir='ltr'><strong>falso</strong></span> <span class='ocrx_word' id='word_1_692' title='bbox 2251 4123 2350 4169; x_wconf 79' lang='lat' dir='ltr'><strong>eut.</strong></span> <span class='ocrx_word' id='word_1_693' title='bbox 2374 4125 2517 4168; x_wconf 77' lang='lat' dir='ltr'><strong>auct.</strong></span> <span class='ocrx_word' id='word_1_694' title='bbox 2544 4124 2757 4179; x_wconf 70' lang='lat' dir='ltr'><strong>(xxvii,</strong></span> <span class='ocrx_word' id='word_1_695' title='bbox 2777 4120 2824 4167; x_wconf 90' lang='grc'><strong>6.</strong></span> <span class='ocrx_word' id='word_1_696' title='bbox 2851 4119 2865 4170; x_wconf 93' lang='grc'><strong>)</strong></span> <span class='ocrx_word' id='word_1_697' title='bbox 2891 4146 2946 4154; x_wconf 92' lang='lat'>-</span> <span class='ocrx_word' id='word_1_698' title='bbox 2975 4124 3029 4167; x_wconf 93' lang='lat' dir='ltr'><strong>L.</strong></span> <span class='ocrx_word' id='word_1_699' title='bbox 3049 4117 3130 4164; x_wconf 84' lang='grc'><strong>36.</strong></span> <span class='ocrx_word' id='word_1_700' title='bbox 3157 4114 3287 4164; x_wconf 73' lang='lat' dir='ltr'><strong>D.de</strong></span> 
     </span>
     <span class='ocr_line' id='line_1_46' title="bbox 1928 4179 3141 4236; baseline -0.002 -6"><span class='ocrx_word' id='word_1_701' title='bbox 1928 4186 2071 4231; x_wconf 80' lang='lat' dir='ltr'><strong>adm.</strong></span> <span class='ocrx_word' id='word_1_702' title='bbox 2092 4188 2193 4231; x_wconf 79' lang='lat' dir='ltr'><strong>tut.</strong></span> <span class='ocrx_word' id='word_1_703' title='bbox 2222 4210 2273 4218; x_wconf 91' lang='lat'><em>-</em></span> <span class='ocrx_word' id='word_1_704' title='bbox 2303 4185 2354 4232; x_wconf 88' lang='lat' dir='ltr'><strong>L.</strong></span> <span class='ocrx_word' id='word_1_705' title='bbox 2381 4182 2491 4231; x_wconf 90' lang='grc'><strong>100.</strong></span> <span class='ocrx_word' id='word_1_706' title='bbox 2515 4187 2571 4231; x_wconf 93' lang='lat' dir='ltr'><strong>D.</strong></span> <span class='ocrx_word' id='word_1_707' title='bbox 2593 4184 2663 4231; x_wconf 82' lang='lat' dir='ltr'><strong>de</strong></span> <span class='ocrx_word' id='word_1_708' title='bbox 2682 4185 2838 4231; x_wconf 74' lang='lat' dir='ltr'><strong>solut.</strong></span> <span class='ocrx_word' id='word_1_709' title='bbox 2865 4184 3048 4235; x_wconf 78' lang='lat' dir='ltr'><strong>(vai.</strong></span> <span class='ocrx_word' id='word_1_710' title='bbox 3071 4179 3141 4236; x_wconf 80' lang='grc' dir='ltr'><strong>ὅ.)</strong></span> 
     </span>
     <span class='ocr_line' id='line_1_47' title="bbox 1094 4235 3286 4303; baseline 0 -11"><span class='ocrx_word' id='word_1_711' title='bbox 1094 4246 1120 4300; x_wconf 73' lang='lat' dir='ltr'><strong>s</strong></span> <span class='ocrx_word' id='word_1_712' title='bbox 1152 4242 1266 4293; x_wconf 76' lang='grc'><strong>599.</strong></span> <span class='ocrx_word' id='word_1_713' title='bbox 1990 4245 2039 4303; x_wconf 84' lang='grc'><strong>7)</strong></span> <span class='ocrx_word' id='word_1_714' title='bbox 2072 4246 2124 4292; x_wconf 89' lang='lat'><strong>1..</strong></span> <span class='ocrx_word' id='word_1_715' title='bbox 2166 4244 2245 4293; x_wconf 82' lang='lat'><strong>19.</strong></span> <span class='ocrx_word' id='word_1_716' title='bbox 2292 4243 2446 4293; x_wconf 72' lang='lat' dir='ltr'><strong>t..⁴i.</strong></span> <span class='ocrx_word' id='word_1_717' title='bbox 2470 4248 2524 4292; x_wconf 87' lang='grc' dir='ltr'><strong>υ.</strong></span> <span class='ocrx_word' id='word_1_718' title='bbox 2562 4244 2629 4291; x_wconf 77' lang='lat' dir='ltr'><strong>de</strong></span> <span class='ocrx_word' id='word_1_719' title='bbox 2651 4247 2794 4292; x_wconf 71' lang='lat' dir='ltr'><strong>adm.</strong></span> <span class='ocrx_word' id='word_1_720' title='bbox 2839 4248 2944 4291; x_wconf 78' lang='lat' dir='ltr'><strong>tue.</strong></span> <span class='ocrx_word' id='word_1_721' title='bbox 2967 4270 3022 4278; x_wconf 91' lang='lat'>-</span> <span class='ocrx_word' id='word_1_722' title='bbox 3050 4245 3102 4288; x_wconf 82' lang='grc' dir='ltr'><strong>ι..</strong></span> <span class='ocrx_word' id='word_1_723' title='bbox 3123 4235 3286 4293; x_wconf 68' lang='lat'>251¹·</span> 
     </span>
    </p>
   </div>
   <div class='ocr_carea' id='block_1_13' title="bbox 494 4299 3289 4933">
    <p class='ocr_par' dir='ltr' id='par_1_13' title="bbox 494 4299 3289 4933">
     <span class='ocr_line' id='line_1_48' title="bbox 1928 4299 3284 4365; baseline -0.007 -11"><span class='ocrx_word' id='word_1_724' title='bbox 1928 4307 2234 4356; x_wconf 74' lang='lat' dir='ltr'><strong>divisionem</strong></span> <span class='ocrx_word' id='word_1_725' title='bbox 2258 4312 2311 4357; x_wconf 89' lang='lat' dir='ltr'><strong>C.</strong></span> <span class='ocrx_word' id='word_1_726' title='bbox 2335 4308 2404 4356; x_wconf 79' lang='lat' dir='ltr'><strong>de</strong></span> <span class='ocrx_word' id='word_1_727' title='bbox 2424 4309 2535 4356; x_wconf 82' lang='lat' dir='ltr'><strong>div.</strong></span> <span class='ocrx_word' id='word_1_728' title='bbox 2559 4311 2660 4354; x_wconf 80' lang='lat' dir='ltr'><strong>tut.</strong></span> <span class='ocrx_word' id='word_1_729' title='bbox 2686 4311 2766 4365; x_wconf 65' lang='grc' dir='ltr'><strong>Ν,</strong></span> <span class='ocrx_word' id='word_1_730' title='bbox 2786 4305 2888 4365; x_wconf 78' lang='lat'><strong>52.)</strong></span> <span class='ocrx_word' id='word_1_731' title='bbox 2910 4332 2975 4341; x_wconf 93' lang='lat'><strong>—</strong></span> <span class='ocrx_word' id='word_1_732' title='bbox 2993 4307 3198 4354; x_wconf 77' lang='lat' dir='ltr'><strong>Dissent.</strong></span> <span class='ocrx_word' id='word_1_733' title='bbox 3218 4299 3284 4345; x_wconf 73' lang='lat' dir='ltr'><strong>de</strong></span> 
     </span>
     <span class='ocr_line' id='line_1_49' title="bbox 561 4364 3281 4428; baseline 0.002 -16"><span class='ocrx_word' id='word_1_734' title='bbox 561 4368 607 4423; x_wconf 93' lang='grc'><strong>1)</strong></span> <span class='ocrx_word' id='word_1_735' title='bbox 649 4369 700 4414; x_wconf 89' lang='lat' dir='ltr'><strong>L.</strong></span> <span class='ocrx_word' id='word_1_736' title='bbox 724 4365 802 4415; x_wconf 56' lang='lat'><strong>25.</strong></span> <span class='ocrx_word' id='word_1_737' title='bbox 839 4371 865 4424; x_wconf 74' lang='grc' dir='ltr'><strong><em>ς</em></strong></span> <span class='ocrx_word' id='word_1_738' title='bbox 888 4371 935 4416; x_wconf 88' lang='grc'><strong>1.</strong></span> <span class='ocrx_word' id='word_1_739' title='bbox 973 4370 1029 4415; x_wconf 92' lang='lat' dir='ltr'><strong>D.</strong></span> <span class='ocrx_word' id='word_1_740' title='bbox 1067 4367 1134 4416; x_wconf 81' lang='lat' dir='ltr'><strong>de</strong></span> <span class='ocrx_word' id='word_1_741' title='bbox 1153 4368 1291 4416; x_wconf 81' lang='lat' dir='ltr'><strong>adm.</strong></span> <span class='ocrx_word' id='word_1_742' title='bbox 1318 4371 1412 4414; x_wconf 79' lang='lat' dir='ltr'><strong>tut.</strong></span> <span class='ocrx_word' id='word_1_743' title='bbox 1438 4368 1455 4421; x_wconf 87' lang='lat'><strong>(</strong></span> <span class='ocrx_word' id='word_1_744' title='bbox 1478 4369 1620 4413; x_wconf 74' lang='lat' dir='ltr'><strong>xxvi</strong></span> <span class='ocrx_word' id='word_1_745' title='bbox 1643 4402 1658 4424; x_wconf 82' lang='grc'>,</span> <span class='ocrx_word' id='word_1_746' title='bbox 1677 4365 1727 4416; x_wconf 94' lang='grc'><strong>7.</strong></span> <span class='ocrx_word' id='word_1_747' title='bbox 1752 4368 1769 4426; x_wconf 94' lang='grc'><strong>)</strong></span> <span class='ocrx_word' id='word_1_748' title='bbox 1802 4395 1863 4403; x_wconf 87' lang='grc'>-</span> <span class='ocrx_word' id='word_1_749' title='bbox 1925 4370 2271 4422; x_wconf 68' lang='lat' dir='ltr'><strong>Melet-(Arcti.</strong></span> <span class='ocrx_word' id='word_1_750' title='bbox 2296 4374 2334 4420; x_wconf 75' lang='lat' dir='ltr'><strong>f.</strong></span> <span class='ocrx_word' id='word_1_751' title='bbox 2357 4373 2448 4418; x_wconf 78' lang='lat' dir='ltr'><strong>civ.</strong></span> <span class='ocrx_word' id='word_1_752' title='bbox 2471 4372 2550 4418; x_wconf 86' lang='lat' dir='ltr'><strong>Pr.</strong></span> <span class='ocrx_word' id='word_1_753' title='bbox 2582 4371 2679 4416; x_wconf 77' lang='lat' dir='ltr'><strong>xil.</strong></span> <span class='ocrx_word' id='word_1_754' title='bbox 2705 4374 2752 4428; x_wconf 82' lang='lat' dir='ltr'><strong>p&#39;.</strong></span> <span class='ocrx_word' id='word_1_755' title='bbox 2779 4370 2840 4416; x_wconf 83' lang='lat'><strong>15</strong></span> <span class='ocrx_word' id='word_1_756' title='bbox 2864 4382 2972 4428; x_wconf 71' lang='lat' dir='ltr'><strong>sqq.</strong></span> <span class='ocrx_word' id='word_1_757' title='bbox 3012 4381 3027 4424; x_wconf 71' lang='grc' dir='ltr'>ι</span> <span class='ocrx_word' id='word_1_758' title='bbox 3051 4379 3128 4413; x_wconf 88' lang='lat' dir='ltr'><strong>nr.</strong></span> <span class='ocrx_word' id='word_1_759' title='bbox 3151 4364 3199 4412; x_wconf 87' lang='grc'><strong>6.</strong></span> <span class='ocrx_word' id='word_1_760' title='bbox 3222 4377 3236 4420; x_wconf 79' lang='grc'><strong>)</strong></span> <span class='ocrx_word' id='word_1_761' title='bbox 3262 4395 3281 4417; x_wconf 57' lang='lat' dir='ltr'>o</span> 
     </span>
     <span class='ocr_line' id='line_1_50' title="bbox 500 4429 3283 4492; baseline -0 -19"><span class='ocrx_word' id='word_1_762' title='bbox 500 4429 553 4474; x_wconf 90' lang='lat' dir='ltr'><strong>L.</strong></span> <span class='ocrx_word' id='word_1_763' title='bbox 577 4432 665 4476; x_wconf 85' lang='lat' dir='ltr'><strong>uit.</strong></span> <span class='ocrx_word' id='word_1_764' title='bbox 689 4432 741 4477; x_wconf 92' lang='lat' dir='ltr'><strong>C.</strong></span> <span class='ocrx_word' id='word_1_765' title='bbox 765 4432 833 4477; x_wconf 86' lang='lat' dir='ltr'><strong>de</strong></span> <span class='ocrx_word' id='word_1_766' title='bbox 870 4431 1018 4478; x_wconf 74' lang='lat' dir='ltr'><strong>auct.</strong></span> <span class='ocrx_word' id='word_1_767' title='bbox 1037 4432 1239 4487; x_wconf 77' lang='lat' dir='ltr'><strong>praest.</strong></span> <span class='ocrx_word' id='word_1_768' title='bbox 1278 4433 1354 4487; x_wconf 80' lang='lat' dir='ltr'><strong>(V.</strong></span> <span class='ocrx_word' id='word_1_769' title='bbox 1376 4429 1476 4488; x_wconf 89' lang='grc'><strong>59.)</strong></span> <span class='ocrx_word' id='word_1_770' title='bbox 1511 4452 1574 4465; x_wconf 91' lang='lat'><strong>--</strong></span> <span class='ocrx_word' id='word_1_771' title='bbox 1607 4431 1675 4477; x_wconf 83' lang='lat' dir='ltr'><strong>de</strong></span> <span class='ocrx_word' id='word_1_772' title='bbox 1693 4432 1865 4478; x_wconf 73' lang='lat' dir='ltr'><strong>Loehr</strong></span> <span class='ocrx_word' id='word_1_773' title='bbox 1926 4435 2413 4492; x_wconf 78' lang='lat' dir='ltr'><strong>maximeprovocans</strong></span> <span class='ocrx_word' id='word_1_774' title='bbox 2435 4433 2495 4479; x_wconf 85' lang='lat' dir='ltr'><strong>ad</strong></span> <span class='ocrx_word' id='word_1_775' title='bbox 2521 4434 2570 4479; x_wconf 92' lang='lat' dir='ltr'><strong>L.</strong></span> <span class='ocrx_word' id='word_1_776' title='bbox 2600 4431 2679 4478; x_wconf 81' lang='grc'><strong>51.</strong></span> <span class='ocrx_word' id='word_1_777' title='bbox 2703 4436 2758 4480; x_wconf 93' lang='lat' dir='ltr'><strong>D.</strong></span> <span class='ocrx_word' id='word_1_778' title='bbox 2782 4431 2850 4479; x_wconf 81' lang='lat' dir='ltr'><strong>de</strong></span> <span class='ocrx_word' id='word_1_779' title='bbox 2870 4431 3014 4478; x_wconf 76' lang='lat' dir='ltr'><strong>adm.</strong></span> <span class='ocrx_word' id='word_1_780' title='bbox 3041 4433 3164 4479; x_wconf 80' lang='lat' dir='ltr'><strong>tut..</strong></span> <span class='ocrx_word' id='word_1_781' title='bbox 3185 4433 3283 4472; x_wconf 77' lang='lat' dir='ltr'><strong>tum</strong></span> 
     </span>
     <span class='ocr_line' id='line_1_51' title="bbox 494 4492 3289 4553; baseline -0 -16"><span class='ocrx_word' id='word_1_782' title='bbox 494 4492 669 4538; x_wconf 79' lang='lat' dir='ltr'><strong>Archiv</strong></span> <span class='ocrx_word' id='word_1_783' title='bbox 695 4494 729 4538; x_wconf 75' lang='lat' dir='ltr'><strong>t.</strong></span> <span class='ocrx_word' id='word_1_784' title='bbox 757 4496 848 4539; x_wconf 84' lang='lat' dir='ltr'><strong>civ.</strong></span> <span class='ocrx_word' id='word_1_785' title='bbox 884 4496 961 4540; x_wconf 83' lang='lat' dir='ltr'><strong>Pr.</strong></span> <span class='ocrx_word' id='word_1_786' title='bbox 981 4496 1083 4541; x_wconf 74' lang='lat' dir='ltr'><strong>xii.</strong></span> <span class='ocrx_word' id='word_1_787' title='bbox 1110 4507 1157 4553; x_wconf 88' lang='lat' dir='ltr'><strong>p.</strong></span> <span class='ocrx_word' id='word_1_788' title='bbox 1180 4492 1240 4541; x_wconf 83' lang='grc'><strong>13</strong></span> <span class='ocrx_word' id='word_1_789' title='bbox 1260 4506 1368 4552; x_wconf 84' lang='lat' dir='ltr'><strong>sqq.</strong></span> <span class='ocrx_word' id='word_1_790' title='bbox 1395 4496 1490 4550; x_wconf 87' lang='lat' dir='ltr'><strong>(ur.</strong></span> <span class='ocrx_word' id='word_1_791' title='bbox 1512 4494 1664 4553; x_wconf 91' lang='grc'><strong>5.).-</strong></span> <span class='ocrx_word' id='word_1_792' title='bbox 1698 4495 1862 4541; x_wconf 76' lang='lat' dir='ltr'><strong>Gle&#39;e&#39;ck</strong></span> <span class='ocrx_word' id='word_1_793' title='bbox 1926 4507 2043 4541; x_wconf 84' lang='lat' dir='ltr'><strong>vero</strong></span> <span class='ocrx_word' id='word_1_794' title='bbox 2086 4498 2150 4540; x_wconf 76' lang='lat' dir='ltr'><strong>act</strong></span> <span class='ocrx_word' id='word_1_795' title='bbox 2172 4498 2225 4543; x_wconf 89' lang='lat' dir='ltr'><strong>L.</strong></span> <span class='ocrx_word' id='word_1_796' title='bbox 2247 4495 2298 4543; x_wconf 75' lang='lat'><strong>2.</strong></span> <span class='ocrx_word' id='word_1_797' title='bbox 2319 4498 2372 4543; x_wconf 86' lang='lat' dir='ltr'><strong>C.</strong></span> <span class='ocrx_word' id='word_1_798' title='bbox 2392 4495 2445 4543; x_wconf 78' lang='lat' dir='ltr'><strong>si</strong></span> <span class='ocrx_word' id='word_1_799' title='bbox 2460 4507 2532 4543; x_wconf 75' lang='lat' dir='ltr'><strong>ex</strong></span> <span class='ocrx_word' id='word_1_800' title='bbox 2548 4495 2748 4552; x_wconf 75' lang='lat' dir='ltr'><strong>plur-ib.</strong></span> <span class='ocrx_word' id='word_1_801' title='bbox 2773 4494 2997 4542; x_wconf 74' lang='lat' dir='ltr'><strong>tueor-ib.</strong></span> <span class='ocrx_word' id='word_1_802' title='bbox 3025 4493 3115 4539; x_wconf 81' lang='lat' dir='ltr'><strong>ve!</strong></span> <span class='ocrx_word' id='word_1_803' title='bbox 3132 4499 3289 4536; x_wconf 75' lang='lat' dir='ltr'><strong>cura-</strong></span> 
     </span>
     <span class='ocr_line' id='line_1_52' title="bbox 501 4552 3288 4617; baseline 0 -18"><span class='ocrx_word' id='word_1_804' title='bbox 501 4555 642 4601; x_wconf 72' lang='lat' dir='ltr'><strong>XXX.</strong></span> <span class='ocrx_word' id='word_1_805' title='bbox 668 4568 716 4613; x_wconf 90' lang='lat' dir='ltr'><strong>p.</strong></span> <span class='ocrx_word' id='word_1_806' title='bbox 737 4553 830 4601; x_wconf 72' lang='lat'><strong>557</strong></span> <span class='ocrx_word' id='word_1_807' title='bbox 850 4569 957 4615; x_wconf 85' lang='lat' dir='ltr'><strong>sqq.</strong></span> <span class='ocrx_word' id='word_1_808' title='bbox 1625 4587 1629 4590; x_wconf 57' lang='lat'><strong>&gt;</strong></span> <span class='ocrx_word' id='word_1_809' title='bbox 1925 4557 2077 4604; x_wconf 70' lang='lat' dir='ltr'><strong>ton-ib.</strong></span> <span class='ocrx_word' id='word_1_810' title='bbox 2104 4557 2183 4617; x_wconf 76' lang='lat' dir='ltr'><strong>(V,</strong></span> <span class='ocrx_word' id='word_1_811' title='bbox 2201 4556 2304 4616; x_wconf 73' lang='lat'><strong>⁴0.)</strong></span> <span class='ocrx_word' id='word_1_812' title='bbox 2326 4561 2396 4615; x_wconf 89' lang='lat' dir='ltr'><strong>(L.</strong></span> <span class='ocrx_word' id='word_1_813' title='bbox 2422 4562 2468 4605; x_wconf 88' lang='lat'><strong>1.</strong></span> <span class='ocrx_word' id='word_1_814' title='bbox 2489 4559 2583 4605; x_wconf 85' lang='lat' dir='ltr'><strong>Th.</strong></span> <span class='ocrx_word' id='word_1_815' title='bbox 2608 4559 2660 4602; x_wconf 89' lang='lat' dir='ltr'><strong>C.</strong></span> <span class='ocrx_word' id='word_1_816' title='bbox 2686 4557 2755 4605; x_wconf 75' lang='lat' dir='ltr'><strong>de</strong></span> <span class='ocrx_word' id='word_1_817' title='bbox 2777 4556 2902 4605; x_wconf 73' lang='lat' dir='ltr'><strong>edit.</strong></span> <span class='ocrx_word' id='word_1_818' title='bbox 2923 4567 3094 4605; x_wconf 79' lang='lat' dir='ltr'><strong>rescr.</strong></span> <span class='ocrx_word' id='word_1_819' title='bbox 3117 4555 3177 4606; x_wconf 85' lang='grc'><strong>11,</strong></span> <span class='ocrx_word' id='word_1_820' title='bbox 3210 4552 3288 4599; x_wconf 71' lang='grc'><strong>1.)-</strong></span> 
     </span>
     <span class='ocr_line' id='line_1_53' title="bbox 565 4614 3284 4675; baseline -0.001 -14"><span class='ocrx_word' id='word_1_821' title='bbox 565 4619 611 4672; x_wconf 70' lang='grc'><strong>2)</strong></span> <span class='ocrx_word' id='word_1_822' title='bbox 635 4620 686 4663; x_wconf 91' lang='lat' dir='ltr'><strong>L.</strong></span> <span class='ocrx_word' id='word_1_823' title='bbox 705 4616 784 4664; x_wconf 86' lang='grc'><strong>38.</strong></span> <span class='ocrx_word' id='word_1_824' title='bbox 812 4618 935 4674; x_wconf 69' lang='lat'><strong>320.</strong></span> <span class='ocrx_word' id='word_1_825' title='bbox 959 4621 1013 4665; x_wconf 90' lang='lat' dir='ltr'><strong>D.</strong></span> <span class='ocrx_word' id='word_1_826' title='bbox 1037 4618 1104 4664; x_wconf 76' lang='lat' dir='ltr'><strong>de</strong></span> <span class='ocrx_word' id='word_1_827' title='bbox 1124 4619 1193 4665; x_wconf 87' lang='lat' dir='ltr'><strong>V.</strong></span> <span class='ocrx_word' id='word_1_828' title='bbox 1221 4621 1279 4665; x_wconf 87' lang='grc'><strong>0.</strong></span> <span class='ocrx_word' id='word_1_829' title='bbox 1304 4620 1439 4670; x_wconf 83' lang='lat' dir='ltr'><strong>(XLV</strong></span> <span class='ocrx_word' id='word_1_830' title='bbox 1456 4654 1472 4674; x_wconf 82' lang='grc'>,</span> <span class='ocrx_word' id='word_1_831' title='bbox 1496 4621 1562 4675; x_wconf 89' lang='grc'><strong>1.)</strong></span> <span class='ocrx_word' id='word_1_832' title='bbox 1614 4644 1668 4653; x_wconf 93' lang='lat'><em>-</em></span> <span class='ocrx_word' id='word_1_833' title='bbox 1704 4619 1757 4663; x_wconf 92' lang='lat' dir='ltr'><strong>L.</strong></span> <span class='ocrx_word' id='word_1_834' title='bbox 1780 4616 1861 4665; x_wconf 83' lang='grc'><strong>39.</strong></span> <span class='ocrx_word' id='word_1_835' title='bbox 1926 4620 2038 4666; x_wconf 82' lang='lat' dir='ltr'><strong>Sed.</strong></span> <span class='ocrx_word' id='word_1_836' title='bbox 2059 4619 2157 4667; x_wconf 80' lang='lat' dir='ltr'><strong>vid.</strong></span> <span class='ocrx_word' id='word_1_837' title='bbox 2182 4629 2399 4670; x_wconf 83' lang='lat' dir='ltr'><strong>context.</strong></span> <span class='ocrx_word' id='word_1_838' title='bbox 2420 4624 2483 4669; x_wconf 83' lang='lat' dir='ltr'><strong>ad</strong></span> <span class='ocrx_word' id='word_1_839' title='bbox 2503 4627 2605 4668; x_wconf 86' lang='lat' dir='ltr'><strong>not.</strong></span> <span class='ocrx_word' id='word_1_840' title='bbox 2626 4619 2676 4666; x_wconf 81' lang='lat'><strong>5.</strong></span> <span class='ocrx_word' id='word_1_841' title='bbox 2700 4646 2761 4655; x_wconf 90' lang='lat'><strong>—</strong></span> <span class='ocrx_word' id='word_1_842' title='bbox 2785 4621 2860 4667; x_wconf 64' lang='grc' dir='ltr'><strong>(ΞΕ.</strong></span> <span class='ocrx_word' id='word_1_843' title='bbox 2886 4625 2940 4665; x_wconf 86' lang='lat' dir='ltr'><strong>et</strong></span> <span class='ocrx_word' id='word_1_844' title='bbox 2960 4618 3126 4665; x_wconf 68' lang='lat' dir='ltr'><strong>Glaeick</strong></span> <span class='ocrx_word' id='word_1_845' title='bbox 3150 4614 3284 4660; x_wconf 67' lang='lat' dir='ltr'><strong>XXX.</strong></span> 
     </span>
     <span class='ocr_line' id='line_1_54' title="bbox 498 4679 2276 4740; baseline 0.003 -16"><span class='ocrx_word' id='word_1_846' title='bbox 498 4681 527 4733; x_wconf 72' lang='lat' dir='ltr'><strong>S</strong></span> <span class='ocrx_word' id='word_1_847' title='bbox 544 4680 622 4725; x_wconf 89' lang='grc'><strong>11.</strong></span> <span class='ocrx_word' id='word_1_848' title='bbox 648 4682 696 4725; x_wconf 88' lang='lat' dir='ltr'><strong>in</strong></span> <span class='ocrx_word' id='word_1_849' title='bbox 718 4682 755 4729; x_wconf 76' lang='lat' dir='ltr'><strong>f.</strong></span> <span class='ocrx_word' id='word_1_850' title='bbox 772 4684 822 4728; x_wconf 90' lang='lat' dir='ltr'><strong>L.</strong></span> <span class='ocrx_word' id='word_1_851' title='bbox 846 4679 927 4728; x_wconf 82' lang='lat'><strong>55.</strong></span> <span class='ocrx_word' id='word_1_852' title='bbox 950 4694 1024 4739; x_wconf 81' lang='lat' dir='ltr'><strong>pr.</strong></span> <span class='ocrx_word' id='word_1_853' title='bbox 1046 4688 1093 4726; x_wconf 85' lang='lat' dir='ltr'><strong>et</strong></span> <span class='ocrx_word' id='word_1_854' title='bbox 1112 4682 1138 4736; x_wconf 75' lang='grc' dir='ltr'><em>ε</em></span> <span class='ocrx_word' id='word_1_855' title='bbox 1158 4679 1205 4727; x_wconf 85' lang='grc'><strong>3.</strong></span> <span class='ocrx_word' id='word_1_856' title='bbox 1231 4681 1363 4727; x_wconf 80' lang='lat' dir='ltr'><strong>D.de</strong></span> <span class='ocrx_word' id='word_1_857' title='bbox 1380 4681 1520 4728; x_wconf 83' lang='lat' dir='ltr'><strong>adm.</strong></span> <span class='ocrx_word' id='word_1_858' title='bbox 1544 4685 1643 4728; x_wconf 79' lang='lat' dir='ltr'><strong>eut.</strong></span> <span class='ocrx_word' id='word_1_859' title='bbox 1927 4694 1976 4740; x_wconf 85' lang='lat' dir='ltr'><strong>p.</strong></span> <span class='ocrx_word' id='word_1_860' title='bbox 2005 4679 2276 4731; x_wconf 61' lang='lat' dir='ltr'><strong>too—⁴¹9.</strong></span> 
     </span>
     <span class='ocr_line' id='line_1_55' title="bbox 562 4736 3284 4801; baseline -0.002 -13"><span class='ocrx_word' id='word_1_861' title='bbox 562 4744 611 4799; x_wconf 78' lang='lat'><strong>5)</strong></span> <span class='ocrx_word' id='word_1_862' title='bbox 636 4744 685 4787; x_wconf 87' lang='lat' dir='ltr'><strong>L.</strong></span> <span class='ocrx_word' id='word_1_863' title='bbox 706 4743 751 4791; x_wconf 86' lang='lat'><strong>1.</strong></span> <span class='ocrx_word' id='word_1_864' title='bbox 776 4742 897 4799; x_wconf 73' lang='lat'><strong>315.</strong></span> <span class='ocrx_word' id='word_1_865' title='bbox 917 4743 984 4790; x_wconf 80' lang='lat' dir='ltr'><strong>de</strong></span> <span class='ocrx_word' id='word_1_866' title='bbox 1004 4747 1101 4790; x_wconf 78' lang='lat' dir='ltr'><strong>Iul.</strong></span> <span class='ocrx_word' id='word_1_867' title='bbox 1122 4744 1177 4789; x_wconf 67' lang='lat' dir='ltr'><strong>et</strong></span> <span class='ocrx_word' id='word_1_868' title='bbox 1206 4747 1305 4790; x_wconf 76' lang='lat' dir='ltr'><strong>rat.</strong></span> <span class='ocrx_word' id='word_1_869' title='bbox 1328 4744 1483 4791; x_wconf 70' lang='lat' dir='ltr'><strong>distr.</strong></span> <span class='ocrx_word' id='word_1_870' title='bbox 1499 4746 1703 4801; x_wconf 78' lang='lat' dir='ltr'><strong>(xxvii,</strong></span> <span class='ocrx_word' id='word_1_871' title='bbox 1723 4740 1858 4799; x_wconf 84' lang='grc'><strong>5.)-</strong></span> <span class='ocrx_word' id='word_1_872' title='bbox 1987 4743 2038 4792; x_wconf 83' lang='grc'><strong>8)</strong></span> <span class='ocrx_word' id='word_1_873' title='bbox 2074 4746 2124 4790; x_wconf 78' lang='lat'><strong>1..</strong></span> <span class='ocrx_word' id='word_1_874' title='bbox 2147 4744 2195 4791; x_wconf 66' lang='grc' dir='ltr'><strong>Ξ.</strong></span> <span class='ocrx_word' id='word_1_875' title='bbox 2219 4746 2273 4791; x_wconf 88' lang='lat' dir='ltr'><strong>C.</strong></span> <span class='ocrx_word' id='word_1_876' title='bbox 2297 4746 2365 4794; x_wconf 80' lang='lat' dir='ltr'><strong>de</strong></span> <span class='ocrx_word' id='word_1_877' title='bbox 2385 4746 2492 4794; x_wconf 79' lang='lat' dir='ltr'><strong>div.</strong></span> <span class='ocrx_word' id='word_1_878' title='bbox 2517 4749 2615 4793; x_wconf 76' lang='lat' dir='ltr'><strong>tut.</strong></span> <span class='ocrx_word' id='word_1_879' title='bbox 2644 4769 2700 4779; x_wconf 89' lang='lat'><strong>-·</strong></span> <span class='ocrx_word' id='word_1_880' title='bbox 2723 4747 2778 4791; x_wconf 86' lang='lat'><strong>1..</strong></span> <span class='ocrx_word' id='word_1_881' title='bbox 2796 4746 2846 4792; x_wconf 73' lang='grc' dir='ltr'><strong>δ.</strong></span> <span class='ocrx_word' id='word_1_882' title='bbox 2865 4746 2892 4799; x_wconf 76' lang='lat' dir='ltr'>S</span> <span class='ocrx_word' id='word_1_883' title='bbox 2913 4742 2963 4790; x_wconf 79' lang='grc'><strong>5.</strong></span> <span class='ocrx_word' id='word_1_884' title='bbox 2988 4746 3042 4790; x_wconf 86' lang='lat' dir='ltr'><strong>D.</strong></span> <span class='ocrx_word' id='word_1_885' title='bbox 3067 4736 3284 4787; x_wconf 63' lang='lat' dir='ltr'><strong>deodu-</strong></span> 
     </span>
     <span class='ocr_line' id='line_1_56' title="bbox 501 4801 3284 4866; baseline 0.001 -17"><span class='ocrx_word' id='word_1_886' title='bbox 501 4804 554 4849; x_wconf 91' lang='lat' dir='ltr'><strong>L.</strong></span> <span class='ocrx_word' id='word_1_887' title='bbox 578 4803 657 4851; x_wconf 72' lang='lat'><strong>46.</strong></span> <span class='ocrx_word' id='word_1_888' title='bbox 680 4805 770 4858; x_wconf 71' lang='lat'><strong>36.</strong></span> <span class='ocrx_word' id='word_1_889' title='bbox 794 4809 847 4853; x_wconf 94' lang='lat' dir='ltr'><strong>D.</strong></span> <span class='ocrx_word' id='word_1_890' title='bbox 873 4807 941 4853; x_wconf 83' lang='lat' dir='ltr'><strong>de</strong></span> <span class='ocrx_word' id='word_1_891' title='bbox 961 4806 1103 4852; x_wconf 80' lang='lat' dir='ltr'><strong>adm.</strong></span> <span class='ocrx_word' id='word_1_892' title='bbox 1127 4810 1223 4851; x_wconf 81' lang='lat' dir='ltr'><strong>lut.</strong></span> <span class='ocrx_word' id='word_1_893' title='bbox 1262 4832 1322 4841; x_wconf 92' lang='lat'>—</span> <span class='ocrx_word' id='word_1_894' title='bbox 1358 4807 1408 4853; x_wconf 95' lang='lat' dir='ltr'><strong>L.</strong></span> <span class='ocrx_word' id='word_1_895' title='bbox 1434 4808 1482 4853; x_wconf 71' lang='lat'><strong>2.</strong></span> <span class='ocrx_word' id='word_1_896' title='bbox 1509 4810 1561 4855; x_wconf 88' lang='lat' dir='ltr'><strong>C.</strong></span> <span class='ocrx_word' id='word_1_897' title='bbox 1587 4808 1635 4854; x_wconf 77' lang='lat' dir='ltr'><strong>si</strong></span> <span class='ocrx_word' id='word_1_898' title='bbox 1655 4808 1752 4854; x_wconf 77' lang='lat' dir='ltr'><strong>tut.</strong></span> <span class='ocrx_word' id='word_1_899' title='bbox 1781 4808 1867 4854; x_wconf 82' lang='lat' dir='ltr'><strong>vel</strong></span> <span class='ocrx_word' id='word_1_900' title='bbox 1926 4810 2027 4853; x_wconf 79' lang='lat' dir='ltr'><strong>tut.</strong></span> <span class='ocrx_word' id='word_1_901' title='bbox 2052 4832 2111 4841; x_wconf 93' lang='lat'>—</span> <span class='ocrx_word' id='word_1_902' title='bbox 2132 4809 2184 4854; x_wconf 93' lang='lat' dir='ltr'><strong>L.</strong></span> <span class='ocrx_word' id='word_1_903' title='bbox 2204 4805 2254 4855; x_wconf 81' lang='lat'><strong>5.</strong></span> <span class='ocrx_word' id='word_1_904' title='bbox 2279 4811 2303 4866; x_wconf 75' lang='lat' dir='ltr'><strong>s</strong></span> <span class='ocrx_word' id='word_1_905' title='bbox 2325 4806 2373 4856; x_wconf 89' lang='grc'><strong>8.</strong></span> <span class='ocrx_word' id='word_1_906' title='bbox 2396 4809 2513 4857; x_wconf 83' lang='lat' dir='ltr'><strong>eod.</strong></span> <span class='ocrx_word' id='word_1_907' title='bbox 2541 4835 2599 4846; x_wconf 92' lang='lat'><em>-</em></span> <span class='ocrx_word' id='word_1_908' title='bbox 2622 4809 2815 4858; x_wconf 74' lang='lat' dir='ltr'><strong>caeter.</strong></span> <span class='ocrx_word' id='word_1_909' title='bbox 2838 4809 2905 4854; x_wconf 69' lang='lat' dir='ltr'><strong>cf.</strong></span> <span class='ocrx_word' id='word_1_910' title='bbox 2930 4808 2984 4853; x_wconf 89' lang='lat'><strong>1..</strong></span> <span class='ocrx_word' id='word_1_911' title='bbox 3026 4802 3106 4852; x_wconf 82' lang='lat'><strong>55.</strong></span> <span class='ocrx_word' id='word_1_912' title='bbox 3141 4814 3214 4860; x_wconf 74' lang='lat' dir='ltr'><strong>pr-</strong></span> <span class='ocrx_word' id='word_1_913' title='bbox 3235 4801 3284 4859; x_wconf 64' lang='lat'><strong>12·</strong></span> 
     </span>
     <span class='ocr_line' id='line_1_57' title="bbox 500 4862 2412 4933; baseline 0.004 -20"><span class='ocrx_word' id='word_1_914' title='bbox 500 4878 618 4925; x_wconf 72' lang='lat' dir='ltr'><strong>cur.</strong></span> <span class='ocrx_word' id='word_1_915' title='bbox 640 4880 748 4916; x_wconf 81' lang='lat' dir='ltr'><strong>non</strong></span> <span class='ocrx_word' id='word_1_916' title='bbox 770 4867 1010 4933; x_wconf 73' lang='lat' dir='ltr'><strong>qesserie.</strong></span> <span class='ocrx_word' id='word_1_917' title='bbox 1035 4869 1113 4928; x_wconf 73' lang='lat' dir='ltr'><strong>(V,</strong></span> <span class='ocrx_word' id='word_1_918' title='bbox 1136 4866 1236 4926; x_wconf 89' lang='grc'><strong>55.)</strong></span> <span class='ocrx_word' id='word_1_919' title='bbox 1252 4893 1307 4903; x_wconf 93' lang='grc'>-</span> <span class='ocrx_word' id='word_1_920' title='bbox 1330 4871 1384 4916; x_wconf 90' lang='lat' dir='ltr'><strong>L.</strong></span> <span class='ocrx_word' id='word_1_921' title='bbox 1411 4870 1454 4915; x_wconf 95' lang='grc'><strong>1.</strong></span> <span class='ocrx_word' id='word_1_922' title='bbox 1483 4871 1534 4918; x_wconf 89' lang='lat' dir='ltr'><strong>in</strong></span> <span class='ocrx_word' id='word_1_923' title='bbox 1559 4871 1596 4918; x_wconf 72' lang='lat' dir='ltr'><strong>f.</strong></span> <span class='ocrx_word' id='word_1_924' title='bbox 1620 4872 1672 4917; x_wconf 85' lang='lat' dir='ltr'><strong>G.</strong></span> <span class='ocrx_word' id='word_1_925' title='bbox 1694 4862 1744 4916; x_wconf 78' lang='lat' dir='ltr'><strong>si</strong></span> <span class='ocrx_word' id='word_1_926' title='bbox 1762 4867 1861 4915; x_wconf 69' lang='lat' dir='ltr'><strong>tue.</strong></span> <span class='ocrx_word' id='word_1_927' title='bbox 1927 4869 1997 4920; x_wconf 78' lang='lat' dir='ltr'><strong>de</strong></span> <span class='ocrx_word' id='word_1_928' title='bbox 2015 4869 2158 4919; x_wconf 81' lang='lat' dir='ltr'><strong>adm.</strong></span> <span class='ocrx_word' id='word_1_929' title='bbox 2187 4874 2288 4921; x_wconf 77' lang='lat' dir='ltr'><strong>tut.</strong></span> <span class='ocrx_word' id='word_1_930' title='bbox 2401 4882 2412 4895; x_wconf 72' lang='lat'><strong>⁴</strong></span> 
     </span>
    </p>
   </div>
  </div>
 </body>
</html>
