3544 5506
1076 350 1206 396 car.
1247 352 1339 396 ιν.
1376 353 1454 397 nn
1488 351 1697 398 smum
1736 348 2079 399 commu.
2917 345 2994 403 ⁷9

177 473 517 541 ruptorum
538 467 837 526 locorum
856 463 1305 527 emendatione
1319 460 1515 540 ⁸)‚aut
1534 466 1926 526 contrariam
1941 466 2152 541 legem
2172 466 2254 526 ad
2276 470 2527 526 certum
2548 465 2807 543 aliquod
2833 475 2989 531 tem·

178 579 287 636 pus
313 564 538 636 adque
553 560 801 636 jurium
815 572 1044 619 causas
1060 558 1265 620 altera
1284 561 1426 634 lege
1461 562 1857 634 antiquiores
1882 564 2434 623 accommodando
2443 560 2519 638 ⁷),
2536 569 2649 621 aut
2659 579 2990 627 common-

173 660 465 731 strando,
503 671 847 717 causarum
887 656 1351 731 notionumque
1375 657 1703 731 quandam
1736 655 2307 718 dissimilitudinem
2336 658 2402 716 in
2441 658 2702 719 diversis
2744 661 2991 733 legibus

172 756 463 830 subesse,
490 753 764 813 aliamve
786 751 914 810 alia
942 752 1408 811 accuratiorem
1433 767 1657 811 rerum
1679 751 2122 813 definitionem
2148 753 2486 815 continere
2508 752 2583 829 ⁸),
2610 761 2724 812 aut
2742 752 2988 816 histori-

171 870 312 914 cam
348 847 828 929 interpretandi
853 852 1172 912 rationem
1191 851 1589 921 inducendo,
1614 849 1737 912 hoc
1766 852 1966 913 modo
1986 894 2005 922 ‚
2027 860 2103 911 ut
2126 853 2503 923 sententias,
2527 868 2566 911 a
2590 851 2830 915 sorensi
2865 872 2989 916 usu

169 950 655 1016 remotissimas,
685 948 880 1007 rebus
926 942 1241 1019 dictisque
1283 951 1540 1006 tantum
1586 946 2000 1020 explanandis
2040 949 2397 1023 meliusque
2418 950 2587 1008 inter
2612 965 2683 1009 se
2706 965 2990 1011 connec-

168 1049 407 1113 tendis.
461 1041 823 1106 adhibuisse
865 1045 1331 1119 compositores
1390 1045 1703 1105 doceatur
1740 1040 1812 1119 9).
1862 1047 2044 1124 Quod
2086 1045 2136 1105 si
2161 1061 2321 1107 vero
2386 1061 2466 1106 eo
2510 1048 2705 1107 modo
2754 1063 2861 1110 res
2903 1051 2988 1109 ad

170 1141 493 1220 liquidum
518 1141 786 1216 perduci
818 1141 1066 1214 nequit,
1091 1146 1233 1198 tum
1253 1180 1271 1208 ‚
1300 1146 1447 1199 uter
1469 1140 1649 1199 locus
1675 1141 2154 1201 conservandus
2173 1140 2254 1199 sit
2270 1182 2287 1210 ‚
2330 1157 2408 1201 ex
2430 1141 2604 1201 hisce
2627 1144 2989 1218 praeceptis

169 1239 523 1305 definiatur
545 1261 565 1301 ε
630 1244 691 1309 1)
731 1245 1053 1314 Derogant
1098 1241 1396 1300 Novellae
1445 1236 1707 1314 reliquis
1736 1240 1904 1314 juris
1941 1234 2319 1300 Justinianei
2361 1241 2671 1315 partibus,
2710 1248 2777 1300 et
2822 1239 2993 1305 inter

167 1342 457 1418 singulas
510 1340 821 1412 novellas,
877 1346 956 1399 ut
999 1354 1301 1415 quaeque
1347 1347 1448 1399 est
1493 1341 1857 1410 novissima,
1912 1335 2004 1400 ita
2049 1340 2486 1414 potentissima
2523 1341 2743 1401 haberi
2769 1341 2987 1404 debet.

173 1443 605 1507 Authenticae
662 1457 819 1502 vero
844 1484 864 1518 ‚
917 1447 1237 1515 quatenus
1282 1439 1543 1514 quidem
1591 1456 1669 1499 ex
1711 1437 2052 1499 Justiniani
2109 1434 2668 1500 constitutionibus
2725 1441 2992 1501 novellis

176 1546 537 1617 decerptae
558 1547 731 1612 sunt,
761 1556 911 1600 cum
934 1554 1067 1600 non
1088 1554 1209 1614 per
1234 1554 1302 1599 se
1334 1554 1411 1599 ac
1432 1555 1549 1599 sua
1583 1548 1819 1600 natura
1846 1534 2000 1613 legis
2035 1534 2163 1598 vim
2210 1539 2491 1598 habeant
2507 1582 2527 1616 ‚
2556 1538 2833 1600 sontibus
2860 1541 2989 1602 suis

168 1640 409 1699 cedant
431 1651 700 1696 net-esse
727 1643 825 1696 est
840 1633 930 1703 ¹⁰).
958 1635 1236 1712 zcodex
1276 1635 1588 1710 repetitae
1611 1630 2086 1709 praelectionis,
2121 1649 2242 1694 ceu
2263 1634 2366 1693 lex
2396 1630 2743 1711 recentior,
2773 1637 2990 1710 potior

169 1740 266 1795 est
294 1733 634 1794 pandectis
655 1738 848 1806 atque
876 1724 1381 1790 institutionibus
1404 1728 1499 1811 ¹¹).
1518 1732 1579 1805 3)
1622 1735 1692 1791 ln
1715 1733 2179 1791 pandectarum
2200 1737 2416 1791 autem
2430 1737 2497 1790 et
2512 1728 2985 1793 Institutionum

170 1828 601 1888 contentione
642 1833 874 1886 neutra
921 1840 1071 1898 pars
1131 1827 1398 1884 alteram
1442 1821 1660 1886 vincet
1704 1828 1797 1903 ¹²),
1843 1841 1976 1886 non
2020 1824 2254 1898 magis,
2280 1843 2475 1900 quam
2507 1827 2557 1886 si
2589 1828 2983 1901 singularum

169 1920 635 1985 collectionum
664 1918 892 1994 singuli
912 1914 1038 1981 loci
1061 1916 1432 1993 confligant,
1462 1921 1573 1981 ubi
1596 1921 1884 1981 similiter
1917 1928 2150 1981 neuter
2183 1922 2494 1982 obtinebit
2524 1924 2691 1991 (not.
2720 1925 2831 1996 1.)‚
2854 1922 2977 1985 nisi

171 2027 283 2080 aut
314 2015 592 2078 alterius
632 2017 757 2078 loci
785 2019 992 2076 altero
1027 2017 1494 2076 correctionem
1550 2017 1869 2078 induxisse
1916 2013 2376 2092 imperatorem
2421 2012 2512 2094 ¹³),
2544 2026 2657 2078 aut
2688 2015 2754 2078 in
2776 2021 2985 2082 altero

174 2112 538 2176 exhibendo
590 2109 1010 2186 negligentius
1047 2112 1506 2186 compositores
1545 2113 1745 2185 egisse
1790 2107 1858 2184 ¹⁴)
1903 2111 2241 2172 manifesto
2289 2120 2621 2187 appareat.
2670 2116 2738 2173 ln
2788 2132 2984 2189 quam

172 2218 519 2285 utramque
548 2209 989 2284 exceptionem
1017 2203 1486 2283 interpretandi
1526 2214 1949 2282 praeceptum
1996 2208 2298 2268 convenit
2322 2209 2482 2268 hoc:
2521 2209 2731 2269 verbis
2757 2211 2983 2284 utique

173 2312 573 2370 voluntatem
590 2306 963 2383 legislatoris
977 2315 1128 2367 ante
1154 2322 1291 2367 esse
1309 2308 1675 2382 ponendam
1702 2306 1795 2376 ¹⁵).
1818 2309 1998 2385 Quod
2017 2307 2069 2366 si
2083 2302 2319 2366 harum
2340 2322 2596 2382 quoque
2619 2310 2985 2383 regularum

174 2426 291 2469 usu
320 2411 540 2489 legum
563 2408 1061 2483 repugnantium
1077 2407 1515 2467 controversia
1536 2402 1672 2468 tolli
1704 2422 1836 2467 non
1855 2407 2115 2482 poterit,
2142 2414 2281 2466 tum
2317 2414 2434 2468 aut
2453 2408 2681 2470 relicto
2703 2415 2983 2484 utroque

172 2510 335 2578 loco,
367 2525 451 2568 ea
472 2508 830 2568 servabitur
851 2507 1196 2580 sententia,
1224 2522 1395 2581 quae
1411 2505 1576 2581 Juris
1596 2507 1771 2567 haud
1800 2502 1975 2565 dubii
1990 2513 2057 2565 et
2075 2500 2432 2566 communis
2459 2506 2693 2581 regulis
2713 2508 2983 2568 maxime

169 2607 517 2669 conveniet
555 2605 649 2680 ¹⁶),
702 2615 816 2666 aut
858 2602 1232 2681 legislatoris
1277 2601 1545 2665 arbitrio
1585 2621 1688 2666 res
1736 2605 1866 2666 erit
1911 2605 2397 2676 committenda,
2443 2605 2553 2680 qui
2593 2612 2870 2677 statuat.
2899 2610 2983 2667 ad

169 2713 391 2765 utram
415 2703 623 2778 potius
643 2705 851 2778 legem
879 2698 1099 2766 accedi
1121 2707 1447 2778 oporteat.

444 2884 473 2957 ς
524 2883 623 2940 72.
650 2885 740 2940 De
763 2883 973 2957 layum
992 2923 1011 2954 ,
1034 2895 1197 2956 quae
1215 2881 1282 2938 in
1321 2880 1586 2938 emersis
1607 2878 1951 2938 territoriis
1973 2879 2245 2938 obtinent
2259 2917 2282 2953 ‚
2305 2877 2598 2952 conflictu
2622 2877 2720 2951 (⁴¹).

243 3063 398 3119 cum
426 3055 720 3119 incidant
765 3059 1017 3135 saepius
1044 3058 1287 3118 multae
1309 3071 1565 3129 causae,
1591 3071 1784 3133 quae,
1809 3056 1926 3117 nisi
1957 3057 2039 3116 ad
2066 3052 2258 3118 alieni
2297 3054 2602 3119 territorii
2628 3061 2799 3133 leges
2829 3061 2981 3122 diri-

224 3270 274 3330 6)
305 3272 419 3320 Vid.
441 3284 493 3321 v.
532 3286 581 3322 c.
601 3273 654 3320 1..
678 3270 757 3322 34.
779 3268 868 3331 34.
891 3275 949 3321 D.
968 3274 1038 3321 de
1056 3274 1295 3330 jur-elur.
1325 3272 1448 3333 (xil,
1473 3271 1544 3335 9.)
1669 3271 1749 3331 19)
1768 3272 1846 3320 01.
1868 3283 2012 3330 supra
2044 3274 2071 3329 ς
2091 3269 2169 3319 10.
2192 3275 2280 3320 not
2299 3271 2378 3322 11.
2403 3298 2459 3307 -
2480 3274 2687 3322 Dissent.
2716 3272 2986 3330 Horaclter·

165 3334 612 3384 -ictAEckhav-dt
627 3339 792 3385 Herm.
806 3336 909 3392 jur.
932 3339 959 3393 ς
976 3332 1110 3399 283.)
1605 3335 1764 3396 princ.
1793 3334 1895 3391 jur.
1907 3335 2049 3381 Rom.
2071 3335 2235 3382 Germ.
2258 3333 2378 3392 5⁴2.
2394 3338 2442 3383 2.
2464 3337 2540 3398 b.,
2571 3335 2797 3386 rltlbaue
2825 3351 2874 3397 p.
2898 3338 2981 3390 96.

220 3395 271 3455 7)
285 3397 526 3445 aloem·
540 3402 569 3455 ς
590 3398 641 3447 6.
1606 3403 1656 3445 et
1676 3397 1848 3444 zoelu-
1863 3394 2053 3456 pffli„
2081 3396 2166 3455 qul
2186 3398 2453 3447 Pandectas
2472 3412 2576 3447 esse
2599 3400 2984 3451 institutionibus

221 3457 273 3517 8)
303 3459 360 3506 0.
378 3464 541 3507 tanta
562 3464 591 3518 ς
611 3458 690 3510 14.
707 3457 786 3508 15.
810 3484 866 3494 -
888 3460 1011 3508 Nor.
1032 3458 1142 3510 158.
1165 3484 1221 3494 -—-
1264 3461 1317 3507 1..
1333 3456 1417 3507 3⁴.
1439 3462 1466 3517 ς
1493 3461 1541 3507 1.
1604 3459 1864 3507 interiores
1884 3460 2289 3520 opimatus-‚aliis
2308 3472 2425 3508 vero
2444 3467 2614 3510 contra
2639 3463 2985 3527 sentientibus,

158 3521 293 3629 361).
312 3521 567 3631 deLleqat.
595 3527 632 3572 1.
653 3524 775 3570 0011.
797 3533 910 3570 cum
931 3525 957 3579 s
976 3520 1026 3570 6.
1047 3525 1083 3571 1.
1122 3523 1190 3571 de
1227 3522 1386 3583 ἱεραί.
1420 3521 1439 3578 (
1461 3524 1498 3569 11
1525 3555 1541 3579 ‚
1605 3519 1872 3570 pandectas
1885 3522 2071 3569 scilieet
2089 3534 2194 3570 esse
2212 3524 2598 3572 institutionibus
2611 3526 2953 3584 praeferendas
2966 3562 2983 3587 ‚

156 3657 275 3692 cnm
294 3647 351 3693 1..
390 3645 442 3694 9.
499 3683 515 3696 .

159 3704 311 3765 8)-
334 3709 390 3756 Ι..
429 3709 513 3758 27.
546 3714 604 3759 1).
642 3711 712 3757 de
748 3721 801 3756 a.
842 3723 890 3756 r.
910 3709 967 3756 d.
990 3709 1129 3770 (xm,
1151 3711 1241 3769 1.)‚
1276 3709 1389 3756 coll.
1429 3720 1543 3756 cum
1606 3710 1707 3757 vid.
1735 3721 1863 3769 quae
1885 3709 1987 3768 ipse
2013 3710 2280 3770 imperator
2299 3711 2489 3770 scripsit
2512 3715 2562 3760 in
2582 3714 2635 3760 C.
2668 3716 2823 3761 tanta
2854 3719 2881 3772 ς
2901 3715 2979 3760 11.

241 3770 305 3817 23
324 3770 419 3826 35.
444 3774 503 3819 1).
521 3775 593 3821 de
612 3776 675 3820 R.
700 3774 772 3820 V.
795 3772 974 3830 (Vm.)
1604 3772 1657 3818 in
1679 3774 1719 3820 1.
1740 3787 1766 3815 ιι
1788 3773 1839 3818 et
1859 3771 2132 3827 praedictos
2151 3774 2299 3822 libros
2309 3775 2710 3834 (institutionum)
2730 3777 2988 3824 constitu-

452 3583 506 3633 ⁴.
527 3591 555 3645 ς
574 3586 624 3635 1.
644 3588 698 3633 1).
719 3585 797 3632 ad
815 3587 870 3631 L.
890 3584 1073 3643 Aquil.
1112 3588 1210 3646 (lx,
1229 3585 1277 3632 2.
1300 3584 1318 3642 )
1342 3607 1398 3617 —
1418 3585 1540 3633 Coll.
1606 3586 1740 3632 velut
1762 3584 2074 3641 Macheldqr
2099 3584 2354 3634 Lem-buch
2384 3591 2411 3645 ς
2430 3584 2510 3635 98.
2530 3589 2613 3636 Nr.
2648 3587 2796 3635 111.-
2818 3590 2891 3638 01.
2932 3595 2985 3638 et

456 3650 497 3694 1)
540 3650 619 3697 ad
638 3651 759 3709 Leq.
781 3647 985 3695 cornel.
1009 3648 1077 3694 de
1093 3647 1309 3695 sicardis
1324 3645 1544 3707 (valll,
1606 3647 1803 3695 Biener
1822 3647 1996 3694 Gesch.
2016 3650 2107 3695 der
2129 3649 2355 3695 Novellen
2382 3662 2432 3707 p.
2457 3647 2566 3698 128.
2591 3656 2643 3698 et
2669 3647 2780 3698 224.
2804 3677 2861 3686 —
2884 3652 2981 3699 Sed

222 3830 274 3890 9)
305 3832 467 3888 Quam
487 3835 688 3894 quidem
717 3836 957 3881 rationem
978 3834 1141 3892 latius,
1161 3845 1309 3893 quam
1328 3843 1404 3879 res
1429 3845 1542 3891 pos-
1603 3834 1810 3884 tlonum
1831 3833 1992 3881 vicem
2008 3835 2483 3893 'zabernas-simus.
2506 3854 2533 3882 n

162 3895 308 3950 tutat,
341 3899 607 3955 protulisse
627 3896 1243 3960 videnturscltoemanus,
1264 3908 1318 3942 re
1342 3896 1541 3955 quidem
1668 3900 1747 3957 13)
1767 3898 1822 3942 1..
1844 3897 1925 3942 23.
1946 3899 1973 3953 s
1991 3899 2041 3944 3.
2065 3900 2122 3945 D.
2146 3901 2215 3947 de
2241 3902 2304 3946 R.
2330 3900 2400 3947 V.
2448 3901 2465 3958 (
2485 3902 2570 3958 Vl,
2606 3895 2685 3957 1.)
2721 3899 2844 3946 Coll.
2868 3912 2982 3950 cum

160 3955 269 4012 ipsa
287 3969 403 4005 cum
422 3960 684 4008 Hsibnem
707 3960 822 4016 (vid.
846 3963 951 4004 not.
977 3959 1044 4015 1.)
1075 3959 1384 4007 consentiens
1405 3992 1420 4011 .
1452 3971 1543 4006 nec
1609 3961 1767 4017 sam.
1783 3959 1852 4007 de
1869 3959 2448 4020 rer.divis.(11,1.)-Ct'.
2463 3964 2624 4011 Glaeick
2641 3963 2674 4008 l.
2696 3973 2742 4007 e.
2757 3963 2840 4009 Nr.
2850 3963 2910 4010 V.
2929 3964 2980 4013 b.

163 4029 264 4064 non
287 4020 516 4069 flabant
533 4035 583 4081 p.
603 4020 684 4069 92.
710 4019 791 4068 9³.
829 4025 879 4066 et
898 4021 999 4082 tog.
1018 4024 1207 4081 Ausleg.
1248 4035 1299 4082 p.
1347 4018 1456 4071 165.
1482 4047 1539 4055 -
1608 4045 1664 4054 —
1688 4023 1881 4069 Dissent
1898 4022 2163 4079 Konopalae
2183 4024 2265 4070 l.l.
2291 4024 2394 4070 not.
2428 4035 2475 4071 1.
2497 4037 2547 4083 p.
2579 4021 2709 4070 med.

162 4079 241 4126 ct.
263 4080 493 4140 inprimis
510 4085 687 4131 Loekr
706 4097 756 4144 p.
776 4079 886 4131 215.
1669 4082 1749 4141 14)
1768 4086 1796 4141 s
1810 4080 1890 4130 25.
1908 4085 1945 4130 1.
1958 4083 2028 4130 de
2045 4096 2152 4134 rer.
2175 4085 2457 4134 divitem.
2470 4097 2584 4132 cum
2599 4088 2652 4132 1..
2664 4081 2716 4131 7.
2729 4089 2756 4144 ς
2770 4083 2821 4134 7.
2842 4088 2899 4135 D.
2911 4086 2981 4137 de

226 4141 307 4200 16)
325 4147 535 4194 Weber
550 4148 775 4194 Bemerk.
812 4158 902 4193 zur
940 4146 1133 4195 Beford.
1166 4147 1304 4195 einer
1340 4147 1536 4203 grundl.
1602 4156 1759 4204 aequ.
1774 4156 1882 4192 rer.
1905 4146 2099 4194 domin.
2121 4146 2980 4205 (xt.1‚1.)(v1‹1.tam.ffutetand1.1.

159 4203 374 4252 Theorie
392 4207 483 4255 der
503 4209 917 4266 Anwendunssdes
927 4212 1065 4259 Rom.
1085 4212 1142 4256 tt.
1161 4207 1538 4268 §9.-H12bner
1596 4220 1645 4267 p.
1666 4206 1754 4256 171
1763 4205 2092 4267 -180.)-01.
2111 4210 2274 4258 Glziclt
2288 4210 2369 4256 1.1.
2388 4209 2470 4256 Nr.
2484 4211 2542 4257 V.
2559 4221 2669 4258 ιν.
2692 4211 2864 4259 Loelu·
2881 4215 2916 4262 l.
2942 4216 2980 4266 l.

154 4266 257 4312 ¹·e·
269 4267 499 4325 1².7.-c.
515 4273 850 4329 anomale
868 4270 1298 4322 dielustituuonen
1313 4268 1399 4319 des
1414 4271 1533 4318 th.
1596 4281 1647 4327 p.
1666 4270 1776 4317 212.

161 4328 323 4382 (naue
340 4329 502 4392 1807.)
522 4337 549 4390 ς
568 4331 652 4382 59.
676 4339 778 4382 not.
802 4345 854 4381 x.
876 4361 934 4370 -
956 4336 1160 4383 Dissent.
1181 4337 1237 4382 J.
1267 4336 1323 4382 J.
1343 4333 1537 4382 δῶσι-3
1658 4329 1738 4391 15)
1770 4330 1846 4378 01.
1866 4333 1892 4387 s
1911 4328 1993 4379 58.
2013 4336 2116 4381 not.
2134 4331 2189 4381 6.·
2206 4330 2319 4380 7.-
2334 4345 2385 4380 υ.
2407 4332 2580 4382 ΒοσΙυ·
2596 4334 2632 4382 l.
2653 4334 2691 4384 l.
2726 4347 2777 4394 p.
2801 4335 2911 4384 215.

158 4389 222 4436 de
242 4391 573 4444 authenticat.
595 4397 877 4444 auctoribus
890 4402 944 4445 et
962 4398 1254 4445 auctoritate
1284 4409 1330 4443 c.
1352 4399 1412 4444 11.
1449 4400 1466 4450 (
1484 4395 1536 4442 in
1661 4393 1738 4453 16)
1756 4395 2022 4442 niueum.
2042 4395 2343 4453 Luem-810.
2364 4397 2462 4444 Sed
2472 4395 2573 4446 vid.
2586 4409 2721 4457 supr.
2739 4397 2979 4457 842.§63.

156 4454 510 4509 lemanem
524 4461 640 4517 siga
660 4459 867 4509 libellor.
891 4460 1111 4507 Auth.—
1133 4460 1308 4507 illustr.
1332 4470 1379 4517 p.
1403 4456 1527 4504 80-
1590 4459 1758 4507 not.1.
1780 4460 1805 4513 S
1824 4454 1905 4506 66.
1934 4463 2037 4506 not.
2056 4457 2108 4507 7.

155 4515 263 4573 32.)
302 4524 353 4564 et
389 4521 440 4566 C.
478 4523 541 4569 F.
582 4522 889 4578 Zeperm'clc
926 4527 1213 4580 comment„
1250 4521 1425 4579 quibus
1468 4530 1532 4567 ex

155 4580 326 4624 ansts
340 4582 456 4630 Nor.
479 4585 815 4642 Leonseoept.
838 4597 937 4632 non
957 4585 1054 4631 sint
1074 4597 1122 4632 c.
1144 4587 1223 4633 111.
1244 4588 1271 4642 ς
1286 4581 1368 4631 25.
1390 4584 1407 4641 (
1428 4583 1528 4640 adj.
2213 4585 2241 4640 S
2261 4583 2343 4635 72.

161 4641 215 4685 c.
254 4641 335 4688 A.
370 4646 549 4693 Beckii
581 4647 649 4694 de
680 4647 866 4696 Novell.
905 4648 1079 4695 Leonis
1124 4649 1253 4696 libro
1293 4645 1532 4704 singulari

158 4699 480 4765 »5165113
1667 4707 1726 4764 ξ’)
1767 4708 1874 4758 Ulr.
1893 4709 2083 4757 Huber-
2114 4713 2464 4768 praelectiones
2501 4712 2629 4769 juris
2659 4711 2817 4760 civilis
2835 4712 2897 4760 Τ.
2921 4713 2960 4759 11
2970 4747 2983 4760 .

219 4766 530 4824 inueniam
564 4771 816 4830 quandam
853 4771 986 4819 viam
1013 4776 1124 4830 post
1160 4771 1282 4820 alios
1301 4772 1546 4828 ingressus
1607 4781 1659 4829 p.
1683 4786 1750 4821 m.
1767 4773 1846 4830 (οι
1865 4773 1945 4818 ed.
1973 4771 2248 4834 Thomasii)
2267 4773 2362 4823 558
2379 4799 2441 4808 —-
2456 4771 2738 4825 543.-.Ῑο.
2761 4775 2905 4824 Voet
2923 4776 2986 4823 ad

162 4831 235 4871 est
256 4829 487 4879 rubam
504 4833 541 4880 l.
560 4835 596 4880 1.
617 4845 669 4891 p.
690 4830 893 4884 82—86.
908 4847 956 4894 p.
982 4834 1044 4883 92
1064 4846 1172 4895 sm.
1196 4839 1249 4884 et
1283 4832 1425 4883 Fritz
1449 4835 1485 4881 1.
1504 4835 1543 4882 l.
1609 4834 1762 4883 Pand.
1808 4834 1943 4883 Libr.
1965 4837 2005 4882 1.
2028 4836 2126 4883 Tit.
2151 4837 2232 4884 lv.
2251 4839 2304 4886 P.
2329 4839 2388 4886 ll.
2407 4861 2471 4872 -
2495 4840 2635 4886 Sam.
2667 4838 2824 4896 senrk
2846 4839 2903 4885 D.
2922 4840 2988 4884 de

159 4897 208 4944 p.
222 4888 489 4942 16-15,-
510 4895 592 4942 Cf.
613 4893 776 4943 ηοω.
1608 4895 1722 4952 iure
1743 4897 1975 4960 principis
1993 4906 2134 4948 extra
2154 4900 2456 4951 territorium
2475 4897 2621 4958 (Frct.
2650 4896 2813 4958 1676.)
2833 4911 2878 4947 e.
2903 4900 2994 4957 ill,
