3544 5506
432 328 542 383 249

434 456 781 514 dominium
803 452 1179 524 rediguntur
1199 449 1259 525 1)
1278 450 1455 511 ferae
1481 451 1720 511 bestiae
1742 496 1757 524 ,
1792 453 2084 511 volucres
2109 453 2301 512 etiam
2334 468 2413 513 ac
2434 454 2639 526 pisces
2662 472 2681 531 3
2718 467 2843 513 nec
2883 431 3230 530 'quicquam

433 554 699 613 interest
721 600 739 627 ‚
776 559 995 609 utrum
1022 567 1130 609 eas
1157 551 1221 608 in
1244 567 1361 610 suo
1384 551 1584 610 fundo
1612 553 1754 625 quis
1779 553 1992 626 capiat
2020 595 2038 620 ‚
2081 568 2166 609 an
2210 548 2276 610 in
2306 553 2518 613 alieno
2548 549 2626 626 ²),
2653 560 2793 611 tum
2834 562 3012 613 certe
3034 597 3051 624 ‚
3082 572 3230 614 cum

433 666 563 709 non
592 658 705 708 aut
727 649 791 706 in
816 648 1068 706 vivariis
1089 647 1371 705 inclusae
1400 655 1512 705 aut
1539 649 1600 704 in
1633 643 1907 720 piscinas
1944 644 2219 721 conjecti
2261 649 2676 706 inveniuntur
2698 646 2764 716 3).
2797 650 3102 723 Idemque
3136 653 3229 710 di·

432 750 706 808 cendum
731 749 811 806 de
841 748 1062 820 apibus
1082 791 1099 819 ‚
1133 753 1476 820 antequam
1503 764 1541 806 a
1563 748 1744 807 nobis
1764 749 1947 807 alveo
1977 749 2481 821 concludantur,
2520 748 2645 807 hoc
2679 755 2871 821 pacto
2889 792 2907 823 ,
2940 757 3014 807 ut
3037 752 3229 809 etiam

430 848 604 907 favos
624 887 645 918 ‚
667 848 716 905 si
739 862 900 919 quos
925 846 1191 905 fecerint
1205 862 1355 920 apes
1372 889 1389 913 ,
1423 848 1557 906 sine
1577 849 1751 907 furto
1775 844 2044 921 quilibet
2068 849 2391 921 possidere
2420 849 2614 922 possit
2636 848 2710 922 ⁴).
2740 852 2950 908 Potest
2972 851 3228 924 quidem

422 947 572 1022 jure
602 947 939 1020 prohibere
958 941 1252 1005 dominus
1274 988 1292 1019 ‚
1327 962 1409 1005 ne
1437 946 1704 1006 fundum
1732 963 1919 1006 suum
1957 948 2119 1006 alius
2145 947 2542 1018 ingrediatur
2561 943 2627 1021 ³).
2667 948 2904 1024 Quodsi
2935 963 3092 1007 vero
3133 949 3228 1006 ni·

431 1042 773 1100 hilominus
802 1084 818 1111 ‚
849 1041 959 1114 qui
998 1038 1350 1115 prohibitus
1373 1050 1503 1112 est,
1535 1044 1852 1115 ingressus
1877 1039 1954 1101 sit
1985 1042 2249 1100 fundum
2272 1081 2288 1111 ,
2319 1043 2606 1115 quamvis
2629 1043 2983 1102 actionibus
3008 1051 3230 1104 contra

429 1158 577 1201 eum
599 1177 618 1209 ,
653 1156 817 1218 quae
842 1142 905 1199 in
928 1141 1241 1216 ejusmodi
1269 1141 1510 1201 tactum
1532 1146 2016 1203 accommodate
2039 1145 2427 1202 conveniant
2444 1186 2461 1218 ‚
2481 1145 2575 1201 uti
2605 1144 2800 1216 possit
2829 1146 3125 1205 dominus
3151 1143 3219 1220 ὅ),

431 1250 647 1300 tamen
680 1242 979 1301 animalia
1007 1243 1145 1315 ejus
1173 1243 1328 1300 ssent
1346 1281 1364 1310 ,
1400 1244 1507 1315 qui
1526 1260 1601 1301 ea
1618 1244 1863 1317 ceperit
1886 1247 1954 1315 ⁷).
1987 1244 2207 1316 Neque
2239 1258 2397 1302 vero
2422 1245 2827 1302 vulneratam
2856 1260 2994 1303 esse
3029 1245 3226 1303 feram

428 1336 687 1409 sufficit,
717 1348 791 1398 ut
818 1342 881 1398 in
924 1342 1188 1416 alicujus
1222 1349 1607 1414 potestatem
1632 1345 1964 1414 redigatur
1994 1390 2007 1414 ‚
2043 1344 2156 1401 sed
2180 1343 2374 1401 etiam
2423 1342 2832 1415 possessionis
2874 1345 3229 1420 apprehen·

430 1438 524 1496 sio
560 1480 576 1509 ,
615 1438 745 1495 sive
761 1452 961 1494 manu
985 1436 1114 1495 sive
1140 1438 1371 1509 laqueo
1397 1438 1560 1496 facta
1578 1482 1594 1513 ,
1620 1454 1879 1498 necesse
1907 1445 2002 1496 est
2023 1440 2288 1498 accedat
2312 1435 2378 1513 ⁸).
2406 1443 2543 1515 Quo
2566 1439 2823 1512 quidem
2845 1438 3017 1498 sacto
3038 1480 3055 1507 ‚
3081 1455 3227 1498 cum

438 1540 798 1597 naturalem
821 1538 1140 1611 receperit
1161 1539 1518 1598 libertatem
1541 1540 1815 1611 animal,
1849 1556 2069 1598 rursus
2095 1541 2203 1598 tlet
2226 1541 2621 1613 occupantis.
2670 1562 2696 1589 α
2720 1541 3086 1598 Naturalem
3119 1556 3228 1598 au-

441 1648 577 1700 tem
604 1642 960 1700 libertatem
983 1637 1273 1714 recipere
1301 1642 1696 1715 intelligitur,
1718 1655 1866 1701 cum
1890 1644 1987 1701 vel
2009 1644 2231 1701 oculos
2244 1649 2391 1701 tuos
2419 1641 2717 1713 effugerit
2738 1684 2756 1714 ‚
2784 1643 2883 1699 vel
2910 1641 3000 1698 ita
3044 1642 3127 1699 sit
3160 1642 3222 1699 in

437 1748 782 1815 conspectu
813 1749 930 1800 tuo
956 1785 972 1814 ‚
1005 1748 1080 1800 ut
1109 1741 1375 1800 difficilis
1405 1745 1486 1800 sit
1531 1743 1666 1816 ejus
1704 1743 2068 1816 persecutio
2095 1767 2120 1793 υ
2149 1740 2226 1814 9).
2254 1746 2339 1800 Ea
2377 1749 2595 1800 autem
2623 1740 2917 1798 animalia
2948 1778 2964 1806 ‚
3008 1755 3176 1813 quae
3207 1782 3224 1808 ‚

427 1853 573 1896 cum
603 1854 720 1911 per
747 1853 816 1897 se
838 1839 1095 1911 quidem
1117 1841 1179 1904 in
1211 1839 1497 1897 ferorum
1524 1854 1796 1896 numero
1818 1838 1944 1896 sint
1962 1881 1979 1913 ‚
2010 1845 2227 1896 tamen
2262 1853 2336 1896 ex
2359 1836 2827 1896 consuetudine
2850 1838 3026 1895 abire
3041 1844 3105 1894 et
3130 1851 3229 1895 re-

427 1935 566 1994 dire
595 1937 837 2003 solent,
872 1950 1155 2008 eousque
1176 1942 1398 1994 nostra
1429 1950 1566 1994 esse
1588 1934 2030 2006 intelliguntur
2050 1977 2067 2009 ‚
2102 1935 2409 2007 quamdiu
2432 1934 2795 1992 revertendi
2817 1933 3099 1990 animum
3121 1933 3228 1991 ha-

429 2031 621 2104 bent3
653 2029 880 2103 quodsi
906 2031 1435 2089 consuetudinem
1453 2030 1856 2088 deseruerint
1882 2030 2243 2088 revertendi
2272 2073 2288 2100 ‚
2322 2030 2623 2087 desinunt
2638 2045 2775 2088 esse
2795 2037 3016 2088 nostra
3045 2030 3229 2087 item-

429 2145 554 2200 que
579 2130 739 2186 fiunt
757 2131 1130 2204 occupantis
1154 2128 1245 2204 ¹⁰).
1275 2136 1607 2189 Caeterum
1644 2138 1754 2188 aut
1786 2130 1935 2188 furti
1962 2138 2220 2189 tenetur
2256 2137 2371 2188 aut
2398 2132 2461 2188 in
2490 2130 2731 2188 sactum
2762 2131 3017 2189 actione
3052 2174 3070 2205 ‚
3117 2129 3230 2203 qui

430 2226 661 2283 animal
688 2225 892 2284 ferum
920 2229 1019 2286 vel
1061 2227 1574 2285 mansuefactum
1600 2270 1618 2295 ‚
1649 2228 1867 2299 quoad
1898 2227 1963 2283 in
1997 2227 2157 2284 alius
2187 2234 2280 2285 est
2319 2227 2605 2284 dominio
2635 2270 2651 2297 ‚
2683 2228 2784 2284 vel
2826 2227 3086 2284 abstulit
3127 2228 3224 2285 vel

429 2326 716 2384 custodia
735 2327 966 2384 dimisit
985 2323 1084 2400 ¹¹).
1106 2330 1446 2385 Praeterea
1473 2325 1535 2400 2)
1558 2326 1720 2385 aliae
1749 2341 2012 2399 quoque
2031 2340 2138 2384 res
2182 2341 2258 2384 ex
2291 2326 2624 2385 mobilium
2665 2340 2901 2397 genere
2949 2326 3229 2384 dominio

429 2418 850 2494 subjiciuntur
875 2424 1246 2495 occupantis
1266 2465 1280 2494 ,
1311 2423 1439 2481 sive
1468 2439 1585 2495 per
1615 2438 1683 2481 se
1707 2428 1858 2481 sunt
1885 2422 2120 2480 nullius
2140 2465 2158 2497 ,
2200 2429 2271 2479 ut
2309 2423 2501 2496 lapilli
2528 2465 2546 2494 ‚
2572 2437 2860 2494 gemmae
2882 2463 2898 2490 ‚
2934 2422 3183 2495 aliaque
3209 2464 3226 2490 ‚

432 2536 598 2592 quae
625 2521 689 2578 in
715 2521 902 2580 litore
923 2521 1337 2579 inveniuntur
1355 2515 1446 2592 12),
1472 2523 1600 2580 sive
1622 2538 1659 2579 a
1685 2522 1955 2581 dominis
1990 2518 2339 2580 derelictae
2364 2519 2464 2596 13);
2489 2538 2655 2594 quae
2679 2520 2932 2595 quidem
2965 2522 3220 2596 acquisi-

436 2610 624 2675 tionis
655 2617 898 2689 species
926 2613 1182 2674 inventio
1207 2619 1373 2676 solet
1403 2618 1737 2691 appellari.
1769 2619 1818 2676 A
1846 2633 1974 2690 qua
2011 2619 2068 2684 5)
2097 2616 2289 2675 etiam
2318 2615 2530 2675 difl'ert
2561 2615 2852 2693 occupatio
2888 2615 3113 2686 bellica,
3159 2624 3231 2676 ut

433 2717 726 2770 vocatur.
761 2715 1194 2790 Quaecunque
1216 2710 1386 2773 enim
1409 2711 1625 2791 sinquli
1646 2714 1911 2787 capiunt
1938 2729 2015 2772 ex
2030 2712 2315 2772 hostibus
2336 2758 2352 2783 ‚
2384 2729 2461 2772 ea
2473 2713 2621 2788 jure
2645 2713 2926 2785 gentium
2948 2714 3108 2772 flunt
3127 2730 3232 2773 oc-

435 2809 807 2881 cupantium
830 2808 925 2883 ι4).
967 2812 1163 2886 quue
1196 2811 1469 2871 vicissim
1513 2825 1894 2870 concessum
1923 2818 2062 2869 erat
2093 2810 2406 2880 hostibus,
2446 2818 2518 2868 ut
2561 2812 2758 2868 etiam
2798 2812 3229 2870 Romanorum

438 2912 552 2962 aut
574 2921 882 2977 personas
902 2914 1016 2966 aut
1043 2923 1147 2966 res
1170 2910 1551 2983 occupando
1580 2924 1725 2966 suas
1748 2908 2038 2966 facerent
2056 2950 2074 2980 ,
2109 2914 2377 2965 eatenus
2409 2908 2666 2979 quidem
2693 2948 2710 2974 ‚
2742 2914 2811 2964 ut
2847 2904 3232 2979 postliminio

992 341 1144 382 PARS
1181 340 1342 382 svm.
1385 341 1501 382 Lm.
1542 341 1615 382 11.
1656 341 1733 383 1)ss
1776 341 1961 384 mus
1999 341 2272 392 numum.
2314 342 2591 385 Domum.

436 3002 682 3064 restitui
700 3010 954 3080 possent
979 3010 1241 3081 pristina
1257 3011 1406 3085 jura
1438 3004 1531 3084 ¹⁵).
1559 3010 1843 3082 Denique
1869 3007 1929 3081 4)
1974 3014 2040 3066 et
2084 3024 2186 3066 res
2225 3007 2340 3066 soli
2381 3007 2841 3083 occupantibus
2873 3010 3233 3068 concedun-

442 3106 549 3159 tur
572 3148 588 3176 ‚
620 3117 865 3178 eaeque
894 3108 1052 3165 tales
1076 3150 1091 3179 ,
1122 3123 1289 3182 quae
1312 3114 1426 3166 aut
1453 3107 1516 3165 in
1539 3101 1777 3165 nullius
1800 3105 2009 3163 adhuc
2034 3103 2211 3162 suere
2229 3103 2511 3162 dominio
2538 3100 2626 3178 ¹⁶),
2646 3109 2756 3160 aut
2782 3119 2820 3160 a
2840 3104 3111 3163 dominis
3128 3106 3233 3165 de-

503 3300 552 3356 2)
575 3301 626 3347 L.
645 3298 696 3348 ὅ.
717 3303 812 3357 §1-
832 3305 889 3351 D.
912 3304 964 3350 Ιι.
986 3308 1024 3351 t.

499 3365 548 3420 3)
574 3363 626 3409 L.
648 3363 696 3410 5.
739 3370 767 3423 ς
798 3363 876 3413 14.
905 3365 981 3414 15.
1008 3369 1062 3413 D.
1086 3365 1226 3414 dea.
1255 3378 1310 3415 v.
1329 3377 1455 3425 a.p.
1484 3390 1539 3401 -
1566 3364 1799 3426 51:01·an

445 3426 634 3480 Besitzss
655 3425 736 3474 51.
761 3441 809 3486 p.
832 3426 945 3475 559.
971 3433 1073 3475 not.
1101 3429 1143 3477 l.

505 3486 552 3543 4)
578 3489 628 3534 L.
652 3488 700 3535 5.
731 3494 818 3549 52.
841 3493 892 3539 3.
914 3494 970 3538 D.
994 3492 1048 3539 Ιι.
1074 3493 1204 3546 ι.-ς
1227 3488 1305 3537 14.
1329 3493 1367 3539 l.
1387 3491 1505 3539 eod.

507 3548 555 3606 5)
580 3553 632 3596 L.
653 3549 702 3597 ὅ.
726 3555 753 3607 S
775 3554 823 3601 1.
848 3554 1005 3608 D.—§
1027 3554 1167 3601 12.1.
1188 3554 1240 3600 Ιι.
1262 3556 1302 3599 t.

508 3611 558 3668 0)
583 3615 727 3660 Velut
764 3618 1030 3663 interdictis
1066 3618 1136 3663 uti
1170 3616 1422 3675 possidetis
1455 3618 1528 3663 vel
1567 3615 1696 3663 unde
1729 3614 1799 3662 vi.

447 3677 501 3722 1..
524 3674 603 3723 11.
639 3678 694 3723 D.
728 3678 883 3726 dcvi.
906 3679 1088 3735 (xuni,
1112 3680 1270 3735 16.)-
1295 3679 1546 3725 Preaterea
1584 3684 1632 3725 et
1677 3679 1802 3734 inju-

447 3740 633 3784 riarum
655 3741 782 3786 actio
798 3742 957 3788 locum
978 3740 1145 3788 habet.
1178 3743 1296 3787 Nam
1318 3741 1432 3787 licet
1464 3742 1515 3786 L.
1549 3740 1627 3788 13.
1662 3744 1799 3797 suit.

447 3798 513 3846 de
533 3799 697 3857 injur.
714 3802 918 3860 (XLVss,
940 3801 1038 3859 10.)
1059 3837 1074 3861 ‚
1097 3805 1159 3849 ad
1193 3813 1343 3861 quam
1374 3805 1517 3862 vulgo
1551 3802 1801 3862 provocari

450 3864 611 3922 solet,
644 3865 705 3909 de
747 3878 915 3913 eorum
929 3866 1039 3921 jure
1060 3866 1375 3921 intelligenda
1408 3867 1472 3911 sit
1493 3898 1508 3922 ‚
1541 3868 1625 3923 qui
1658 3867 1802 3912 rebus

445 3926 662 3972 omnium
685 3926 940 3976 bominum
969 3928 1309 3974 communibus
1347 3928 1418 3973 uti
1462 3929 1801 3985 prohibentur,

447 3990 613 4035 tamen
647 3994 697 4034 ct
728 3997 924 4049 propter
957 3990 1257 4049 prohibitum
1297 3989 1595 4048 privatarum
1640 4002 1805 4037 rerum

446 4062 587 4095 usum
623 4051 913 4106 injuriarum
945 4054 1071 4099 actio
1090 4054 1251 4099 datur.
1288 4053 1340 4100 L.
1374 4049 1455 4100 25.
1506 4055 1558 4099 D.
1593 4051 1662 4100 de
1693 4052 1801 4100 act.

445 4115 569 4159 emti
590 4113 745 4160 vend.
765 4118 909 4173 (Xlx,
931 4116 997 4173 1.)

513 4174 561 4233 7)
578 4176 653 4220 Cf.
677 4177 911 4225 Vinnius
929 4179 992 4224 ad
1012 4179 1037 4232 S
1058 4178 1134 4223 12.
1155 4179 1197 4225 1.
1221 4177 1272 4223 h.
1297 4181 1336 4224 t.
1360 4188 1437 4223 nr.
1461 4173 1510 4223 3.

511 4235 942 4295 8)315.1.—1..5.
969 4242 996 4295 ς
1020 4240 1064 4287 1.
1088 4242 1140 4288 t..
1163 4237 1241 4287 55.
1267 4243 1321 4286 D.
1349 4241 1400 4287 Ιι.
1423 4245 1459 4287 e.

509 4300 558 4356 9)
582 4301 607 4353 S
631 4297 708 4346 12.
734 4302 833 4349 inf.
856 4306 892 4349 l.
916 4304 967 4348 Ιι.
993 4306 1032 4349 t.

513 4363 591 4419 10)
611 4364 664 4407 L.
681 4360 728 4410 5.
752 4363 846 4420 §5-
865 4368 920 4412 D.
944 4366 994 4411 Ιι.
1010 4369 1048 4411 t.
1065 4362 1324 4420 -315.1.
1347 4365 1466 4413 eod.
1503 4391 1557 4399 ——-
1581 4368 1656 4413 Cf.
1681 4369 1733 4414 L.
1755 4366 1803 4414 5.

452 4428 477 4480 S
496 4423 544 4472 ⁴.
565 4425 682 4471 Ι).Ιι.
710 4430 749 4472 t.
774 4429 1042 4483 «Examen,
1063 4429 1193 4484 quod
1218 4440 1276 4473 ex
1291 4428 1427 4474 alveo
1451 4435 1615 4476 nostro
1636 4428 1804 4476 evola-

447 4489 589 4548 verit,
614 4499 677 4533 co
697 4501 869 4548 usque
887 4494 1127 4535 nostr-um
1145 4501 1263 4537 esse
1279 4490 1607 4550 {mellificum
1632 4491 1806 4539 donec

447 4551 506 4595 in
524 4554 811 4608 conspectu
830 4557 1014 4598 nostro
1032 4556 1141 4610 est,
1161 4564 1262 4599 nec
1280 4551 1508 4605 difficilis
1526 4557 1649 4609 ejus
1675 4566 1804 4609 per·-

446 4612 653 4659 scculio
677 4617 763 4660 est
785 4630 797 4660 :
822 4616 1039 4672 alioquin
1054 4616 1337 4672 occupantis
1357 4614 1431 4662 tlt.
1448 4636 1470 4656 n
1501 4641 1557 4648 ——
1585 4618 1703 4665 Nam
1721 4630 1801 4662 re-

447 4674 625 4719 deundi
638 4676 857 4722 animum
876 4677 1102 4723 videntur
1120 4676 1536 4735 deposuisse‚cum
1560 4680 1622 4724 ad
1642 4691 1797 4725 uuum

445 4748 612 4782 omnes
633 4741 962 4785 evolaverunt.
986 4759 1048 4771 --
1071 4739 1131 4784 At
1147 4739 1291 4785 aliter
1314 4739 1393 4783 alii
1409 4752 1512 4786 rem
1535 4741 1795 4798 explicant.

444 4799 556 4845 Vid.
578 4811 624 4846 v.
646 4812 688 4847 e.
712 4799 954 4858 Hoerner
967 4801 1240 4847 comment.
1260 4802 1286 4855 S
1305 4799 1416 4848 500.
1443 4808 1546 4850 not.
1571 4801 1619 4849 5.

443 4925 470 4977 S
500 4861 562 4970 ἐξ
627 4863 680 4911 1..
722 4860 802 4911 55.
838 4864 895 4912 D.
947 4862 1002 4910 A.
1057 4863 1096 4910 t.
1133 4887 1192 4897 —
1247 4865 1535 4922 Westpltae
1561 4862 1797 4925 inigentb.

1923 3305 2003 3362 12)
2055 3302 2277 3360 §18.1.
2321 3304 2372 3351 Ιι.
2411 3307 2448 3350 t.
2497 3328 2558 3337 —
2600 3300 3230 3359 1..1.§1.tnf.n.de

1861 3380 1915 3415 α.
1956 3381 2004 3415 v.
2039 3378 2092 3411 a.
2125 3379 2178 3422 p.

1925 3433 2004 3487 13)
2027 3431 2053 3485 S
2075 3426 2155 3475 ⁴7.
2174 3430 2211 3476 l.
2235 3429 2286 3475 Ιι.
2310 3432 2346 3474 t.
2368 3454 2429 3462 —
2462 3430 2515 3474 L.
2537 3429 2582 3474 1.
2606 3432 2656 3473 et
2672 3430 2720 3473 2.
2761 3429 2819 3473 D.
2838 3438 2937 3483 pro
2955 3425 3227 3474 der-elide.

1862 3490 2385 3550 (xLl‚7.)—-Majansii
2417 3492 2547 3547 Disp.
2565 3492 2624 3535 T.
2652 3493 2687 3536 l.
2712 3491 2793 3536 ΝΥ.
2816 3491 3233 3546 xvh—nequae-

1863 3559 2021 3603 stione
2043 3558 2097 3602 L.
2142 3553 2226 3601 44.
2252 3556 2277 3611 S
2297 3552 2375 3598 10.
2398 3553 2533 3599 [λάε
2549 3551 2714 3606 furtis
2734 3552 2933 3612 (van,
2960 3551 3029 3608 2.)
3052 3562 3231 3609 propo·

1865 3620 1960 3665 sita
1982 3620 2079 3665 vid.
2100 3616 2423 3673 Maian-sium
2455 3617 2487 3660 l.
2514 3618 2547 3662 l.
2573 3619 2598 3670 S
2620 3613 2692 3671 ὅ..
2708 3615 3016 3671 eundemque
3034 3614 3095 3659 de
3116 3609 3229 3660 L.8.

1865 3683 1921 3728 D.
1956 3693 2057 3738 pro
2088 3680 2255 3727 derel.
2300 3703 2359 3711 -—
2395 3680 2649 3724 Praeterea
2682 3678 2970 3723 observanti.
2996 3680 3056 3730 a)
3092 3686 3234 3734 posse

1863 3746 2011 3789 etiam
2033 3743 2181 3800 partis
2202 3742 2306 3788 fleri
2329 3739 2696 3788 derelictionem
2713 3773 2728 3797 ‚
2747 3739 2853 3785 scil.
2879 3750 2907 3784 a
2928 3738 3078 3783 socio.
3107 3740 3158 3784 L.
3179 3734 3231 3785 ὅ.

1866 3808 1920 3851 D.
1942 3819 2040 3863 pro
2065 3804 2229 3851 det-cl.
2269 3828 2324 3837 -
2361 3804 2423 3861 h)
2450 3804 2761 3849 Dominorum
2797 3812 3084 3859 permanere
3117 3812 3194 3846 res
3213 3832 3231 3857 ‚

1865 3881 1989 3926 quae
2014 3867 2245 3914 levandae
2267 3867 2402 3913 navis
2422 3878 2567 3911 causa
2599 3864 2875 3921 ejiciantur,
2897 3866 2923 3918 s
2951 3865 3041 3909 ult.
3065 3865 3100 3908 l.
3117 3863 3169 3909 Ιι.
3191 3867 3230 3907 t.

1865 3955 1927 3964 -—
1962 3933 2011 3976 L.
2034 3927 2086 3976 7.
2108 3932 2161 3975 D.
2183 3941 2282 3985 pro
2301 3928 2498 3985 deoel.;
2522 3935 2689 3974 contra
2714 3938 2829 3972 vero
2846 3926 2903 3980 c)
2946 3936 3027 3970 eas
3060 3922 3234 3970 haberi

1875 4005 1965 4051 pro
1999 3993 2270 4049 derelictis,
2291 4001 2412 4048 quas
2451 3992 2560 4047 quis
2594 3992 2644 4035 in
2680 3991 2850 4045 vulgus
2884 3989 3231 4045 sparserit..oe

1868 4056 2065 4112 quidem
2087 4055 2271 4114 animo,
2288 4060 2343 4099 ut
2366 4053 2507 4109 primi
2528 4056 2764 4108 cujusque
2786 4051 2907 4095 flant
2923 4049 3226 4107 occupantis.

1870 4119 1923 4162 L.
1945 4116 1994 4163 5.
2019 4120 2043 4172 ς
2067 4117 2115 4163 1.
2134 4118 2188 4162 D.
2209 4128 2306 4172 pro
2325 4115 2485 4161 derel.
2514 4140 2575 4149 -—
2595 4117 2620 4169 3
2644 4113 2721 4161 46.
2746 4115 2782 4158 l.
2801 4113 2857 4157 Ιι.
2883 4114 2920 4156 t.
2956 4136 3017 4144 —-
3038 4114 3230 4157 caeter.

1870 4181 1968 4228 vid.
1995 4179 2232 4225 Vinnins
2253 4179 2314 4224 ad
2362 4180 2387 4233 S
2419 4176 2497 4225 ⁴5.
2534 4177 2652 4234 (46.)
2686 4179 2803 4222 lust.
2841 4175 2895 4219 Ιι.
2931 4176 2970 4221 t.
3009 4179 3061 4219 et
3095 4175 3149 4219 12.
3174 4174 3233 4219 L.

1785 4276 1792 4286 .
1875 4240 2193 4294 'Vesenseld
2213 4242 2359 4286 diatr.
2385 4241 2446 4284 de
2465 4241 2713 4298 sparsione
2738 4236 2992 4282 missilium
3003 4236 3075 4292 (iu
3090 4236 3232 4282 Oelr.

1873 4305 1997 4350 thes.
2022 4305 2141 4350 Diss.
2163 4304 2262 4359 jur.
2302 4303 2347 4346 in
2387 4306 2532 4349 acad.
2574 4304 2701 4357 belg.
2736 4300 2851 4345 hab.
2887 4298 2992 4345 Vol.
3016 4300 3078 4344 ll.
3115 4299 3173 4343 T.
3196 4298 3232 4342 l.

1870 4380 1945 4413 nr.
1969 4364 2416 4421 ni.).-Majansii
2440 4366 2567 4424 Disp.
2587 4367 2646 4410 T.
2669 4365 2704 4408 l.
2730 4364 2809 4408 ΝΡ.
2836 4364 2936 4408 XV.

1935 4427 2149 4485 1⁴)317.
2175 4431 2208 4476 l.
2237 4427 2287 4472 Ιι.
2306 4429 2487 4472 t.—1..
2508 4427 2589 4475 51.
2610 4429 2636 4481 S
2656 4426 2700 4473 1.
2724 4429 2779 4471 D.
2805 4424 2858 4469 Ιι.
2879 4426 2918 4470 1.
2943 4447 3000 4455 —
3041 4423 3235 4468 caeter.

1870 4492 1967 4537 vid.
1994 4494 2039 4548 a)
2064 4493 2113 4537 L.
2130 4491 2210 4537 20.
2237 4491 2261 4543 S
2282 4490 2326 4534 1.
2353 4489 2406 4533 D.
2431 4490 2498 4537 de
2517 4490 2713 4545 captiv.
2735 4486 3028 4542 etposetim.
3050 4485 3236 4543 (ΧιΙΧ,

1868 4551 2078 4610 15.)—b)
2100 4556 2153 4599 L.
2175 4554 2256 4598 51.
2285 4553 2339 4597 D.
2363 4550 2762 4611 deJ.F.(.³(Lix‚
2783 4547 2880 4605 1⁴.)
2902 4573 2963 4582 -
2989 4550 3037 4594 L.
3067 4544 3146 4592 15.
3172 4547 3231 4592 D.

1863 4617 1939 4661 ad
1955 4619 2008 4662 L.
2032 4617 2146 4662 «lul.
2168 4613 2582 4672 pecut.(x1.v1n‚
2608 4616 2705 4672 13.)
2735 4639 2788 4647 —-
2813 4613 2889 4659 ct.
2915 4608 3236 4658 Vinniusad

1862 4676 1982 4731 317.
2006 4679 2044 4725 l.
2072 4678 2125 4725 Ιι.
2152 4679 2188 4723 1.
2216 4690 2291 4723 nr.
2323 4675 2373 4722 2.
2405 4680 2454 4725 5.
2492 4685 2542 4724 et
2565 4680 2757 4735 Maycr
2797 4675 2847 4721 in
2883 4673 3120 4720 zeitschr.
3144 4670 3234 4717 itti·

1862 4740 2027 4797 gesch.
2050 4741 2107 4786 R.
2132 4741 2212 4786 W.
2237 4742 2296 4785 T.
2322 4739 2446 4787 Vlll.
2484 4753 2532 4800 p.
2549 4738 2614 4787 75
2636 4751 2745 4798 sqq.

1926 4800 2146 4859 15)1..4.
2183 4804 2235 4848 L.
2261 4801 2354 4854 533
2382 4804 2423 4850 1.
2450 4803 2580 4849 Ι).1ι.
2605 4807 2641 4849 t.
2668 4827 2726 4838 -
2751 4798 2992 4855 1..2.32.
3022 4795 3141 4845 eod.
3170 4819 3243 4835 —-

1864 4868 1918 4912 1..
1935 4864 1984 4910 Ξ.
2004 4864 2122 4911 eod.

1936 4924 2153 4986 1⁰)1..7.
2179 4927 2274 4985 §5-
2299 4926 2354 4973 D.
2379 4927 2433 4976 Ιι.
2455 4932 2493 4976 t.
