3544 5506
502 331 618 391 488

502 457 594 515 ita
613 454 928 513 tradendo
962 452 1197 511 marito
1220 499 1238 524 ,
1270 457 1348 512 ut
1378 450 1692 510 fructibus
1721 451 1873 510 inde
1900 447 2223 524 perceptis
2253 457 2585 526 tamquam
2610 451 2769 512 dote
2799 456 3025 511 utatur
3052 464 3282 525 eosque

502 567 636 610 una
660 565 810 626 cum
835 565 906 609 re
931 544 1265 624 principali
1290 549 1678 623 quandoque
1705 548 2005 607 restituat.
2034 546 2136 622 ¹⁷).

1003 344 1156 388 mus
1192 343 1353 388 SPEC-
1393 343 1513 386 m.
1553 341 1642 386 tv.
1681 342 1762 386 DE
1799 342 1954 387 mn
1988 341 2322 387 mumulo
2356 342 2430 385 Π
2465 342 2783 386 mm.

1401 729 1428 803 ς
1454 730 1602 790 529.
1631 728 1686 803 φ)
1715 729 1859 786 Doto
1877 725 2059 785 evicta
2088 723 2176 784 vel
2195 724 2430 784 amissa.

583 918 745 974 Dote
764 913 866 974 vel
891 912 1094 973 evicta
1110 912 1213 971 vel
1239 910 1469 969 amissa
1490 955 1506 982 ,
1536 925 1685 969 cum
1709 909 1774 967 id
1796 908 2054 981 quidem
2079 908 2268 980 culpa
2291 906 2629 980 contigerit
2656 902 2903 977 mariti,
2935 922 3068 967 non
3090 909 3280 967 solum

506 1015 686 1073 nulla
713 1021 808 1073 est
830 1014 966 1088 ejus
986 1054 1001 1079 ‚
1026 1029 1061 1071 a
1087 1028 1215 1086 quo
1237 1010 1528 1085 protecta
1550 1015 1648 1068 est
1669 1011 1786 1068 dos
1803 1052 1820 1076 ,
1853 1009 1941 1066 ad·
1960 1008 2443 1066 instaurandam
2470 1008 2683 1065 dotem
2713 1006 3041 1080 obligatio,
3070 1022 3280 1065 verum

505 1107 700 1170 etiam
725 1111 992 1168 maritus
1017 1108 1240 1182 utique
1261 1107 1595 1165 restituere
1622 1101 1721 1172 id,
1749 1105 1921 1177 quod
1946 1100 2195 1176 accepit
2211 1147 2230 1171 ,
2251 1118 2511 1162 necesse
2539 1104 2755 1163 habet.
2784 1104 3021 1180 Quodsi
3041 1105 3280 1176 culpam

504 1202 776 1265 maritus
800 1208 1041 1263 nullam
1067 1202 1314 1262 admisit
1334 1244 1351 1270 ,
1377 1218 1416 1259 a
1437 1200 1815 1260 restituendi
1846 1199 2103 1272 quidem
2129 1199 2344 1259 officio
2372 1195 2669 1258 immunis
2690 1205 2788 1258 est
2814 1197 2878 1272 ¹).
2912 1195 3001 1257 At
3019 1202 3281 1273 plerum-

506 1318 634 1376 que
661 1318 745 1361 ne
768 1309 905 1360 tum
945 1296 1203 1375 quidem
1241 1294 1343 1371 agi
1370 1298 1609 1372 poterit
1630 1339 1647 1365 ,
1674 1303 1749 1354 ut
1779 1297 1874 1354 vel
1905 1291 2138 1354 iterum
2160 1297 2280 1355 dos
2317 1295 2779 1362 constituatur,
2813 1296 2912 1353 vel
2958 1311 3062 1354 res
3093 1311 3281 1354 resar-

505 1402 764 1461 ciantur
787 1397 857 1474 ²),
893 1399 1026 1458 sive
1057 1413 1209 1457 casu
1233 1396 1565 1470 deperdita
1591 1395 1674 1453 sit
1696 1396 1819 1453 dos
1843 1396 1943 1453 vel
1981 1395 2210 1453 amissa
2230 1392 2304 1470 8),
2336 1391 2471 1454 sive
2504 1396 2707 1454 evicta
2735 1390 2805 1467 ⁴),
2833 1390 3137 1467 itemque,
3164 1395 3281 1454 sive

506 1499 818 1573 promissa
857 1501 974 1558 dos
1005 1499 1112 1568 sit,
1157 1498 1290 1557 sive
1330 1512 1406 1556 ex
1450 1497 1591 1567 lege
1632 1496 1948 1554 debeatur
1984 1491 2026 1567 ⁵)
2041 1511 2077 1578 ς,
2105 1502 2561 1568 praeterquam
2608 1501 2721 1553 aut
2764 1500 3034 1567 propter
3074 1494 3276 1552 dolum

507 1598 752 1666 dantis,
781 1601 894 1652 aut
920 1610 998 1653 ex
1045 1593 1468 1667 promissione
1508 1591 1635 1650 hoc
1660 1592 1924 1650 nomine
1955 1589 2128 1649 facta
2151 1633 2168 1661 ,
2211 1597 2324 1648 aut
2354 1590 2700 1649 aestimatis
2746 1591 2939 1648 rebus
2971 1590 3038 1647 in
3078 1591 3276 1648 dotem

507 1696 670 1754 datis
687 1739 706 1770 ‚
730 1711 897 1768 quae
925 1694 1184 1767 quidem
1224 1692 1544 1766 posterior
1571 1705 1766 1749 causa
1796 1684 1988 1749 efficit
2009 1735 2026 1763 ‚
2055 1696 2131 1749 ut
2158 1692 2243 1750 ob
2272 1690 2515 1750 evictas
2556 1706 2661 1749 res
2688 1691 2935 1749 dotales
2964 1694 3271 1763 tamquam

508 1796 778 1850 exemto
804 1791 971 1850 actio
994 1790 1300 1848 adversus
1324 1804 1474 1847 eum
1498 1789 1713 1846 locum
1739 1787 1976 1846 habeat
1991 1829 2010 1863 ,
2031 1788 2144 1860 qui
2172 1783 2382 1846 intulit
2407 1789 2625 1847 dotem
2648 1786 2729 1864 ὓ).

788 1973 816 2047 ς
853 1970 999 2031 530.
1024 1968 1068 2043 t')
1091 1970 1175 2027 De
1197 1966 1348 2027 dotis
1372 1965 1774 2026 constitutione
1796 1965 2020 2045 nuptiis
2047 1965 2222 2025 nullis
2250 1963 2339 2025 vel
2362 1963 2621 2024 nondum
2641 1964 2844 2026 secutis
2862 1962 3051 2042 facta.

521 2225 524 2230 .
590 2169 886 2249 Quamvis
920 2169 1057 2228 sine
1076 2169 1313 2243 nuptiis
1340 2169 1456 2228 dos
1489 2182 1627 2227 esse
1655 2166 1882 2243 nequit.
1915 2165 1983 2242 ¹),
2023 2175 2243 2227 tamen
2271 2168 2423 2228 dote
2461 2166 2808 2227 constituta
2844 2180 2980 2225 non
3028 2175 3260 2241 prorsus

571 2361 652 2423 17)
672 2364 724 2411 1..
746 2360 798 2411 4.
841 2364 898 2410 D.
938 2362 1007 2411 de
1042 2364 1184 2419 pact.
1224 2360 1439 2410 dotalib.
1470 2361 1637 2419 xxlll,
1658 2359 1707 2409 4.
1732 2361 1749 2419 (
1774 2376 1801 2406 tt
1818 2362 1869 2410 Sl

509 2427 806 2483 convenerit,
824 2431 878 2471 ut
897 2425 1084 2472 fructus
1107 2426 1157 2471 in
1181 2425 1346 2471 dotem
1364 2430 1781 2480 converterentur,
1805 2437 1869 2471 an

488 2491 665 2537 ‘valeat
685 2488 944 2535 conventio
970 2491 992 2534 ἰ
1029 2489 1085 2533 Et
1105 2487 1355 2533 Marcellus
1376 2487 1446 2534 ait
1462 2520 1479 2544 ,
1494 2488 1868 2533 conventionem

509 2563 607 2598 non
632 2552 818 2598 valere:
844 2562 995 2608 prope
1034 2550 1165 2595 enim
1199 2550 1466 2597 indotatam
1507 2549 1759 2595 mulierem
1776 2548 1870 2596 boc

1993 2361 2042 2419 3)
2062 2365 2181 2422 Arg.
2198 2364 2252 2410 1..
2273 2362 2354 2411 23.
2377 2364 2429 2412 in
2447 2365 2488 2412 t'.
2504 2367 2560 2412 D.
2582 2363 2651 2411 de
2671 2366 2913 2424 major.

1993 2423 2042 2482 ⁴)
2066 2426 2120 2475 1..
2138 2424 2220 2473 69.
2239 2427 2266 2481 ς
2285 2424 2335 2473 7.
2360 2428 2415 2473 D.
2435 2428 2488 2474 Ιι.
2515 2430 2551 2473 e.
2586 2426 2674 2473 Cui
2694 2439 2781 2473 nec
2796 2429 3034 2484 repugnat
3056 2425 3107 2472 Ι..
3124 2422 3195 2471 71.
3212 2423 3259 2470 D.

1930 2486 1999 2534 de
2019 2488 2176 2538 evice.
2197 2489 2300 2535 xxi
2326 2522 2341 2543 ,
2369 2490 2416 2535 Ξ.
2459 2488 2477 2545 (
2498 2489 2678 2547 quippe
2697 2501 2824 2547 quae
2839 2490 2900 2535 de
2921 2487 3074 2546 patris
3086 2489 3185 2544 ,iure
3199 2488 3261 2533 lo-

1932 2555 2127 2609 quatur,
2151 2552 2220 2598 rei
2239 2551 2303 2596 ab
2326 2551 2428 2607 ipso
2452 2553 2501 2598 in
2524 2552 2690 2597 dotem
2711 2552 2854 2597 datae
2877 2550 3076 2608 eiusque
3110 2549 3264 2594 evictae

510 2620 653 2672 pacto
673 2612 794 2659 fleri.
812 2611 993 2658 sedita
1016 2612 1291 2670 distinguit,
1302 2616 1377 2668 ut,
1398 2611 1635 2668 siquidem
1659 2611 1869 2658 fundum

509 2676 562 2722 in
585 2677 750 2722 dotem
779 2673 967 2721 dederit
1005 2675 1182 2720 mulier
1221 2674 1290 2720 ita
1309 2706 1325 2730 ,
1358 2676 1413 2719 ut
1440 2673 1642 2720 maritus
1679 2673 1869 2719 tructus

509 2738 762 2794 redderet,
792 2748 889 2783 non
911 2748 1014 2783 esse
1034 2741 1193 2783 ratum
1227 2740 1422 2794 pactum
1442 2770 1457 2789 ,
1479 2737 1705 2793 idemque
1727 2747 1833 2781 esse
1850 2770 1865 2793 ,

510 2805 558 2845 et
581 2802 620 2848 si
642 2799 997 2846 usumfructum
1010 2799 1059 2844 in
1068 2798 1230 2844 dotem
1242 2798 1334 2844 hoc
1353 2803 1494 2855 pacto
1515 2798 1673 2844 dedit:
1693 2798 1867 2856 quodsi

509 2864 810 2909 convenisset
838 2863 899 2906 de
930 2860 1167 2907 fructibus
1189 2859 1448 2906 reddendis
1464 2893 1479 2917 ,
1501 2859 1595 2907 boc
1616 2865 1689 2906 est
1704 2894 1720 2913 ,
1742 2860 1870 2907 utin

511 2923 625 2971 dote
635 2926 791 2971 essent
804 2924 1009 2981 tructus,
1030 2934 1272 2981 quosquos
1290 2922 1598 2982 percepisset,
1619 2927 1670 2968 et
1691 2921 1872 2968 fundus

511 2987 586 3032 vel
608 2987 911 3033 ususfructus
941 2987 994 3032 in
1015 2985 1107 3031 boc
1127 2985 1333 3031 traditus
1353 2990 1425 3029 est
1442 3018 1457 3040 ,
1480 2996 1580 3030 non
1613 2988 1668 3030 ut
1688 2985 1872 3031 fundus

512 3051 586 3095 vel
606 3051 792 3096 fructus
823 3048 962 3095 fleret
989 3048 1165 3094 dotalis
1181 3080 1198 3106 ‚
1216 3048 1300 3094 sed
1324 3050 1379 3093 ut
1398 3046 1583 3093 tructus
1604 3047 1876 3105 perciperet

511 3112 637 3157 dotis
662 3110 850 3157 futuros
875 3144 890 3166 ,
912 3108 1184 3166 cogendum
1225 3109 1286 3155 de
1330 3108 1445 3155 dote
1461 3109 1650 3156 actione
1685 3108 1874 3155 fructus

511 3175 730 3221 reddere.
752 3174 903 3220 Erunt
924 3173 1073 3231 igitur
1091 3172 1141 3217 in
1159 3172 1272 3218 dote
1285 3171 1552 3230 fructus‚et
1569 3172 1760 3217 fruetur
1782 3170 1873 3217 iste

511 3237 672 3283 usuris
693 3270 708 3294 ‚
729 3247 855 3294 quae
877 3246 936 3281 ex
958 3234 1198 3281 fructibus
1220 3235 1435 3280 collectis
1454 3234 1574 3279 etin
1597 3236 1776 3279 sortem
1800 3244 1874 3278 re·

511 3297 667 3345 dactis
685 3297 865 3356 percipi
887 3299 1101 3355 possunt.
1144 3296 1241 3353 Ego
1283 3296 1546 3354 utrubique
1563 3294 1777 3341 arbitror
1797 3295 1872 3341 in-

514 3363 716 3418 teresse,
735 3371 832 3418 qua
854 3358 1261 3417 contemplatione
1281 3357 1370 3404 dos
1390 3359 1453 3402 sit
1472 3359 1585 3403 data
1611 3373 1622 3403 ε
1649 3361 1723 3411 ut,
1746 3356 1787 3401 si
1807 3356 1871 3403 ob

512 3420 605 3469 hoc
630 3422 672 3468 ei
692 3422 926 3477 maiorem
970 3421 1135 3467 dotem
1174 3420 1350 3464 mulier
1364 3419 1529 3476 dedit,
1550 3420 1662 3477 quia
1683 3419 1870 3464 fructus

512 3485 706 3531 volebat
741 3495 846 3530 esse
886 3484 1015 3529 dotis
1041 3517 1055 3538 ,
1078 3484 1309 3528 contento
1355 3481 1532 3527 marito
1553 3493 1609 3528 ea
1631 3480 1834 3539 pecunia
1857 3514 1873 3539 ‚

512 3558 639 3604 quae
661 3558 719 3593 ex
743 3545 900 3592 usuris
924 3546 1170 3591 redituum
1188 3543 1460 3601 colligitur,
1484 3554 1624 3600 posse
1638 3542 1734 3589 dici
1756 3552 1879 3588 con-

509 3609 791 3655 ventionem
808 3608 969 3653 valere
986 3622 998 3653 ε
1015 3618 1104 3651 nec
1119 3606 1251 3650 enim
1262 3605 1450 3650 videtur
1462 3605 1637 3651 sterilis
1654 3616 1757 3650 esse
1769 3604 1876 3651 dos.

511 3670 659 3729 Finge
674 3671 984 3729 quadragena
1006 3678 1169 3714 annua
1213 3678 1316 3713 esse
1356 3667 1541 3712 reditus
1559 3667 1686 3725 apud
1719 3677 1831 3712 eum
1852 3701 1868 3726 ‚

511 3732 713 3791 quinon
734 3732 972 3789 reciperet
988 3730 1039 3776 in
1063 3730 1227 3776 dotem
1250 3762 1265 3785 ,
1292 3728 1385 3774 nisi
1411 3728 1504 3774 hoc
1532 3728 1832 3775 convenisset
1855 3763 1871 3787 ,

514 3796 621 3851 plus
640 3800 909 3841 trecentum
933 3792 1020 3849 [al.
1044 3789 1291 3847 trecentis]
1322 3805 1335 3836 ι
1362 3792 1432 3837 uti
1456 3791 1570 3837 boni
1596 3793 1874 3838 consuleret

514 3855 609 3913 [al.
632 3858 703 3902 uti
733 3856 868 3903 oneri
889 3855 1162 3901 consuleret
1196 3865 1211 3912 ς
1251 3853 1352 3899 vid.
1373 3852 1617 3900 Accursli
1633 3854 1710 3899 Gl.
1731 3855 1790 3899 ad
1818 3851 1868 3899 h.

514 3918 599 3976 l.],
637 3923 737 3965 tam
760 3918 960 3965 uberem
997 3917 1159 3963 dotem
1184 3917 1503 3962 consecutus?
1543 3916 1598 3961 Et
1617 3915 1734 3972 quid
1756 3916 1879 3961 dici-

511 3991 640 4035 mus,
664 3981 705 4027 si
728 3986 923 4038 pactum
946 3979 1039 4025 tale
1061 3978 1324 4024 intervenit
1342 4012 1357 4033 ,
1381 3982 1437 4023 ut
1457 3978 1658 4024 maritus
1692 3976 1878 4023 fructus

512 4042 564 4087 in
586 4045 750 4089 dotem
777 4044 1082 4089 converteret
1104 4043 1154 4085 et
1175 4040 1350 4086 mulier
1388 4051 1442 4086 se
1484 4051 1689 4098 suosque
1724 4040 1881 4086 aleret

512 4100 811 4164 tuereturve,
829 4109 880 4150 et
900 4104 1121 4149 universa
1144 4112 1295 4148 onera
1315 4113 1399 4148 sua
1424 4102 1707 4160 expediret?
1729 4113 1881 4159 quare

509 4178 613 4283 pon
646 4167 779 4213 dicas
801 4166 1194 4275 2ciontrentionem
1226 4165 1388 4212 valere
1404 4166 1481 4223 7»)
1504 4188 1564 4198 —
1584 4163 1652 4210 de
1670 4165 1878 4221 Meyer·

534 4228 623 4276 eld
639 4230 675 4276 l.
696 4230 728 4277 l.
754 4230 780 4284 S
868 4262 880 4275 .

1133 4351 1160 4406 S
1190 4347 1304 4399 529.

575 4477 621 4531 1)
640 4477 695 4525 1..
712 4475 793 4526 49.
813 4474 902 4534 51.
925 4476 982 4523 D.
1003 4475 1100 4523 sol.
1122 4477 1283 4523 matr.
1308 4476 1491 4537 (ΧΧΝ,
1509 4474 1774 4534 5.)—-(Vat.
1793 4475 1876 4521 Fr.

509 4540 538 4595 s
557 4537 786 4657 9111))1ζ6.
816 4598 1046 4649 conradi
1066 4597 1220 4659 (resp.
1241 4599 1481 4654 Heinzio)
1517 4600 1572 4646 t).
1614 4598 1675 4645 de
1698 4602 1837 4656 patre
1862 4631 1878 4657 ,

513 4662 663 4709 filiam
679 4696 696 4721 ,
716 4676 841 4722 quae
863 4665 1029 4710 dotem
1051 4663 1236 4719 amisit,
1273 4664 1450 4710 lterum
1485 4662 1654 4708 dotare
1677 4671 1775 4710 non
1795 4670 1878 4706 co·

513 4726 688 4782 gendo.
712 4727 834 4784 Lips.
859 4724 999 4773 1728.
1022 4722 1069 4771 4.
1084 4750 1145 4759 —-
1163 4725 1436 4772 Zimmern
1453 4726 1504 4770 in
1527 4724 1696 4771 Archiv
1718 4722 1754 4769 t.
1785 4724 1879 4768 civ.

514 4787 681 4833 Praxis
716 4788 752 4833 ll
777 4822 791 4844 ,
815 4785 893 4834 15.
934 4812 995 4821 —
1029 4786 1236 4834 Dissent.
1252 4788 1382 4845 quod
1403 4786 1599 4845 quidem
1621 4789 1685 4834 ad
1706 4795 1877 4832 eorum

426 4884 431 4894 .
514 4849 862 4906 obligationem
883 4850 1076 4905 attinet,
1091 4851 1175 4908 qui
1194 4851 1387 4906 exlegis
1403 4850 1686 4897 necessitate
1709 4850 1880 4895 dotare

505 4916 775 4973 coguntur,
799 4910 1019 4960 Thibaue
1037 4912 1187 4960 Pand.
1209 4913 1249 4960 1.
1272 4910 1426 4968 3443.
1447 4911 1497 4959 in
1519 4912 1556 4959 1.

1931 2612 2128 2659 nomine
2150 2614 2378 2660 adversus
2398 2613 2697 2659 venditorem
2718 2612 2916 2671 agendi3
2932 2614 3040 2659 sid.
3068 2617 3114 2659 et
3132 2612 3176 2656 1..
3197 2609 3264 2657 75.

1932 2675 1986 2720 D.
2023 2675 2078 2721 Ιι.
2100 2678 2188 2734 L),
2221 2686 2319 2721 non
2340 2676 2496 2733 magis
2515 2687 2664 2734 quam
2703 2676 2755 2722 1..
2780 2687 2865 2722 un.
2899 2677 2926 2730 S
2973 2675 3018 2724 1.
3059 2678 3109 2722 C.
3126 2673 3185 2719 de
3202 2673 3269 2720 rei

1930 2748 2092 2784 uxor.
2116 2740 2219 2787 acl.
2245 2738 2319 2795 (V
2334 2774 2349 2795 ,
2372 2737 2449 2784 ts.
2473 2738 2489 2794 )
2525 2740 2641 2785 Nam
2662 2737 2796 2796 quod
2817 2737 2999 2784 dicitur
3020 2755 3031 2785 ι
3053 2753 3078 2781 α
3094 2760 3144 2770 -
3162 2741 3206 2780 et
3224 2736 3266 2783 in

1930 2798 2208 2856 hujusmodi
2229 2799 2418 2847 actione
2440 2802 2613 2848 domus
2641 2811 2701 2846 ex
2736 2805 2943 2858 utroque
2977 2802 3116 2847 latere
3130 2797 3267 2856 hypo-

1935 2861 2127 2910 thecam
2145 2886 2209 2896 —
2227 2887 2283 2895 —
2307 2863 2466 2910 rebus
2485 2861 2750 2910 dotalibus
2785 2863 2975 2910 evictis
2994 2896 3011 2923 ,
3030 2864 3118 2909 sire
3139 2862 3262 2918 ipsae

1935 2925 2224 2983 principales
2256 2936 2488 2983 personae
2520 2925 2658 2971 dotes
2697 2924 2947 2983 dederint,
2972 2925 3037 2971 vel
3057 2923 3259 2982 promise-

1935 2987 2054 3043 rint,
2076 2988 2151 3033 vel
2171 2987 2470 3044 susceperint
2490 3022 2505 3043 ,
2536 2989 2636 3033 sive
2658 2987 2782 3033 aliae
2803 2999 2895 3045 pro
2921 2986 2996 3033 his
3016 2996 3219 3043 persome
3237 2998 3263 3027 s

1937 3070 1999 3081 -
2034 3071 2126 3109 —‚
2150 3049 2200 3097 id
2230 3061 2329 3095 non
2361 3049 2422 3095 ad
2447 3049 2698 3097 evictionis
2720 3050 3044 3107 praestandae
3062 3058 3237 3094 causam
3252 3079 3268 3103 ,

1936 3120 2105 3157 verum
2129 3112 2191 3157 ad
2221 3111 2561 3169 obligationem
2585 3112 2677 3158 boc
2699 3112 2898 3158 nomine
2919 3116 3049 3157 recte
3062 3112 3270 3157 constitu·

1936 3174 2039 3218 tam
2061 3173 2369 3219 referendum
2381 3174 2612 3221 esu—ct.
2632 3179 2683 3220 et
2700 3178 2803 3220 not.
2826 3171 2878 3221 6.

1998 3231 2047 3285 5>
2068 3236 2274 3283 Dissent.
2302 3235 2432 3293 quod
2452 3236 2648 3290 quidem
2670 3236 2732 3282 ad
2745 3235 2907 3281 dotem
2929 3234 3197 3293 promissam
3215 3236 3271 3278 at·

1932 3296 2076 3351 tinet,
2101 3294 2260 3345 8161·ch
2280 3297 2429 3344 Pand.
2450 3299 2552 3344 XX.
2576 3301 2601 3354 s
2622 3295 2731 3344 117.
2758 3310 2806 3355 p.
2828 3295 3066 3344 98—209.
3088 3302 3134 3343 et
3150 3294 3267 3341 xxv.

1936 3370 1984 3416 p.
2006 3356 2069 3406 78
2103 3383 2162 3392 —
2196 3356 2277 3405 79.
2311 3360 2406 3406 Sed
2444 3360 2542 3405 vid.
2589 3364 2807 3406 nostram
2848 3360 2986 3416 Legis
3026 3356 3105 3406 71.
3148 3360 3197 3405 Ι).
3216 3356 3271 3403 ds

1933 3419 2087 3468 eniel.
2113 3421 2561 3479 interpretationem
2583 3422 2714 3479 (not.
2736 3419 2784 3469 4.
2805 3423 2823 3480 )
2846 3427 2895 3468 et
2910 3422 3162 3482 scriptores
3180 3424 3268 3466 not.

1937 3494 2039 3540 seq.
2061 3485 2205 3540 alleg.

1999 3543 2048 3601 6)
2072 3547 2124 3592 1..
2150 3546 2197 3592 1.
2221 3546 2274 3592 C.
2296 3544 2501 3601 dejure
2521 3544 2630 3591 dot.
2656 3559 2682 3587 tt
2698 3544 2859 3591 Evicta
2885 3556 2970 3603 re,
3001 3556 3122 3603 quae
3139 3544 3272 3590 meret

1940 3607 1991 3653 in
2011 3607 2176 3653 dotem
2196 3609 2309 3654 data
2330 3640 2345 3665 ,
2387 3608 2428 3653 si
2469 3607 2754 3665 pollicitatio
2784 3608 2858 3651 vel
2881 3607 3134 3664 promissio
3150 3606 3272 3652 fuerit

1934 3670 2223 3728 interposita
2249 3703 2265 3727 ,
2295 3681 2443 3728 gener
2469 3675 2633 3716 contra
2659 3672 2978 3716 socerumvet
3010 3670 3237 3716 mulierem
3256 3697 3270 3719 ‚

1935 3743 2019 3777 seu
2041 3731 2242 3779 heredes
2263 3731 2785 3788 eorum,condictione,
2804 3732 2880 3776 vel
2902 3743 2965 3778 ex
2988 3732 3269 3789 stipulatione

1936 3804 2079 3850 agere
2103 3799 2275 3853 potest.
2320 3794 2404 3840 Sin
2437 3799 2601 3840 autem
2622 3796 2755 3839 nulla
2779 3793 3063 3851 pollicitatio
3086 3796 3152 3839 vel
3174 3802 3267 3849 pro·

1937 3857 2105 3903 missio
2130 3857 2473 3913 intercesserit,
2488 3862 2595 3914 post
2606 3855 2887 3901 evictionem
2908 3857 3034 3912 ejus,
3055 3858 3091 3902 si
3104 3854 3269 3913 quidem

1944 3930 2019 3963 res
2041 3920 2295 3965 aestimata
2319 3918 2485 3971 tuerit,
2508 3930 2564 3963 ex
2582 3923 2719 3963 emto
2739 3920 2973 3974 competit
2994 3920 3136 3964 actio.
3155 3916 3267 3974 [Vnt.

1940 3979 2017 4026 Fr.
2041 3983 2067 4036 s
2089 3978 2222 4038 105.]
2245 3980 2329 4027 sin
2351 3992 2464 4026 vero
2482 3980 2574 4026 boc
2595 3991 2692 4026 non
2715 3978 3020 4040 estfactum,
3046 3980 3083 4024 si
3102 3979 3270 4037 quidem

1942 4042 2070 4088 bona
2088 4043 2183 4089 tide
2197 4044 2368 4090 eadem
2391 4054 2467 4088 res
2489 4044 2539 4088 in
2560 4043 2727 4089 dotem
2749 4044 2866 4088 data
2886 4046 2980 4098 est,
3004 4044 3132 4088 nulla
3151 4037 3271 4086 mari-

1943 4107 1994 4150 to
2015 4106 2249 4164 competit
2278 4104 2424 4151 actio.
2448 4105 2468 4162 [
2491 4103 2604 4151 vid.
2643 4103 2706 4151 ad
2740 4104 2863 4150 baec
2883 4102 3033 4150 verba
3054 4108 3152 4150 not.
3176 4099 3216 4148 1.
3232 4100 3273 4145 in

1943 4166 2022 4212 ed.
2043 4166 2372 4228 Spanqenb.]
2396 4167 2513 4212 Dolo
2547 4172 2713 4213 autem
2730 4165 2891 4212 dantis
2913 4166 3208 4226 interposito.
3225 4161 3273 4207 de

1944 4229 2058 4274 dolo
2079 4231 2207 4276 actio
2229 4228 2456 4274 adversus
2488 4240 2612 4276 eum
2642 4231 2806 4276 locum
2827 4227 3046 4276 babebit.
3060 4244 3084 4269 n
3108 4251 3162 4261 -
3183 4223 3276 4271 TH-

1946 4288 2078 4337 baut
2096 4292 2288 4338 civilist.
2312 4290 2436 4336 Abb.
2459 4304 2508 4350 p.
2529 4288 2592 4337 56
2611 4310 2672 4320 —
2692 4289 2773 4338 59.
2793 4289 2810 4345 (
2830 4288 2895 4336 ct.
2921 4294 3089 4339 Basse
3107 4292 3272 4336 Gnterr.

1945 4353 1996 4401 d.
2019 4352 2281 4462 Ehegattlen
2300 4351 2373 4461 581
2389 4352 2621 4402 lo—tts.
2637 4364 2688 4410 p.
2707 4350 3022 4411 ass—⁴114.
3049 4352 3114 4400 de
3129 4348 3275 4410 quer·

1943 4418 2141 4464 stroem
2159 4417 2193 4462 l.
2239 4449 2250 4462 .
2267 4418 2294 4473 ς
2345 4446 2362 4464 .

2486 4536 2654 4595 8550.

2007 4664 2053 4722 1)
2073 4664 2129 4709 L.
2152 4662 2201 4711 3.
2224 4665 2279 4711 l..
2297 4661 2379 4711 st.
2405 4664 2486 4711 22.
2510 4664 2563 4710 L.
2582 4661 2663 4711 41.
2685 4665 2711 4720 S
2732 4663 2779 4710 1.
2801 4665 2854 4710 D.
2876 4664 2930 4712 11.
2957 4666 2996 4711 t.
3019 4658 3272 4720 (lumba).

1945 4727 2178 4772 -Hasse
2201 4729 2234 4773 Ι.
2259 4728 2294 4773 l.
2314 4730 2339 4784 ς
2358 4723 2571 4773 'io—de
2595 4726 2940 4787 Tiqerstroem
2958 4729 2990 4773 l.
3013 4728 3050 4771 t.
3066 4728 3090 4781 ς
3109 4719 3270 4769 2.-(:f.

1941 4789 1997 4835 1..
2016 4787 2097 4835 23.
2122 4790 2177 4835 D.
2198 4788 2317 4835 eod.
2347 4789 2502 4844 «Quia
2519 4794 2683 4834 autem
2707 4790 2757 4834 in
2779 4789 3093 4847 stipulatione
3112 4797 3198 4832 non
3211 4782 3270 4825 ὅ*

1943 4852 2215 4898 neccssaria
2233 4851 2361 4897 dotis
2378 4850 2591 4906 adjectio
2609 4884 2624 4905 ,
2647 4852 2796 4896 etiam
2820 4852 2868 4897 in
2887 4852 3083 4897 datione
3101 4851 3271 4916 tantun-

1944 4914 2056 4961 dem
2076 4912 2358 4962 ducimus.»
2381 4914 2489 4961 vid.
2512 4914 2699 4961 Basilic.
2721 4914 2777 4959 Τ.
2803 4914 2884 4961 tv.
2906 4925 2958 4974 p.
2978 4910 3272 4963 5¹2—de-
