3544 5506
461 302 573 359 228

462 425 701 499 gaudet
721 424 964 500 jurium
994 423 1444 483 habendorum
1486 422 1795 482 facultate
1823 420 1899 497 ¹),
1944 430 2083 482 tum
2109 438 2269 482 vero
2296 422 2538 483 domini
2576 419 2795 482 animo
2827 422 3034 480 utitur
3054 461 3072 491 ‚
3116 422 3164 479 i.
3209 437 3278 481 e.

464 537 605 581 rem
626 521 738 580 sibi
759 520 997 579 hahere
1021 520 1158 577 vult
1185 517 1234 594 2)
1258 563 1274 590 ,
1330 519 1430 577 vel
1447 519 1553 593 jus
1571 562 1589 595 ,
1623 533 1772 577 cum
1798 519 1880 578 de
1901 518 2064 592 juris
2086 520 2481 592 possessione
2506 519 2734 591 agitur.
2774 521 3285 591 Nonnumquam

462 627 677 679 autem
712 626 776 678 et
798 614 906 691 qui
940 619 1348 691 corporalem
1382 632 1524 676 rem
1544 624 1757 691 tenet,
1794 619 1943 677 licet
1964 620 2206 678 domini
2229 621 2442 678 animo
2472 625 2725 689 careat,
2757 625 2978 676 tamen
3001 617 3283 675 interdi-

462 720 577 778 ctis
614 714 819 776 utitur
847 733 922 776 ex
951 733 1066 775 sua
1097 716 1296 790 ipsius
1327 731 1607 790 persona
1626 760 1645 793 ,
1675 724 2005 790 tamquam
2034 720 2330 778 dominus
2364 718 2438 794 ³).
2471 722 2607 796 Quo
2633 720 2697 776 in
2726 732 2964 790 genere
3006 722 3163 774 sunt
3206 723 3285 774 et

463 819 876 891 emphyteuta
904 814 992 892 ⁴),
1019 824 1085 877 et
1107 812 1390 876 creditor
1409 859 1426 888 ,
1451 813 1556 876 cui
1578 817 1835 891 quidem
1858 818 2085 890 pignus
2110 819 2422 877 traditum
2448 825 2546 877 est
2570 814 2642 892 ι5),
2676 819 3060 891 plerumque
3081 816 3283 874 etiam

461 913 570 987 qui
612 914 904 987 precario
928 913 1176 984 accepit
1200 909 1270 988 ὅ),
1297 910 1577 984 denique
1607 919 1965 985 sequester,
2000 913 2050 970 is
2075 914 2387 971 duntaxat
2405 956 2422 983 ‚
2453 913 2555 971 cui
2592 913 2679 970 ita
2717 927 2821 970 res
2847 910 3283 970 custodienda

459 1009 876 1067 committitur
894 1049 911 1077 ,
937 1015 1010 1065 ut
1040 1008 1236 1067 etiam
1266 1008 1575 1081 possessio
1594 1008 1675 1066 sit
1703 1009 1877 1081 apud
1906 1023 2053 1065 eum
2084 1006 2153 1081 ⁷).
2189 1012 2362 1087 Quae
2386 1024 2533 1067 cum
2560 1016 2675 1066 aut
2692 1022 2771 1066 ex
2800 1007 3068 1065 dominii
3091 1008 3281 1064 velut

455 1104 829 1177 imperfecta
858 1105 1068 1177 specie
1106 1105 1383 1177 primum
1415 1111 1598 1163 ortae
1630 1109 1849 1162 essent
1873 1099 1919 1177 ⁸)
1945 1145 1963 1172 ,
2007 1110 2120 1162 aut
2161 1105 2423 1165 dominii
2456 1105 2728 1177 figuram
2763 1118 3096 1162 assumere
3122 1102 3283 1160 olim

459 1204 686 1262 solitae
725 1204 851 1261 sint
873 1247 889 1273 ‚
939 1205 1072 1262 scil.
1109 1209 1446 1262 contracta
1492 1199 1725 1262 fiducia
1744 1199 1794 1277 ⁹)
1812 1243 1830 1273 ,
1860 1203 2191 1278 antiquam
2217 1211 2516 1262 naturam
2538 1211 2608 1262 et
2643 1209 2791 1277 post
2811 1203 3139 1261 sublatam
3165 1216 3283 1260 ve-

460 1298 613 1357 teris
628 1298 789 1371 juris
820 1299 1134 1357 rationem
1174 1299 1466 1358 utilitatis
1501 1314 1694 1357 causa
1718 1307 1989 1358 eatenus
2022 1300 2279 1373 quidem
2310 1302 2751 1375 retinuerunt,
2791 1306 3118 1372 quatenus
3159 1299 3235 1355 iis
3260 1342 3281 1376 ,

457 1395 566 1468 qui
589 1394 758 1453 hisce
777 1411 852 1452 ex
875 1396 1079 1452 causis
1101 1410 1203 1453 res
1230 1401 1532 1453 tenerent
1555 1437 1571 1455 .
1608 1395 1953 1453 interdicta
1979 1397 2366 1469 possessoria
2392 1443 2409 1468 ,
2438 1404 2769 1470 tamquam
2809 1390 3091 1453 dominis
3109 1438 3127 1460 ,
3168 1402 3282 1453 aut

460 1495 599 1567 ipso
631 1494 780 1566 jure
809 1496 1492 1570 accommodarentur,
1538 1501 1652 1553 aut
1692 1495 1898 1568 pactis
1935 1496 2129 1553 tribui
2169 1502 2450 1569 possent.
2481 1527 2559 1539 —-
2597 1499 2927 1556 Caeterum
2978 1495 3280 1568 ejusdum

463 1587 772 1655 reietiam
798 1589 877 1645 ad
902 1590 1119 1661 plures
1141 1597 1354 1661 potest
1375 1590 1700 1662 pertinere
1723 1592 2058 1663 possessio,
2090 1606 2236 1650 cum
2269 1606 2391 1664 pro
2417 1592 2683 1650 indiviso
2716 1586 2803 1663 ¹⁰),
2828 1605 3001 1664 quae
3015 1589 3281 1663 quidem

465 1687 896 1759 compossesio
956 1694 1261 1757 vocatur,
1314 1694 1452 1746 tum
1478 1704 1636 1748 vero
1672 1689 1796 1758 ita,
1829 1696 1904 1748 ut
1952 1691 2125 1763 apud
2158 1692 2434 1749 alterum
2474 1694 2567 1750 rei
2612 1707 2724 1750 seu
2752 1691 3055 1757 dominii,
3107 1689 3281 1761 apud

460 1788 735 1843 alterum
758 1782 921 1855 juris
954 1787 1266 1859 possessio
1294 1788 1374 1846 sit
1397 1786 1481 1859 ¹¹).
1515 1789 1809 1865 Alioquin
1837 1797 2054 1849 autem
2071 1790 2206 1850 fieri
2228 1806 2361 1850 non
2389 1797 2597 1864 potest
2616 1831 2633 1860 ,
2662 1797 2737 1849 ut
2753 1791 2973 1864 plures
2998 1789 3279 1847 eandem

459 1895 597 1941 rem
619 1882 682 1938 in
707 1882 982 1940 solidum
1015 1884 1384 1956 possideant
1409 1880 1496 1956 ¹²).

1063 316 1214 358 muts
1254 315 1408 356 SPEC.
1452 315 1569 360 Lus.
1612 316 1682 356 11.
1725 314 1802 356 DE
1838 313 2028 356 mus
2065 313 2336 364 muno.
2378 313 2656 356 nummo.

467 2136 470 2141 .
511 2077 704 2148 3258.
755 2076 1042 2149 Quomodo
1068 2079 1454 2158 corporalium
1479 2097 1674 2140 rerum
1703 2079 1762 2155 1)
1789 2078 2135 2157 acquiratur
2154 2079 2450 2157 possessio,
2479 2077 2538 2151 a)
2564 2076 2888 2137 universim
2917 2075 3223 2156 definitur.

546 2276 907 2351 Aequiritur
949 2276 1255 2348 possessio
1285 2282 1351 2333 et
1382 2275 1741 2349 corpore,i
1781 2289 1841 2333 e.
1877 2273 1971 2332 rei
1998 2272 2536 2346 apprehensione,
2563 2275 2633 2327 et
2669 2268 3095 2347 animo„sive
3134 2267 3284 2326 affe·

1087 2457 1112 2512 3
1141 2452 1256 2503 257.
1892 2465 1994 2500 esse
2013 2453 2179 2499 animo
2199 2454 2367 2512 utique
2382 2454 2604 2511 possunt,
2619 2454 2674 2496 ut
2690 2455 2939 2507 tamquam
2961 2447 3286 2494 dominorum

1886 2517 1999 2572 jure
2033 2526 2138 2561 rem
2182 2514 2459 2573 possideant
2480 2513 2545 2571 (p.
2573 2511 2729 2571 256).
2771 2514 2858 2560 Cui
2886 2511 3066 2557 eadem
3093 2511 3285 2557 ratione

519 2580 565 2635 1)
588 2579 641 2625 Ι..
666 2576 746 2626 49.
775 2582 801 2635 s
832 2580 879 2625 1.
903 2581 957 2626 D.
983 2578 1038 2627 Ιι.
1058 2582 1097 2625 t.
1121 2579 1209 2636 (cf.
1230 2584 1395 2626 tamen
1417 2581 1469 2627 L.
1489 2578 1538 2628 4.
1563 2582 1589 2637 3
1613 2580 1636 2624 1
1651 2612 1663 2624 .
1686 2580 1741 2625 D.
1763 2578 1832 2625 de
1894 2579 2178 2636 responderi
2200 2583 2384 2636 potest,
2405 2578 2536 2634 quali
2558 2576 2795 2622 adversus
2830 2574 3167 2621 Zachariam
3190 2578 3286 2619 uti-

459 2642 805 2699 usurp.(x1.1,
826 2638 894 2695 5.)
919 2665 975 2673 —-
994 2642 1046 2687 L.
1072 2642 1151 2686 23.
1177 2641 1202 2695 3
1227 2638 1272 2686 1.
1298 2643 1353 2687 D.
1377 2643 1430 2690 Ιι.
1469 2645 1507 2687 t.
1532 2666 1592 2674 —-
1612 2640 1685 2686 ef.
1708 2645 1758 2687 et
1778 2644 1829 2688 L.
1895 2645 1975 2686 tur
1995 2639 2321 2699 Saviqnius§
2344 2636 2391 2685 9.
2412 2651 2458 2696 p.
2485 2635 2572 2685 107
2601 2650 2677 2696 sq.
2700 2640 2803 2683 not.
2829 2635 3015 2684 1.-Αι
3037 2638 3286 2682 contraria

459 2701 506 2750 1.
531 2705 557 2758 3
584 2701 633 2749 6.
661 2706 715 2748 D.
741 2702 795 2748 Ιι.
820 2706 859 2748 t.
880 2725 942 2737 -
966 2704 1016 2748 L.
1043 2701 1153 2749 118.
1180 2704 1231 2747 Ι).
1257 2702 1327 2749 de
1350 2705 1592 2765 req.jur.
1902 2703 2092 2749 ratione
2115 2706 2286 2760 Guyee
2303 2700 2557 2759 (Abhandl.
2583 2712 2636 2760 p.
2659 2698 2751 2747 148
2772 2700 2899 2758 sqq.)
2918 2700 2983 2745 ad
3001 2700 3083 2751 jus
3103 2709 3287 2756 posses·

531 2768 581 2822 2)
602 2768 770 2824 ltaque
789 2778 885 2811 non
905 2765 1152 2823 possident
1167 2800 1183 2824 ,
1197 2778 1365 2812 verum
1388 2770 1548 2814 alieno
1568 2764 1764 2812 nomine
1787 2766 1840 2813 in

464 2829 767 2885 possessione
786 2832 900 2873 suut
924 2844 933 2873 ι
960 2829 1006 2885 a)
1025 2830 1221 2874 colonus
1244 2841 1332 2875 nec
1354 2841 1453 2876 non
1476 2828 1760 2888 inquilinus,
1783 2829 1835 2874 L.

458 2886 538 2935 25.
564 2891 591 2944 3
613 2890 659 2937 1.
688 2892 740 2935 Ι).
766 2889 819 2935 Ιι.
850 2889 889 2936 t.
922 2914 979 2923 --
1011 2892 1063 2935 L.
1087 2888 1135 2936 6.
1160 2890 1186 2943 S
1211 2891 1258 2936 2.
1289 2894 1343 2936 D.
1376 2892 1443 2938 de
1473 2901 1623 2947 paee.
1649 2890 1838 2949 (xLlll,

460 2950 564 3007 26.)
586 2974 644 2983 -
671 2955 766 2999 Nec
787 2952 1058 2998 contrariae
1083 2960 1195 2997 sunt
1217 2953 1267 2997 L.
1296 2954 1372 2999 12.
1407 2959 1457 3000 et
1485 2955 1535 2999 L.
1574 2951 1652 3000 18.
1679 2964 1756 3010 pr.
1781 2954 1836 3000 D.

460 3012 528 3059 de
548 3015 617 3061 υἱ.
642 3015 822 3072 (XLlll,
842 3013 1000 3059 16)-
1018 3016 1128 3061 vid.
1156 3014 1392 3074 Sav19ny·
1409 3015 1509 3071 325
1530 3027 1579 3074 p.
1602 3013 1711 3061 281.
1735 3019 1837 3062 not.

461 3074 548 3131 (5.)
571 3082 621 3122 et
642 3076 892 3125 Auctoris
913 3078 1108 3124 Cession
1128 3089 1178 3136 p.
1201 3074 1292 3124 277
1320 3102 1376 3110 -—
1400 3076 1510 3124 280.
1535 3078 1632 3135 (ed.
1656 3078 1748 3135 2.);
1776 3101 1838 3111 -

459 3138 510 3195 h)
534 3139 592 3199 is,
614 3141 698 3198 qui
720 3150 824 3183 rem
848 3139 1057 3186 alienam
1075 3139 1404 3198 administrat,
1425 3142 1476 3186 L.
1500 3141 1547 3186 9.
1571 3142 1625 3186 D.
1646 3140 1699 3186 11.
1716 3137 1756 3184 t.
1781 3164 1837 3172 -

464 3201 518 3245 1..
543 3197 589 3246 1.
612 3203 638 3257 3
659 3201 741 3248 22.
765 3202 818 3246 Ι).
841 3198 909 3245 de
929 3200 1017 3257 υἱ,·
1044 3226 1103 3235 -
1121 3206 1167 3259 c)
1191 3201 1250 3263 is,
1275 3201 1359 3260 qui
1377 3204 1741 3249 commodatum
1762 3213 1841 3249 ae-

464 3263 614 3320 oepit,
638 3266 691 3313 L.
712 3261 761 3308 8.
787 3264 841 3307 D.
860 3264 1114 3312 conimod.
1138 3263 1389 3324 (xlll,6.);
1418 3289 1472 3296 —
1493 3266 1639 3323 d)qui
1662 3265 1712 3310 in
1732 3277 1841 3323 pos·

463 3325 731 3372 sessionem
754 3327 929 3370 missus
952 3332 1045 3383 est,
1068 3328 1119 3372 L.
1140 3323 1189 3371 5.
1217 3329 1243 3382 3
1263 3325 1342 3374 25.
1366 3351 1426 3360 -
1445 3329 1496 3373 L.
1521 3326 1600 3373 10.
1618 3329 1644 3382 3
1668 3326 1691 3371 1
1721 3328 1769 3373 in
1797 3328 1835 3373 f.

465 3387 521 3434 D.
544 3387 595 3433 Ιι.
626 3390 665 3434 t.
703 3387 786 3443 (cf.
819 3399 965 3444 supra
994 3390 1019 3443 3
1047 3388 1153 3437 157.
1187 3396 1272 3435 not
1293 3386 1342 3436 4.
1369 3387 1466 3447 5.).·,
1494 3413 1553 3422 -
1575 3393 1622 3444 e)
1644 3390 1839 3446 deposi-

470 3450 640 3507 tarius,
665 3450 717 3495 L.
741 3448 820 3495 17.
840 3452 865 3506 3
887 3448 933 3495 1.
957 3452 1011 3495 D.
1057 3450 1177 3509 dep.
1215 3452 1368 3508 (xvl,
1404 3449 1473 3509 5.)
1517 3450 1634 3507 (vid.
1658 3456 1762 3497 not.
1785 3448 1836 3497 7.

462 3516 513 3556 et
529 3510 627 3570 9.);
655 3536 713 3545 —
732 3510 942 3569 denique
969 3513 1007 3570 f)
1030 3516 1112 3570 qui
1132 3520 1327 3573 propter
1342 3511 1465 3567 juris
1489 3514 1838 3570 possessionem

465 3575 617 3620 etiam
643 3574 714 3619 rei
734 3575 882 3620 babet
909 3574 1265 3634 detentionem,
1286 3577 1337 3622 L.
1361 3575 1440 3620 12.
1467 3587 1541 3632 pr.
1564 3576 1618 3619 D.
1642 3574 1695 3621 Ιι.
1717 3577 1754 3621 t.
1782 3599 1840 3608 —

465 3635 523 3680 1..
546 3635 594 3682 6.
620 3638 645 3692 3
667 3637 717 3681 2.
750 3638 805 3683 D.
842 3635 911 3682 de
936 3648 1083 3691 pree.
1111 3664 1170 3671 —
1193 3639 1244 3684 L.
1267 3636 1316 3683 5.
1341 3637 1366 3690 3
1387 3635 1437 3682 7.
1463 3638 1521 3683 D.
1544 3634 1625 3682 uti
1639 3636 1840 3691 possid.

466 3721 523 3730 —
546 3698 785 3758 SavIW
817 3698 842 3752 S
872 3696 921 3743 9.
946 3711 997 3756 p.
1019 3698 1100 3746 98.
1135 3701 1161 3755 3
1200 3701 1280 3745 25.
1311 3712 1361 3757 p.
1391 3696 1485 3745 284
1508 3723 1564 3730 -
1588 3696 1699 3744 295.
1725 3723 1787 3732 -
1810 3704 1844 3747 Α

458 3772 557 3818 quo
589 3761 884 3808 dissentiunt
903 3762 1143 3810 Rosslzirt
1168 3762 1337 3807 Archiv
1358 3762 1396 3806 f.
1424 3763 1516 3806 civ.
1538 3760 1617 3805 Pr.
1639 3761 1697 3807 T.
1719 3763 1841 3807 vm.

463 3833 516 3880 p.
538 3820 569 3868 8
593 3835 698 3882 sqq.
721 3848 781 3856 —-
804 3823 1051 3870 Huschke
1071 3827 1120 3871 in
1145 3822 1491 3881 ephemeridib.
1525 3822 1651 3868 Tub.
1688 3825 1749 3869 Τ.
1780 3826 1839 3869 ΙΙ.

462 3898 513 3943 p.
536 3883 670 3944 554„
690 3887 910 3943 itemque
940 3887 1326 3933 Unterlzolzner
1344 3884 1461 3930 ibid.
1489 3884 1547 3930 T.
1575 3886 1650 3930 lv.
1673 3898 1722 3942 p.
1745 3885 1843 3933 586

462 3956 513 3995 et
535 3947 585 3992 in
609 3948 1070 4004 verjahrungslehre
1090 3951 1147 3996 T.
1184 3952 1242 3995 ll.
1270 3962 1318 4006 p.
1340 3944 1433 3994 246
1448 3959 1545 4003 sq.‚
1567 3951 1671 3992 tum
1691 3950 1840 3995 etiam

462 4012 529 4058 de
570 4009 851 4057 schroeter
883 4011 933 4054 in
971 4013 1114 4057 diatr.
1161 4022 1273 4057 mox
1308 4010 1439 4066 (not.
1469 4011 1551 4067 5.)
1585 4010 1840 4057 excitanda

462 4085 513 4131 p.
533 4068 624 4118 244
644 4085 750 4131 sqq.
769 4106 782 4128 ,
807 4074 909 4118 scil.
937 4075 1251 4131 superficiarii
1274 4072 1507 4128 corporis
1529 4083 1631 4116 esse
1654 4085 1840 4128 posses-

464 4137 653 4181 siouem
701 4135 1016 4182 affirmantes.
1039 4143 1089 4181 et
1109 4135 1397 4183 Buchltoltz
1419 4136 1552 4180 vers.
1578 4146 1626 4191 p.
1649 4133 1712 4181 85
1730 4147 1836 4194 sqq.

469 4222 525 4228 —-
571 4198 628 4241 At
651 4197 887 4254 Saviynii
914 4200 1193 4256 opinionem
1213 4209 1382 4242 rursus
1404 4195 1621 4242 defendit
1643 4199 1844 4245 Bito-hel

465 4258 598 4363 ube:-3
626 4258 729 4364 die5
750 4261 897 4305 Natur
933 4261 1017 4305 des
1061 4260 1396 4307 Pfandrechts.
1438 4260 1624 4317 (Marb.
1668 4259 1839 4320 1855.)

462 4333 512 4378 p.
619 4345 676 4353 —-
734 4321 777 4364 1.

528 4382 576 4432 5)
592 4383 744 4436 Quam
781 4383 1164 4437 possessionem
1187 4381 1485 4429 derivatam
1504 4384 1837 4442 (abgeleiteter

466 4443 642 4498 Besitz)
686 4446 982 4490 recentiores
1009 4448 1253 4504 appellare
1272 4447 1451 4493 solent.
1498 4471 1559 4480 —
1583 4449 1657 4493 Cli.
1685 4447 1836 4494 Savi-

458 4515 571 4565 9ns
591 4507 616 4560 3
634 4503 683 4550 9.
705 4518 751 4562 p.
773 4504 865 4552 104
890 4532 946 4539 -
972 4507 1080 4554 107.
1113 4511 1138 4564 S
1165 4509 1225 4553 25
1265 4533 1326 4542 -
1368 4505 1447 4554 25.
1487 4533 1546 4541 -
1583 4511 1835 4556 Caeterum

463 4570 531 4614 A.
558 4568 654 4611 (ιά.
684 4566 753 4613 de
785 4569 1071 4615 Solu-ceter
1087 4573 1189 4615 sine
1218 4570 1403 4616 domini
1434 4572 1597 4616 animo
1620 4574 1822 4618 omnino

462 4632 609 4686 negat
631 4628 733 4674 fieri
760 4641 922 4686 posse,
956 4638 1008 4676 ut
1032 4632 1112 4686 ,ius
1150 4633 1460 4688 possessionis
1482 4635 1544 4679 sit
1565 4645 1712 4691 penes
1735 4638 1822 4679 ali-

461 4701 607 4748 quem
628 4690 874 4745 (zeitschr.
901 4695 981 4738 fur
1017 4695 1180 4740 Civilr.
1215 4705 1263 4738 u.
1289 4696 1510 4753 process,
1533 4696 1820 4753 herausgeg.

1903 2767 2051 2811 sionis
2073 2765 2388 2813 efficiendum
2409 2764 2592 2811 domini
2616 2764 2837 2809 animum
2854 2763 3061 2808 minime
3084 2773 3190 2806 esse
3208 2773 3287 2806 ne-

1904 2828 2169 2874 cessarium
2204 2830 2462 2886 opinatur,
2486 2827 2595 2870 ideo
2616 2859 2632 2881 .,
2662 2825 2791 2884 quod
2825 2824 2902 2870 his
2919 2858 2935 2883 ,
2953 2825 3040 2883 qui
3062 2824 3288 2881 quamvis

1902 2890 2108 2936 scientes
2130 2903 2207 2936 res
2230 2892 2414 2936 alienas
2434 2889 2704 2946 possident,
2727 2893 2888 2932 tamen
2913 2897 3289 2944 nonnumquam

1902 2953 2191 3000 adscribitur
2235 2952 2315 3007 jus
2356 2951 2754 3011 possessionis.—-
2785 2950 2904 2996 Vide
2948 2949 3188 2994 eundem
3241 2951 3290 2994 in

1905 3014 2138 3061 zeitschr.
2162 3016 2201 3062 f.
2226 3015 2392 3061 Civilr.
2434 3025 2482 3059 u.
2522 3013 2663 3058 Proc.
2705 3013 2766 3057 T.
2807 3011 2887 3058 lV.
2932 3009 3017 3057 Νι.
3062 3011 3189 3056 xvi.
3233 3035 3285 3043 —

1907 3077 2282 3138 Warnlcoeniq
2303 3077 2445 3124 Arch.
2472 3075 2509 3120 Ι.
2547 3076 2645 3121 civ.
2670 3076 2749 3120 Pr.
2772 3074 2832 3119 T.
2854 3074 2980 3120 Kllt.
3007 3073 3092 3118 Νι.
3122 3075 3204 3119 lx.
3230 3096 3285 3105 —·

1902 3140 2111 3186 Bartels
2142 3140 2374 3188 zeitschr.
2402 3139 2440 3184 f.
2464 3137 2630 3182 Civilr.
2656 3149 2707 3182 u.
2732 3136 2873 3181 Proc.
2898 3136 2958 3181 T.
2984 3135 3071 3181 Vl.
3096 3135 3181 3181 Nr.
3212 3135 3289 3182 tv.

1902 3202 2143 3259 imprimis
2162 3214 2276 3248 vero
2291 3198 2705 3250 Sinteniseodem
2717 3200 2776 3244 T.
2794 3198 2893 3244 Vll.
2905 3199 2988 3244 Nr.
3000 3198 3110 3242 vu.
3122 3197 3290 3243 etxss.

1965 3261 2015 3320 4)
2036 3264 2274 3325 δαυὶρηγ
2289 3267 2315 3320 3
2335 3264 2384 3312 9.
2406 3276 2456 3322 p.
2480 3260 2750 3308 100-105,
2775 3262 2801 3316 S
2819 3259 2899 3306 24.
2926 3273 2973 3318 p.
2998 3257 3117 3307 294.
3136 3272 3217 3306 nr.
3245 3262 3289 3307 1.

1963 3324 2010 3383 5)
2035 3327 2086 3371 L.
2114 3326 2190 3375 16.
2215 3328 2267 3373 D.
2301 3326 2370 3374 de
2406 3335 2592 3380 usurp.
2635 3348 2695 3357 —
2727 3325 2778 3370 L.
2805 3323 2850 3367 1.
2874 3323 2899 3377 3
2924 3320 3003 3368 15.
3028 3322 3086 3367 L.
3125 3320 3208 3368 56.
3234 3324 3290 3368 Ι).

1901 3387 1957 3434 li.
1983 3391 2022 3434 t.
2053 3412 2109 3420 -
2129 3392 2180 3436 L.
2202 3391 2281 3436 55.
2306 3391 2331 3445 3
2352 3387 2400 3435 5.
2422 3385 2472 3433 6.
2493 3387 2546 3432 D.
2569 3384 2640 3431 de
2656 3396 2848 3442 usurp.
2870 3408 2933 3418 —
2959 3386 3016 3430 L.
3038 3382 3126 3431 29.
3146 3387 3202 3431 D.
3225 3385 3292 3431 de

1898 3451 2105 3510 piqner.
2128 3454 2234 3500 aet.
2261 3453 2402 3513 (Xlll,
2424 3447 2497 3506 7.)

1964 3514 2012 3570 6)
2035 3513 2089 3558 L.
2114 3511 2162 3560 4.
2187 3516 2214 3570 3
2231 3516 2277 3560 1.
2305 3517 2359 3560 Ι).
2381 3513 2447 3559 de
2464 3519 2608 3569 pree.
2635 3511 2819 3570 (XLIII,
2841 3506 2944 3567 26.)
2967 3532 3025 3541 -
3049 3508 3108 3552 L.
3132 3507 3212 3555 10.
3234 3509 3287 3554 D.

1905 3575 1957 3625 Ιι.
1994 3580 2031 3621 t.
2056 3598 2116 3607 —
2141 3578 2194 3623 L.
2214 3575 2294 3623 56.
2317 3575 2434 3622 eod.
2453 3597 2514 3606 —-
2535 3572 2588 3616 L.
2607 3575 2689 3619 53.
2711 3576 2737 3628 3
2755 3572 2803 3619 6.
2830 3576 2882 3619 Ι).
2911 3571 2981 3617 de
3004 3582 3205 3626 usurp.
3234 3595 3288 3603 ‹-

1907 3639 2114 3684 Dissent.
2153 3641 2221 3686 A.
2256 3642 2351 3684 Gu.
2376 3638 2443 3685 de
2462 3633 2747 3682 schroeter
2772 3636 2876 3681 obs.
2902 3636 3006 3691 jnr.
3035 3633 3136 3678 civ.
3164 3635 3288 3688 μευ.

1910 3698 2083 3757 1826.)
2106 3701 2212 3748 obs.
2237 3702 2313 3747 tv.
2338 3711 2385 3747 c.
2410 3698 2488 3757 1.;
2514 3700 2728 3745 maxime
2752 3704 2950 3756 propter
2975 3696 3032 3740 L.
3058 3694 3126 3742 55
3149 3699 3177 3752 ς
3199 3697 3287 3741 ult.

1910 3762 1977 3810 de
2000 3775 2190 3819 usurp.
2217 3787 2274 3795 —
2292 3764 2386 3810 Sed
2407 3761 2502 3808 vid.
2525 3770 2650 3816 quae
2671 3767 2838 3806 contra
2863 3758 3062 3814 scripsit
3095 3759 3291 3804 Halm·-

1903 3826 2125 3873 hotzner
2146 3827 2194 3873 in
2217 3823 2566 3884 ephemeridib.
2595 3823 2751 3878 jurid.
2779 3825 2908 3870 Tub.
2933 3822 2996 3866 T.
3021 3822 3105 3866 lx.
3126 3833 3177 3879 p.
3198 3819 3291 3866 585

1969 3953 2016 4008 7)
2039 3952 2091 3996 L.
2119 3948 2199 3995 59.
2224 3951 2278 3996 D.
2302 3950 2353 3994 Ιι.
2379 3952 2415 3993 e.
2441 3972 2499 3980 --
2521 3946 2571 3991 L.
2599 3946 2678 3993 17.
2713 3951 2739 4004 s
2759 3946 2807 3995 1.
2832 3950 2887 3994 Ι).
2911 3945 3200 4004 deamvi,
3220 3945 3292 4002 5.)

1909 4036 1964 4045 —-
1986 4015 2052 4059 De
2074 4022 2131 4059 ea
2155 4024 2268 4057 vero
2290 4011 2568 4070 quaestione
2582 4043 2597 4067 ,
2619 4023 2738 4056 num
2759 4013 2911 4056 etiam
2944 4011 2995 4054 in
3025 4010 3155 4055 alios
3170 4042 3187 4066 ,
3207 4009 3293 4066 qui

1904 4076 2063 4120 alieno
2084 4075 2283 4121 nomine
2305 4073 2586 4130 possident,
2622 4074 2874 4118 transferri
2909 4073 3067 4129 possit
3099 4082 3286 4128 posses·

1902 4138 1993 4196 sio,
2016 4139 2114 4183 vid.
2138 4134 2529 4184 Schmeterohs.
2556 4147 2599 4180 c.
2624 4135 2680 4180 ll.
2695 4139 2760 4192 (p.
2791 4132 2852 4181 80
2875 4138 3025 4192 sqq).
3051 4161 3118 4171 -
3141 4139 3204 4179 At
3224 4133 3290 4178 cf.

1904 4201 2144 4258 Saviqny
2173 4200 2199 4252 3
2222 4200 2301 4245 25.
2321 4211 2369 4256 p.
2405 4195 2515 4242 282.
2543 4202 2591 4241 et
2613 4201 2639 4252 3
2658 4197 2738 4243 25.
2760 4211 2809 4256 p.
2834 4195 2948 4244 507.

1966 4261 2014 4318 8)
2032 4264 2146 4307 scil.
2170 4263 2276 4317 agi-i
2300 4260 2492 4318 publici.
2530 4260 2761 4320 Saviyny·
2784 4259 2880 4315 39.
2901 4273 2952 4319 p.
2972 4257 3038 4307 99
3076 4285 3134 4293 -
3173 4255 3284 4306 195.

1897 4327 2000 4378 -3
2024 4326 2138 4369 12α.
2164 4335 2214 4379 p.
2236 4321 2326 4368 180
2346 4335 2420 4380 sq.
2447 4322 2539 4379 (nr.
2562 4320 2609 4367 4.
2631 4322 2718 4379 5.).

1958 4386 2008 4444 9)
2039 4386 2271 4444 Saviqny
2306 4387 2331 4440 3
2370 4383 2446 4430 24.
2472 4398 2520 4442 p.
2543 4385 2637 4432 295
2656 4398 2725 4442 sq.
2769 4409 2823 4418 —
2873 4384 2988 4439 Gaii
3014 4386 3177 4431 instit.
3219 4383 3288 4440 ll,

1898 4446 1977 4494 60.
2028 4463 2053 4491 «ι
2095 4471 2156 4481 --
2186 4448 2381 4494 Fiducia
2419 4447 2722 4494 contrabitur
2766 4451 2851 4492 aut
2885 4457 3000 4493 cum
3048 4448 3291 4493 creditore

1900 4511 2112 4568 pignoris
2128 4511 2491 4568 jure,autcum
2511 4510 2701 4569 amico,
2712 4509 2861 4569 quod
2872 4510 3049 4557 tutius
3070 4513 3291 4556 nostrae

1901 4584 1988 4618 res
2011 4570 2160 4629 apud
2175 4583 2294 4618 eum
2318 4576 2514 4619 essent.
2539 4591 2561 4612 n

1949 4634 2027 4690 10)
2054 4638 2103 4680 l..
2132 4634 2212 4681 26.
2247 4636 2301 4680 D.
2327 4636 2377 4680 Ιι.
2402 4638 2440 4680 t.

1949 4698 2027 4753 11)
2049 4699 2124 4743 Cf.
2152 4711 2199 4745 v.
2223 4709 2268 4742 c.
2305 4698 2354 4743 L.
2382 4699 2462 4743 12.
2490 4709 2563 4754 pr.
2604 4698 2660 4744 D.
2683 4698 2735 4743 Ιι.
2761 4700 2798 4742 t.
2822 4699 2870 4742 et
2894 4695 2949 4740 L.
2973 4698 3024 4741 5.
3056 4697 3083 4751 3
3120 4694 3193 4743 17.
3236 4694 3289 4738 D.

461 4767 554 4801 von
575 4751 743 4799 Linde
758 4757 854 4798 etc.
874 4754 933 4799 T.
956 4756 1014 4800 ll.
1035 4756 1115 4801 ΝΡ.
1144 4756 1278 4809 Vll.).
1304 4758 1435 4812 Quae
1469 4769 1583 4803 vero
1622 4757 1749 4805 banc
1771 4761 1821 4804 iu
1886 4758 1953 4805 de
1971 4760 2039 4804 vi.
2064 4757 2665 4820 (xLlll,16.)--Savt'9n‚r
2682 4760 2708 4814 S
2733 4759 2807 4806 12.
2832 4771 2881 4817 p.
2908 4757 3003 4805 168
3029 4757 3286 4818 sep—vid.

461 4829 564 4864 rein
591 4815 777 4873 prol-‘ert
791 4847 806 4874 ‚
835 4814 930 4861 huc
950 4817 1050 4861 fere
1072 4818 1304 4876 redeunt,
1332 4821 1461 4877 quod
1479 4853 1495 4878 ‚
1517 4820 1601 4877 qui
1634 4832 1723 4867 nec
1744 4821 1825 4866 do·

462 4882 579 4927 mini
605 4882 745 4936 sunt,
777 4889 863 4923 nec
885 4880 1155 4926 dominium
1189 4881 1279 4927 sibi
1303 4883 1557 4940 tribuunt,
1583 4887 1745 4930 tamen
1770 4897 1829 4930 eo

1897 4833 2041 4876 supra
2068 4827 2169 4870 not.
2194 4824 2244 4869 2.
2271 4823 2307 4868 f.
3241 4882 3253 4890 ·

1960 4885 2035 4942 12)
2057 4886 2106 4931 Ι..
2125 4884 2172 4932 5.
2197 4883 2289 4940 35.
2314 4884 2367 4930 D.
2399 4883 2451 4931 Ιι.
2478 4887 2514 4931 e.
2541 4883 2810 4939 ‹t-fflplures
2829 4881 3063 4931 eandem
3098 4893 3212 4931 rem
3235 4893 3286 4930 m
