3544 5506
466 312 579 370 140
1334 327 1488 369 uns
1527 327 1669 369 ctu.
1711 328 1831 370 mi.
1876 325 1950 369 u.
1990 327 2069 370 un
2104 327 2382 370 JunmuS.

473 448 552 491 ea
578 438 834 490 tantum
866 445 1401 492 commemorasse
1443 432 1713 492 sufficiet
1734 479 1751 507 ,
1788 447 1956 506 quae
1983 433 2067 490 ab
2093 432 2239 505 ipsis
2266 432 2651 505 litigantium
2679 435 2969 508 personis
2986 477 3004 511 ,
3035 441 3110 492 ut
3132 452 3285 509 pro-

469 531 665 590 bandi
694 532 872 589 oneri
897 531 1309 600 satisfaciant,
1337 533 1549 590 solent
1575 533 1899 601 adhiberi3
1931 533 1997 589 in
2025 534 2253 605 quibus
2275 533 2434 592 haec
2459 532 2732 593 maxime
2766 530 2808 607 ¹)
2836 541 2989 593 sunt
3018 551 3035 595 ε
3060 541 3281 610 testes,

466 627 918 697 instrumenta,
945 626 1420 700 jusjurandum.
1470 631 1673 700 Atque
1692 632 1878 685 testes
1904 628 2029 686 hoc
2055 628 2315 701 quidem
2344 630 2486 689 loeo
2543 630 2649 707 (ci.
2677 630 2867 703 §103.
2901 637 3043 690 not.
3064 631 3127 689 9.
3156 620 3289 693 10.)

469 722 913 793 intelliguntur
939 765 956 798 ‚
983 723 1176 794 quiin
1210 723 1419 781 litibus
1444 724 1525 781 de
1560 739 1631 782 re
1657 724 1854 782 dubia
1877 725 2313 784 testimonium
2342 728 2558 785 dicant
2581 723 2651 801 ²).
2711 727 3040 785 Sufficiunt
3070 735 3285 786 autem

473 823 556 880 ad
588 822 777 880 fidem
805 822 1003 897 judici
1036 822 1392 882 faciendam
1422 825 1551 882 duo
1578 826 1958 898 plerumque
1979 826 2028 898 ³)
2059 832 2252 885 testes
2281 828 2496 887 idonei
2518 870 2538 900 ‚
2574 828 2812 886 scilicet
2844 843 2981 885 rem
3008 828 3287 900 aliquam

480 922 714 981 factam
740 938 875 981 esse
904 930 1015 981 aut
1043 939 1174 982 non
1199 925 1434 982 factam
1459 942 1590 982 uno
1620 941 1734 984 ore
1760 926 2153 983 affirmantes
2178 923 2246 999 ⁴).
2295 930 2370 984 Et
2398 927 2609 985 idonei
2640 942 2772 984 non
2799 934 2948 985 sunt
2974 928 3117 1001 alii,
3141 927 3290 999 quia

482 1021 566 1078 ad
607 1020 1039 1079 testimonium
1062 1022 1402 1080 dicendum
1430 1021 1738 1080 inhabiles
1761 1028 1911 1080 sunt
1931 1065 1950 1097 ‚
1982 1023 2127 1092 alii,
2159 1024 2334 1096 quod
2365 1025 2491 1081 fide
2514 1023 2684 1080 haud
2709 1024 2878 1094 digni
2901 1030 3245 1081 censentur
3274 1071 3290 1098 ‚

475 1118 578 1177 alii
624 1124 888 1191 propter
920 1119 1106 1177 fidem
1140 1126 1499 1193 suspectam
1525 1117 1594 1193 ⁵).
1644 1124 1768 1179 Nec
1816 1120 2007 1192 igitur
2052 1123 2473 1181 domesticum
2528 1123 2958 1181 testimonium
3011 1122 3292 1181 admitti·

467 1220 576 1272 tur
599 1210 668 1288 ⁶),
699 1229 776 1272 ac
802 1216 1005 1272 multo
1034 1215 1228 1273 etiam
1254 1217 1460 1274 minus
1493 1216 1557 1272 in
1600 1231 1674 1274 re
1719 1217 1982 1290 propria
2022 1219 2198 1275 testis
2225 1218 2494 1277 idoneus
2520 1219 2887 1292 intelligitur
2907 1217 2971 1293 7).
3023 1220 3294 1278 Omnino

469 1320 683 1372 autem
705 1315 963 1372 testium
983 1316 1173 1373 fidem
1199 1320 1264 1372 et
1292 1330 1718 1393 personarum
1746 1317 2059 1390 cujusque
2102 1319 2545 1377 conditionem
2592 1320 2932 1391 diligenter
2972 1320 3294 1377 examinet

463 1408 658 1482 judex
677 1452 694 1480 ‚
726 1410 835 1483 qui
861 1416 975 1468 aut
1006 1411 1195 1483 plane
1218 1425 1348 1468 non
1379 1411 1674 1469 admittet
1715 1417 1830 1468 aut
1861 1413 2110 1471 cautius
2156 1414 2484 1473 adhibebit
2531 1429 2765 1474 eorum
2812 1415 3248 1474 testimonium
3271 1458 3291 1487 ‚

470 1524 630 1582 quos
657 1511 1015 1583 suspicione
1046 1527 1177 1568 non
1207 1525 1431 1569 carere
1459 1512 1929 1569 animadvertet
1946 1508 2018 1585 8).
2065 1511 2515 1571 Instrumenta
2543 1515 2674 1571 sive
2703 1514 2964 1572 tabulae
2984 1510 3007 1546 ⁹
3025 1513 3068 1588 )‚
3096 1522 3171 1572 ut
3194 1515 3296 1573 hic

473 1604 773 1663 dicuntur
790 1602 873 1675 ¹⁰),
903 1606 1261 1679 scripturae
1283 1612 1431 1664 sunt
1452 1648 1470 1680 ,
1503 1622 1669 1679 quae
1698 1606 2183 1679 probationibus
2210 1607 2669 1675 inserviantss).
2704 1613 2908 1682 Atque
2938 1626 2978 1668 a
3005 1608 3295 1682 forma¹²)

472 1706 584 1758 aut
606 1701 861 1773 publica
901 1708 1050 1759 sunt
1081 1705 1510 1760 instrumenta
1533 1744 1550 1776 ,
1581 1702 1624 1761 i.
1657 1717 1716 1761 e.
1752 1717 1920 1774 quae
1962 1687 2989 1774 magistratuum'tabellionumve
3018 1708 3300 1766 auctori·

471 1802 608 1854 tate
632 1796 1126 1855 conscribuntur
1152 1794 1235 1865 ¹⁵),
1285 1803 1397 1854 aut
1428 1796 1605 1869 quasi
1633 1798 1889 1869 publica
1918 1794 2005 1873 ¹⁴),
2055 1805 2168 1856 aut
2218 1800 2466 1872 privata
2491 1845 2507 1869 ‚
2555 1802 2618 1858 in
2661 1802 2894 1874 quibus
2933 1803 3125 1860 etiam
3164 1803 3299 1875 epi·

473 1895 676 1951 stolae
699 1898 848 1950 sunt
868 1888 964 1966 ¹⁵).
989 1897 1327 1951 Praeterea
1350 1887 1771 1950 instrumenta
1797 1894 1878 1950 ab
1906 1908 2132 1952 eorum
2156 1903 2537 1966 argumento
2568 1898 2758 1955 variis
2781 1898 3139 1956 nominibus
3168 1898 3298 1957 dis-

473 1987 854 2060 tinguuntur
881 2032 898 2060 ‚
943 1995 1018 2047 ut
1040 1989 1438 2062 syngraphae
1458 2031 1477 2063 ‚
1506 1996 1579 2046 ut
1608 1989 2068 2063 chirographae
2093 1988 2181 2066 ¹⁶),
2212 1998 2288 2049 ut
2316 1993 2601 2064 apochae
2618 2038 2634 2064 ‚
2661 1999 2736 2050 ut
2779 1994 3179 2067 antapochae
3201 1991 3299 2067 ¹⁷),

479 2095 552 2146 ut
577 2090 899 2148 rationum
930 2090 1183 2150 codices
1203 2086 1297 2164 18).
1354 2090 1904 2166 Quemadmodum
1950 2097 2166 2149 autem
2196 2087 2352 2150 fides
2397 2092 2696 2152 habenda
2742 2109 2877 2153 non
2913 2102 3012 2153 est
3054 2097 3294 2173 instru-

478 2190 707 2247 mentis
733 2231 749 2257 ‚
783 2205 951 2262 quae
983 2190 1318 2249 indiscrete
1363 2193 1719 2263 loquuntur
1740 2188 1849 2263 ¹⁹),
1893 2191 1983 2249 sic
2031 2192 2223 2249 etiam
2274 2193 2622 2251 domestica
2669 2194 3126 2262 instrumenta,
3152 2195 3193 2252 i.
3235 2209 3292 2252 e.

475 2288 763 2362 privatae
794 2291 1242 2349 adnotationes
1267 2338 1283 2362 ‚
1318 2290 1435 2348 nisi
1466 2291 1598 2349 aliis
1642 2291 2031 2365 adjuventur
2073 2289 2470 2351 adminiculis
2501 2331 2517 2359 ,
2569 2294 2649 2350 ad
2682 2295 3128 2366 probationem
3160 2309 3291 2353 non

469 2389 791 2447 sufficiunt
813 2388 908 2461 20).
945 2391 1432 2455 Jusjurandum
1454 2405 1633 2459 vero,
1660 2390 1835 2463 quod
1873 2389 1996 2448 litis
2033 2406 2227 2449 causa
2249 2388 2523 2464 exigitur
2556 2433 2573 2460 ,
2598 2406 2730 2450 non
2759 2400 2914 2452 ante
2956 2393 3296 2453 commode

470 2489 747 2546 tractari
778 2495 987 2562 potest
1012 2532 1029 2560 ‚
1062 2505 1256 2562 quam
1284 2491 1365 2547 de
1392 2496 1533 2548 toto
1561 2505 1800 2562 genere
1830 2491 2147 2562 quaedam
2177 2490 2721 2565 praeceperimus.

846 2660 873 2732 §
897 2663 1028 2719 149.
1068 2662 1438 2733 Sinqulatim
1463 2663 1537 2719 de
1551 2664 1974 2727 jurejurando
2005 2664 2097 2734 (*).
2122 2668 2172 2735 a)
2204 2668 2352 2729 Eius
2376 2671 2540 2725 noteb
2559 2671 2622 2722 et
2634 2670 2886 2739 species.

553 2821 1006 2895 Jusjurandum
1035 2830 1130 2880 est
1157 2818 1493 2883 affirmatio
1534 2825 1886 2899 religiosa1)
1912 2826 2178 2900 ejusque
2239 2830 2473 2902 triplex
2513 2837 2608 2890 est
2636 2846 2954 2889 summum
2988 2844 3217 2901 genus.
3253 2834 3296 2895 Ι)

479 2921 681 2976 Unum
708 2960 724 2988 ‚
779 2921 954 2991 quod
1002 2936 1040 2978 a
1085 2920 1348 2993 jurandi
1380 2925 1553 2981 velut
1606 2925 1875 2981 materia
1893 2924 2189 2997 ducitur,
2218 2927 2380 2985 duas
2403 2923 2600 2986 habet
2627 2928 2901 2987 formas:
2951 2929 3296 3001 promisso-

1099 3094 1125 3148 s
1147 3088 1255 3138 148.
1981 3092 2060 3147 13)
2080 3093 2197 3140 Nov.
2215 3091 2297 3141 73.
2319 3107 2362 3142 c.
2382 3092 2430 3142 5.
2457 3122 2514 3131 -
2531 3097 2649 3143 Nov.
2672 3093 2752 3143 47.
2775 3099 2893 3144 Nov.
2917 3097 2996 3146 73.
3021 3111 3066 3145 c.
3086 3098 3139 3146 7.

1983 3152 2062 3212 14)
2083 3158 2193 3213 Arg.
2215 3156 2267 3202 L.
2290 3158 2369 3203 11.
2393 3159 2447 3204 C.
2470 3159 2565 3216 qui
2576 3163 2686 3215 pot.
2711 3159 2765 3206 in
2783 3159 2932 3220 piqn.
2954 3162 3101 3219 (vill,
3121 3159 3222 3220 18.)

500 3247 503 3252 -
544 3214 589 3269 1)
640 3216 716 3262 ΕΙ.
771 3215 971 3261 Mat-tin
1021 3215 1196 3263 Lehrb.
1243 3216 1291 3262 d.
1337 3217 1552 3275 burgerl.
1605 3217 1855 3265 Processes
1984 3214 2060 3275 15)
2087 3217 2142 3263 L.
2163 3215 2242 3264 26.
2267 3220 2357 3276 32.
2379 3222 2435 3267 D.
2459 3221 3100 3285 depos.(xvl‚3.)-1..5⁴.
3127 3226 3178 3271 1..
3203 3226 3296 3270 ult.

478 3280 505 3334 ς
536 3275 878 3326 154.—Linde
899 3277 1160 3337 Civilproc.
1179 3280 1205 3334 S
1227 3275 1653 3330 205.-Auctoris
1669 3281 1848 3337 Civilp-
1923 3280 1978 3324 D.
2002 3279 2248 3327 mandati
2271 3283 2434 3341 (xvii,
2457 3284 2525 3342 1.)
2552 3308 2606 3316 —-
2632 3285 2685 3330 L.
2708 3283 2790 3332 29.
2817 3298 2892 3343 pr.
2914 3288 2970 3332 D.
2991 3285 3059 3332 de
3077 3287 3298 3343 probat.

478 3353 577 3387 roc.
604 3354 649 3399 p.
676 3337 766 3388 154
785 3354 858 3400 sq.
1984 3339 2060 3398 16)
2082 3341 2190 3390 Vid.
2216 3345 2484 3392 Asconius
2508 3347 2554 3391 in
2577 3345 2677 3392 Cic.
2702 3357 2775 3393 or.
2800 3349 2838 3394 l.
2873 3353 3044 3395 contra
3071 3350 3293 3396 verrem.

543 3403 591 3456 2)
614 3403 719 3462 Dig.
743 3406 904 3465 (xxll,
942 3403 1011 3464 5.)
1032 3427 1090 3437 —
1112 3407 1161 3450 et
1203 3404 1323 3451 Cod.
1344 3403 1454 3464 (lv,
1473 3406 1554 3452 20.
1575 3406 1592 3463 )
1612 3405 1756 3451 —de
1780 3407 1858 3451 te·
1923 3404 1973 3449 L.
1999 3402 2078 3450 47.
2102 3410 2127 3463 g
2153 3407 2199 3451 1.
2225 3408 2280 3453 D.
2304 3406 2624 3467 depact.(11‚
2659 3405 2896 3464 14.)-Ι..
2924 3408 3002 3456 41.
3026 3413 3052 3467 s
3072 3411 3121 3456 2.
3148 3413 3203 3457 D.
3229 3412 3301 3459 de

481 3464 670 3513 stibus.
1922 3477 2074 3515 usur.
2098 3470 2262 3525 (XXII,
2291 3468 2486 3526 1.)-αθ
2503 3470 2737 3529 Saviqny
2752 3473 2836 3519 nb.
2858 3474 2909 3521 d.
2937 3474 3297 3521 Litteralcontr.

538 3525 588 3582 3)
609 3529 660 3573 L.
685 3530 762 3574 12.
787 3530 843 3576 D.
867 3530 920 3577 Ιι.
943 3533 982 3576 t.
1001 3554 1061 3563 —
1083 3528 1459 3586 Nonnumquam
1495 3530 1645 3576 etiam
1666 3529 1848 3589 proba·
1925 3528 2016 3574 der
2038 3532 2213 3578 Romet-
2234 3543 2283 3589 p.
2308 3530 2358 3578 0.

478 3593 669 3637 tionum
705 3603 850 3638 causa
907 3593 1068 3650 plures
1110 3593 1428 3649 requiruntur
1470 3594 1633 3639 testes:
1689 3594 1745 3639 V.
1802 3603 1843 3637 c.
1981 3590 2053 3652 17)
2075 3592 2212 3641 Ι..19.
2249 3596 2301 3640 C.
2324 3594 2522 3653 dende
2542 3595 3300 3654 instr.-Brisson.v.apocha

476 3653 529 3699 ι..
568 3650 646 3700 15.
681 3653 709 3707 s
742 3656 789 3700 1.
824 3656 876 3701 L.
913 3652 990 3700 18.
1027 3656 1079 3700 c.
1117 3653 1171 3699 ιι.
1208 3657 1246 3701 t.
1284 3678 1346 3689 -
1379 3652 1455 3700 cr.
1490 3666 1638 3713 supra
1670 3656 1697 3709 ς
1732 3653 1845 3700 105.
1910 3654 1937 3708 s
1977 3650 2026 3701 2.

478 3719 582 3762 not.
617 3713 665 3762 9.
1251 3762 1255 3765 ,
1973 3715 2051 3774 18)
2074 3719 2148 3766 Cf.
2171 3720 2222 3766 L.
2246 3716 2294 3766 4.
2320 3719 2373 3764 C.
2408 3719 2462 3766 Ιι.
2487 3723 2523 3766 t.
2554 3725 2605 3767 et
2626 3730 2772 3778 supra
2793 3724 2818 3778 ς
2840 3722 2949 3768 133.

537 3777 585 3836 4)
610 3779 675 3823 De
694 3778 980 3836 singular-ib.
1005 3779 1166 3826 testib.
1200 3777 1298 3825 vid.
1338 3777 1593 3826 Auctoris
1612 3780 1849 3837 Civilpro-
1984 3779 2065 3838 19)
2085 3782 2137 3827 Ι..
2159 3779 2239 3827 25.
2263 3784 2288 3838 s
2311 3779 2358 3827 4.
2390 3783 2453 3827 D.
2476 3781 2546 3828 de
2577 3783 2792 3839 probat.
2817 3795 2861 3830 c.
2908 3782 2987 3832 14.
3012 3785 3072 3829 x.
3096 3783 3164 3830 de
3180 3783 3294 3838 fide

481 3852 585 3886 cess
605 3852 654 3898 p.
678 3838 787 3888 177.
1914 3840 2162 3889 instrum.
2187 3844 2266 3902 (ll,
2290 3841 2391 3900 22.)
2420 3868 2475 3876 —
2498 3845 2664 3892 Gfflclc
2676 3846 2828 3893 Pand.
2854 3846 2944 3893 nd.
2962 3848 3085 3894 xxl.
3108 3858 3158 3904 p.
3179 3844 3300 3893 383.

543 3900 590 3960 5)
615 3903 691 3950 ct.
714 3902 841 3949 inter
861 3915 913 3948 se
934 3903 984 3950 hi
1009 3901 1100 3949 loci
1126 3919 1137 3948 ε
1162 3904 1215 3949 Ι..
1237 3904 1285 3948 3.
1308 3906 1334 3959 S
1355 3906 1405 3951 5.
1430 3905 1484 3950 D.
1508 3904 1563 3950 Ιι.
1588 3907 1626 3950 t.
1654 3905 1772 3951 —L.
1798 3902 1849 3952 6.
1913 3901 2027 3951 584.
2054 3918 2102 3963 p.
2126 3904 2239 3952 386.
2262 3903 2376 3950 590.

481 3964 557 4009 12.
582 3966 636 4011 C.
662 3966 779 4011 eod.
807 3967 858 4012 L.
879 3964 960 4012 20.
984 3966 1039 4011 D.
1065 3964 1183 4012 eod.
1210 3990 1271 3998 --
1305 3967 1357 4012 L.
1383 3964 1461 4014 15.
1482 3966 1562 4012 20.
1587 3967 1665 4012 21.
1692 3979 1766 4024 pr.
1791 3970 1846 4014 D.
1976 3965 2038 4014 20
2059 3968 2110 4014 L.
2134 3966 2181 4015 5.
2209 3966 2258 4015 6.
2279 3964 2331 4014 7.
2355 3968 2408 4013 L.
2443 3967 2739 4026 deprobat.

486 4026 600 4073 1ι.ι.
623 4029 676 4073 Ι..
701 4027 749 4073 2.
776 4028 829 4073 D.
853 4028 920 4074 de
939 4028 1176 4074 senator.
1200 4028 1260 4084 (l,
1280 4025 1352 4086 9.)
1374 4055 1433 4063 -
1466 4031 1519 4075 L.
1543 4027 1622 4075 17.
1657 4029 1710 4075 C.
1736 4029 1791 4076 le.
1815 4033 1853 4076 t.

482 4112 542 4122 —-
564 4088 817 4136 Auctoris
837 4091 1091 4148 Civilproc.
1121 4103 1168 4148 p.
1199 4087 1291 4136 174
1311 4102 1383 4149 sq.
2522 4096 2549 4150 s
2581 4090 2696 4141 149.

552 4149 601 4208 6)
621 4153 673 4197 1..
697 4149 745 4199 ὅ.
768 4153 822 4200 C.
845 4151 897 4199 Ιι.
921 4155 957 4198 t.
990 4175 1051 4187 --
1088 4154 1140 4200 L.
1163 4152 1212 4201 6.
1253 4153 1307 4198 D.
1347 4155 1414 4201 de
1447 4151 1566 4200 eod.
1602 4152 1670 4210 (ιι
1690 4153 1856 4200 idonei
1914 4186 1917 4190 .

488 4225 587 4261 non
612 4215 837 4260 videntur
859 4226 964 4260 esse
987 4219 1137 4260 testes
1158 4251 1174 4276 ‚
1196 4215 1373 4273 quibus
1403 4214 1632 4274 imperari
1659 4220 1855 4274 potest,
1985 4215 2024 4274 *)
2044 4217 2150 4274 Dig.
2171 4216 2293 4276 (xli,
2314 4216 2386 4274 ἃ.)
2412 4241 2470 4251 ——
2492 4215 3091 4274 dejure-,iurandmnm
3111 4220 3310 4267 volun·

488 4283 541 4322 ut
564 4279 709 4321 testes
733 4277 868 4321 fiant.
893 4292 918 4319 n
939 4277 955 4335 )
980 4278 1030 4322 Ι..
1052 4274 1100 4323 6.
1122 4279 1176 4327 C.
1200 4277 1319 4324 eod.
1921 4275 2083 4340 tario,
2121 4279 2233 4326 sive
2255 4277 2586 4342 necessarie,
2620 4283 2734 4328 sive
2744 4280 3020 4336 judiciali.
3055 4282 3175 4328 Cod.
3195 4282 3308 4340 (Ν,

549 4336 599 4397 7)
621 4339 674 4386 L.
698 4337 774 4385 10.
802 4339 859 4383 D.
882 4341 999 4385 etL.
1025 4339 1103 4385 10.
1124 4341 1178 4389 C.
1203 4340 1257 4386 Ιι.
1284 4340 1323 4387 t.
1924 4341 1990 4398 1.)
2016 4365 2071 4373 -
2093 4340 2159 4387 de
2192 4345 2207 4397 (
2230 4343 2375 4388 rebus
2397 4343 2593 4389 creditis
2608 4346 2695 4403 et)
2724 4343 3107 4398 summ-ando.
3130 4346 3311 4391 -De·

551 4398 599 4453 8)
622 4402 671 4447 L.
694 4401 743 4446 3.
759 4412 834 4458 pr.
855 4403 881 4456 ς
900 4402 923 4445 1
951 4427 1012 4435 --
1030 4399 1079 4447 5.
1105 4404 1158 4450 Ι..
1182 4400 1260 4449 13.
1287 4405 1340 4449 D.
1369 4403 1423 4451 Ιι.
1448 4402 1485 4449 t.
1509 4427 1573 4438 --
1591 4403 1665 4451 cf.
1687 4407 1860 4462 Span-
1924 4404 2044 4449 creti
2067 4415 2178 4461 pars
2196 4405 2428 4464 secunda,
2449 4404 2605 4453 Causa
2623 4408 2724 4452 xx.
2753 4407 2992 4454 Deci-etat.
3017 4401 3096 4465 (ll,
3118 4404 3219 4463 24.)
3237 4431 3312 4439 ——

488 4461 718 4522 qenberq
733 4464 801 4510 im
821 4463 994 4508 Archiv
1015 4464 1052 4509 r.
1075 4466 1268 4512 civilist.
1292 4467 1371 4512 Pr.
1391 4467 1471 4513 Vl.
1492 4475 1569 4512 nr.
1590 4465 1671 4512 xl.
1926 4464 2058 4511 Libr.
2083 4468 2161 4513 vl.
2186 4467 2264 4524 (ll,
2287 4467 2386 4525 11.)
2406 4490 2464 4500 --
2487 4474 2539 4513 et
2552 4470 2703 4516 clem.
2723 4467 2806 4525 (tl,
2825 4465 2897 4525 9.)
2920 4489 2980 4500 -—-
2998 4467 3067 4515 de
3085 4469 3315 4524 jur-qiu-

549 4522 599 4581 9)
621 4527 729 4572 Vid.
753 4524 989 4573 Brisson.
1017 4527 1077 4571 de
1096 4529 1157 4574 V.
1177 4529 1226 4574 S.
1258 4540 1374 4574 voce
1406 4528 1591 4576 tabula
1613 4527 1639 4581 S
1665 4528 1712 4576 1.
1736 4529 1785 4575 2.
1927 4526 2117 4574 raudo.
2136 4553 2196 4563 --
2221 4530 2364 4575 Sam.
2385 4530 2547 4584 Str-yle
2572 4529 2634 4577 de
2665 4532 2867 4577 cautelis
2899 4527 3316 4590 juramentorum

554 4585 632 4643 10)
650 4588 767 4633 Nam
782 4588 1053 4645 generalior
1063 4590 1213 4636 etiam
1224 4596 1298 4637 est
1313 4591 1455 4646 hujus
1466 4590 1687 4637 vocabuli
1706 4593 1861 4652 noti03
1928 4590 1978 4634 in
1998 4590 2107 4635 foro
2130 4591 2441 4638 observandis
2480 4595 2498 4648 (
2519 4604 2635 4651 opp.
2676 4594 3032 4651 praestantiora
3052 4593 3159 4639 Vol.
3181 4593 3268 4639 ΙΙΙ.
3296 4598 3318 4652 )

492 4652 550 4694 de
572 4661 666 4707 qua
690 4651 786 4696 vid.
814 4649 1056 4709 Quincul.
1102 4652 1216 4699 inst.
1262 4660 1388 4701 orat.
1433 4656 1489 4700 V.
1533 4666 1578 4698 e.
1622 4650 1672 4700 9.
1709 4677 1766 4689 -
1787 4656 1862 4701 ct.
1929 4663 1978 4709 p.
1999 4649 2093 4700 415
2108 4665 2216 4712 sqq.
2238 4678 2300 4687 —
2322 4655 2377 4700 J.
2403 4655 2462 4700 F.
2484 4655 2553 4701 de
2571 4655 2838 4703 Malblanc
2857 4655 3082 4702 doctrina
3119 4656 3180 4700 de
3220 4655 3316 4710 iu-

496 4713 716 4758 Gensler
732 4713 766 4758 l.
790 4724 834 4758 c.
857 4724 906 4769 p.
930 4709 993 4758 55
1012 4725 1120 4773 sqq.
1932 4713 2210 4769 rejurando.
2234 4715 2451 4764 Norimb.
2476 4714 2616 4765 1781.
2640 4715 2689 4763 8.
2706 4721 2787 4765 ed.
2812 4719 2874 4765 ll.
2897 4717 3026 4763 Tub.
3048 4714 3192 4764 1820.
3213 4713 3273 4764 8.

556 4774 633 4830 11)
656 4774 761 4829 Dig.
785 4775 946 4833 (xxii,
965 4772 1036 4832 4.)
1068 4799 1111 4810 ι·-
1138 4780 1190 4823 et
1210 4777 1328 4825 Cod.
1355 4776 1452 4837 (lv,
1477 4775 1649 4835 21.)-
1674 4779 1743 4828 de
1760 4778 1868 4836 fide
1997 4777 2043 4832 1)
2068 4779 2170 4826 Cic.
2192 4779 2278 4826 off.
2303 4778 2402 4836 (lli,
2422 4777 2521 4837 29.)
2548 4805 2604 4816 -
2625 4782 2689 4827 De
2709 4780 2854 4827 variis
2873 4780 3119 4840 variorum
3147 4779 3323 4835 juris-

494 4834 990 4884 inste-umentorum.
1927 4839 2127 4894 ‚iurandi
2144 4840 2509 4889 definitionibus
2530 4843 2597 4890 ct‘.
2637 4843 2905 4891 Malblanc
2947 4844 2981 4890 Ι.
3018 4842 3074 4889 1.·
3096 4844 3124 4897 ς
3165 4839 3216 4890 6.
3256 4850 3324 4890 et

562 4901 639 4957 12)
663 4899 772 4946 vid.
796 4911 940 4958 supra
959 4900 985 4954 S
1004 4899 1113 4947 103.
1139 4906 1240 4947 not.
1267 4902 1343 4949 11.
1685 4931 1706 4955 ,,
1935 4907 2037 4949 not.
2064 4901 2109 4963 ¹⁵,
2128 4909 2178 4951 et
2196 4905 2356 4953 Glticlt
2385 4903 2540 4952 Pand.
2559 4906 2665 4952 Vol.
2688 4906 2790 4953 xli.
2809 4916 2858 4964 p.
2896 4902 2988 4952 182
2999 4916 3106 4963 sqq.
