3544 5506
494 369 566 426 ¹6
1699 360 2079 405 rumentum.

489 496 749 569 praeter
777 484 1219 546 necessitatem
1253 479 1616 553 saepissime
1642 475 1977 547 antiquam
2006 471 2380 544 sapientiam
2415 468 2791 534 redoleant,
2837 478 3062 533 verum
3092 464 3290 521 etiam

488 585 852 650 antinomiis
877 624 893 652 ,
940 592 1106 653 quae
1135 577 1368 650 passim
1397 575 1563 631 iniis
1593 571 2012 629 inveniuntur
2059 564 2165 642 ²²),
2199 573 2265 623 et
2305 564 2595 623 maxime
2640 560 3156 631 ambiguitatibus
3185 560 3304 617 ob—

492 682 1031 749 scuritatibusque
1051 716 1068 743 ‚
1090 674 1326 747 quippe
1348 687 1423 730 ex
1446 684 1527 728 eo
1556 668 1712 727 ortis
1735 709 1751 735 ‚
1780 666 1957 739 quod
1986 663 2247 734 singulis
2278 662 2343 719 in
2370 660 2527 718 locis
2557 659 2725 717 male
2763 658 2934 715 inter
2973 671 3040 714 se
3065 657 3304 714 cohae-

491 791 638 844 rent
684 795 786 839 res
836 774 1322 846 sententiaeque
1349 813 1366 841 ‚
1419 770 1833 828 vehementer
1886 764 2288 824 offendamur
2344 758 2439 837 ²³).
2512 763 2845 818 Caeterum
2906 759 3132 816 eadem
3188 758 3307 815 ista

494 881 997 955 compositorum
1028 874 1285 933 levitate
1318 869 1617 928 effectum
1649 881 1787 925 csse
1836 866 2089 923 videtur
2123 860 2256 933 ²³0),
2300 869 2370 920 ut
2402 861 2633 919 veteris
2666 860 3043 933 prudentiae
3073 873 3307 930 magna

495 995 643 1054 pars
670 990 833 1052 pura
860 974 1238 1043 sinceraque
1262 967 1344 1025 ad
1376 980 1492 1023 nos
1516 963 1911 1037 pervenerit,
1940 976 2107 1033 quae
2145 959 2429 1032 alioquin
2455 957 2641 1016 foede
2668 961 2976 1027 corrupta
3007 956 3307 1012 innume-

498 1079 710 1150 risque
743 1070 1108 1132 inconditae
1136 1082 1212 1126 ac
1237 1065 1549 1123 barbarae
1591 1061 1923 1120 doctrinae
1964 1058 2240 1130 vestigiis
2272 1055 2715 1116 contaminata
2758 1054 3311 1127 dehonestataque

498 1178 580 1236 ad
601 1190 717 1234 nos
739 1174 952 1231 delata
972 1169 1210 1226 suisset.
1239 1164 1460 1236 Neque
1483 1176 1639 1222 vero
1668 1161 2037 1219 existimare
2088 1157 2236 1217 licet
2287 1159 2351 1215 in
2389 1155 2649 1227 singulis
2680 1154 3055 1224 fragmentis
3082 1155 3308 1228 dispo-

498 1272 722 1334 nendis
746 1270 993 1327 nullum
1009 1265 1198 1337 plane
1221 1260 1513 1319 ordinem
1532 1259 1925 1329 modumque
1945 1257 2316 1314 observasse
2338 1255 2718 1312 collectores
2738 1296 2755 1324 ‚
2785 1250 2899 1308 nisi
2923 1251 3096 1322 quod
3117 1250 3313 1311 variis

498 1369 725 1440 titulis,
753 1378 916 1438 quos
940 1375 1059 1434 pro
1094 1361 1623 1427 argumentorum
1657 1352 2028 1411 diversitate
2065 1351 2485 1410 distinxerant
2512 1393 2529 1424 ‚
2560 1346 2800 1419 singula
2831 1353 3133 1418 excerpta
3158 1351 3314 1406 sub-

493 1469 767 1547 iecerint
780 1460 870 1536 ²⁴).
904 1457 1068 1518 Nam
1096 1460 1162 1516 in
1186 1458 1584 1528 Digestorum
1627 1454 1886 1527 quidem
1909 1454 2279 1525 fragmentis
2298 1449 2667 1511 ordinandis
2690 1464 2823 1506 non
2846 1449 3050 1505 solum
3071 1449 3134 1505 id
3156 1464 3315 1521 ege-

501 1575 657 1631 runt
675 1612 691 1637 ‚
718 1571 791 1623 ut
813 1567 953 1622 loca
983 1561 1172 1619 rebus
1200 1557 1656 1628 sententiisque
1682 1556 1851 1613 inter
1869 1568 1937 1613 se
1956 1554 2370 1613 cohaerentia
2394 1558 2544 1625 apte
2566 1551 3033 1625 conjungerent
3049 1590 3066 1621 ‚
3089 1550 3313 1608 verbo-

503 1686 652 1730 rum
678 1669 839 1725 adeo
870 1659 1383 1735 copulationibus
1425 1652 1528 1714 hic
1570 1651 1701 1713 illic
1757 1654 2108 1733 interjectis
2143 1650 2218 1724 ²5)
2248 1644 2286 1727 ‚'
2317 1667 2540 1711 verum
2575 1651 2769 1709 etiam
2806 1649 2999 1721 ipsius
3041 1656 3318 1710 naturae

501 1767 859 1839 indolisque
891 1761 1160 1821 sontium
1180 1798 1196 1827 ,
1226 1760 1402 1816 unde
1431 1755 1755 1815 emanavit
1772 1755 1911 1829 ius,
1946 1760 2010 1813 et
2040 1754 2104 1811 in
2141 1751 2510 1824 colligendis
2541 1751 2696 1807 etin
2721 1748 3081 1820 digerendis
3110 1749 3268 1806 locis
3296 1794 3312 1824 ‚

505 1859 975 1936 diligentissime
1035 1856 1353 1913 rationem
1409 1849 1786 1909 habuerunt
1842 1845 1938 1922 ²⁵).
1980 1853 2132 1908 Tres
2193 1849 2361 1906 enim
2421 1847 2895 1906 constituerunt
2931 1843 3317 1915 scriptorum

506 1957 1058 2031 excerpendorum
1104 1952 1335 2009 classes
1354 1944 1429 2020 ²⁷)
1456 1966 1472 2003 ε
1498 1962 1695 2004 unam
1718 1936 1940 2004 eorum
1963 1985 1979 2013 ‚
2006 1960 2173 2018 quae
2196 1946 2275 2002 ad
2291 1944 2388 2020 ius
2399 1944 2580 2002 civile
2601 1941 2873 1999 maxime
2895 1943 3279 2014 spectabant
3297 1988 3315 2009 ,

506 2059 573 2116 in
609 2054 839 2129 quibus
882 2047 1313 2123 principatum
1373 2045 1694 2117 quendam
1725 2042 2105 2101 obtinebant
2148 2040 2632 2099 Sabinianorum
2674 2039 2951 2111 scripta,
2994 2038 3322 2097 nonnullis

508 2164 725 2216 tamen
758 2168 835 2211 ex
864 2148 1226 2209 edictalium
1250 2145 1413 2203 serie
1447 2143 1770 2215 admixtis,
1795 2142 1997 2214 lisque
2025 2142 2255 2199 talibus
2278 2185 2293 2209 ‚
2322 2155 2490 2214 quae
2517 2140 2655 2211 ipso
2679 2150 2898 2196 rerum
2929 2144 3319 2209 argumento

510 2267 661 2313 cum
680 2243 1034 2307 Sabinianis
1076 2241 1365 2316 apprime
1406 2239 1873 2297 conveniebant
1895 2234 1964 2311 ²¹³)
1998 2257 2017 2312 3
2042 2239 2307 2295 alteram
2337 2248 2563 2295 eorum
2582 2279 2599 2303 ,
2620 2234 2961 2307 quaejuris
2981 2234 3321 2302 doctrinis,

511 2349 726 2409 edicto
767 2341 1162 2417 potissimum
1210 2335 1471 2401 debitis,
1532 2334 1923 2392 illustrandis
1965 2333 2441 2408 inserviebant3
2489 2333 2569 2390 ad
2617 2331 2875 2388 tertium
2916 2346 3073 2389 vero
3115 2346 3324 2401 genus

512 2444 749 2516 scripta
774 2438 1136 2496 retulerunt
1163 2431 1507 2504 ejusmodi,
1535 2444 1703 2501 quae
1732 2429 1812 2485 ad
1843 2428 2037 2485 vitam
2065 2438 2388 2501 usumque
2429 2443 2644 2486 rerum
2682 2428 2998 2485 sorensem
3041 2426 3327 2499 proxime

534 2533 930 2598 accedebant
954 2572 969 2600 ‚
1009 2530 1175 2585 inter
1211 2539 1416 2597 eaque
1456 2524 1698 2597 primus
1731 2523 1940 2581 honor
1967 2525 2290 2596 Papiniani
2324 2525 2575 2597 scriptis
2606 2524 2857 2583 habitus
2881 2529 3002 2581 est.
3037 2525 3327 2598 Quorum

519 2634 780 2708 quidem
806 2626 1093 2686 omnium
1120 2622 1511 2694 scriptorum
1530 2625 1596 2677 et
1618 2620 2156 2692 per-legendorum
2181 2626 2246 2678 et
2268 2620 2819 2692 excerpendorum
2848 2618 3136 2676 similiter
3159 2617 3329 2675 inter

516 2748 585 2794 se
625 2728 901 2791 officium
929 2725 1282 2784 diviserunt
1306 2764 1324 2791 ,
1366 2720 1766 2791 collectaque
1809 2720 1890 2777 ad
1940 2720 2212 2777 eandem
2250 2721 2516 2779 rationis
2549 2734 2844 2779 normam
2888 2733 3002 2792 per
3049 2717 3332 2789 singulos

515 2834 732 2893 titulos
769 2831 855 2887 ita
877 2827 1360 2899 disposuerunt,
1388 2826 1462 2878 ut
1477 2822 1897 2878 collectorum
1922 2834 2002 2877 ex
2040 2835 2441 2894 unoquoque
2470 2836 2705 2892 genere
2747 2817 2958 2892 major
2998 2819 3334 2888 congeries

516 2930 713 3006 priori
742 2929 1119 3001 plerumque
1149 2925 1292 2981 loco
1351 2919 1798 2991 adsignaretur
1820 2914 1915 2993 ²⁹),
1939 2919 2112 2976 haud
2140 2927 2358 2978 tamen
2403 2935 2556 2977 raro
2615 2919 3010 2991 singulorum
3037 2919 3332 2976 locorum

517 3028 1064 3090 observandorum
1094 3023 1348 3080 ratione
1370 3019 1744 3092 perturbata
1767 3060 1786 3093 ‚
1818 3018 1954 3077 aliis
1974 3019 2214 3078 scilicet
2236 3021 2535 3078 consulto
2553 3059 2570 3088 ,
2603 3019 2746 3077 aliis
2777 3025 3020 3076 temere
3047 3023 3336 3089 transpo-

518 3129 689 3197 sitis,
737 3133 849 3185 aut
904 3123 1135 3183 additis
1171 3128 1392 3194 postea
1438 3118 1913 3193 interjectisve‚
1955 3133 2126 3191 quae
2154 3127 2345 3177 antea
2391 3118 2646 3177 fuerant
2673 3118 2904 3177 omissa
2955 3111 3042 3184 ³⁰1·
3094 3114 3337 3174 Codicis

520 3236 733 3291 autem
758 3224 1097 3300 repetitam
1119 3221 1611 3297 praelectionem
1641 3219 1818 3292 quod
1841 3219 2070 3278 attinet
2093 3264 2110 3290 ,
2142 3235 2269 3279 non
2314 3221 2510 3279 modo
2540 3216 2817 3291 singulas
2846 3215 3337 3277 constitutiones

583 3434 665 3494 99)
708 3432 849 3481 Hub·
882 3429 1132 3487 θῑΡῘΜΜὶ
1171 3429 1562 3478 Antiuomiffl’um
1596 3426 1696 3483 iur-
1743 3421 1897 3472 civilis
1961 3441 2001 3475 s.
2023 3430 2291 3478 erraticas
2310 3429 2464 3489 loyes.
2490 3421 2940 3476 Ecklmrdiilerrn.
2961 3426 3050 3483 jur.
3075 3426 3187 3471 1..1.
3207 3423 3342 3481 31oe

524 3500 615 3546 lib.
638 3498 719 3545 Ν.
759 3492 902 3542 1616.
936 3491 988 3541 ⁴-
1009 3499 1060 3541 et
1081 3493 1204 3540 Frcf.
1242 3489 1384 3541 1666.
1420 3489 1468 3538 4·
1503 3513 1566 3523 -·
1609 3489 1725 3536 Jul·
1747 3483 1903 3535 Paci!
1963 3491 2157 3542 -175.
2196 3493 2316 3552 ibiq.
2350 3493 2532 3540 laudati
2555 3494 2841 3549 scriptores,
2878 3491 3050 3549 quibus
3070 3489 3183 3535 add.
3210 3490 3340 3536 Jac-

521 3561 886 3638 s‘vxvvaocpavffiv
942 3575 1189 3621 centuriae
1230 3576 1417 3620 decem.
1476 3571 1699 3626 Lugdun.
1759 3564 1900 3614 1651.

522 3640 556 3690 8
577 3648 628 3690 et
665 3640 876 3698 saepius.
894 3662 955 3671 —-
972 3638 1060 3684 Ge.
1085 3635 1191 3685 Ad.
1215 3632 1460 3683 Str-uvius
1478 3666 1496 3694 ,
1532 3633 1687 3679 Dion.
1713 3631 1906 3678 6011ιο-

521 3702 670 3760 frede·
692 3719 711 3750 .·
735 3706 904 3750 Immo
918 3734 934 3762 ,
954 3698 1047 3744 hoc
1066 3705 1142 3746 est
1157 3698 1437 3745 conciliatio
1451 3697 1675 3752 legumin
1691 3693 1902 3752 speciem

525 3767 851 3827 pugnantium
867 3798 882 3822 ‚
910 3772 1028 3821 quas
1045 3763 1091 3808 in
1113 3766 1240 3809 notis
1262 3762 1324 3807 ad
1346 3756 1614 3805 Pandectas
1634 3759 1776 3803 Dion.
1815 3756 1906 3801 Go-

526 3830 777 3878 thofredus
797 3827 1002 3873 verbum
1029 3826 1182 3871 immo
1214 3819 1494 3881 usurpando
1534 3819 1749 3866 indicare
1788 3829 1906 3864 con-

525 3897 766 3940 sueverat.
785 3889 909 3936 fret.
930 3885 1072 3937 1695.
1095 3884 1143 3932 ⁴.

588 3953 670 4009 25)
712 3951 939 4001 Dirluen
979 3950 1174 4000 civilist.
1217 3946 1341 3992 Abh.
1360 3946 1399 3990 1.
1440 3960 1488 4005 p.
1513 3940 1606 3992 218
1625 3967 1687 3976 —-
1708 3937 1820 3989 220.
1843 3964 1905 3973 —-

529 4016 596 4062 De
619 4017 843 4062 crucibus
862 4015 1093 4061 JCtorum
1114 4023 1155 4056 s.
1193 4009 1252 4053 de
1293 4007 1479 4064 legibus
1517 4006 1765 4053 damnatis
1803 4003 1902 4049 vid.

535 4079 614 4126 W
613 4076 845 4124 alc-laium
866 4076 926 4123 ad
955 4069 1230 4125 Eckleardi
1249 4071 1413 4116 Herm.
1452 4069 1551 4124 jnr.
1592 4064 1717 4125 394,
1740 4066 1906 4123 ibique

529 4140 675 4196 alleg.
693 4138 894 4185 cornel.
908 4149 959 4185 υ.
979 4137 1091 4186 Eck
1103 4136 1156 4181 C.
1169 4134 1229 4179 de
1246 4137 1430 4190 septem
1455 4131 1697 4177 damnatis
1718 4128 1905 4184 legibus

531 4200 902 4248 Pandeetarum.
924 4225 980 4233 —
1005 4201 1193 4245 caeter.
1215 4196 1281 4242 cl*-
1321 4195 1429 4240 Ulr.
1454 4190 1657 4239 Hubert
1674 4190 1905 4236 Eunomia

532 4265 750 4311 Romana
771 4274 811 4307 s.
832 4273 1030 4307 censura
1047 4253 1904 4314 censuraejurisJustinianei‚poslh.

531 4317 1509 4457 ⁰⁹¹2¹Jg23ffssssffihssffsss⁴jssfflssgens„
1531 4379 1913 4436 fragmentorum

537 4452 823 4498 dissensisse
855 4451 905 4491 et
948 4446 1205 4491 nonnullos
1225 4446 1355 4490 locos
1375 4443 1642 4490 contrarios
1668 4440 1911 4485 invenisse

533 4515 725 4560 constat
766 4521 826 4555 ex
872 4508 1181 4554 Basilicarum
1200 4505 1396 4552 scholiis
1435 4506 1450 4560 (
1472 4504 1570 4551 vid.
1613 4501 1741 4549 infra
1769 4503 1796 4557 3
1827 4497 1904 4548 15.

537 4580 641 4622 not.
666 4569 793 4630 11.);
816 4583 917 4629 quo
958 4570 1097 4617 nobis
1142 4567 1336 4627 probari
1381 4565 1573 4614 videtur
1594 4575 1677 4610 eos
1712 4573 1814 4609 non
1838 4573 1914 4607 so·

533 4639 638 4683 lum
658 4634 719 4680 de
760 4634 871 4689 jure
914 4633 1127 4689 practico
1167 4634 1404 4686 tractare,
1441 4629 1525 4675 sed
1555 4632 1603 4673 et
1633 4630 1913 4672 controver-

534 4699 617 4745 siis
639 4695 976 4804 exagiinandis
1009 4695 1287 4751 exemplum
1322 4692 1627 4749 praeclarum
1667 4688 1782 4734 dare
1826 4697 1913 4732 vo-

533 4762 696 4808 luisse.
761 4793 772 4804 .
797 4759 874 4809 G.]

597 4819 679 4881 2⁴)
724 4817 824 4876 Q'ua
859 4818 1058 4877 quidem
1081 4817 1202 4864 inre
1221 4815 1339 4860 item
1367 4814 1723 4861 inconsiderate
1757 4809 1912 4866 negli-

536 4890 801 4943 genterque
811 4882 1095 4929 collectores
1118 4879 1341 4935 egerunt,
1360 4876 1598 4935 siquidem
1613 4886 1711 4921 non
1721 4881 1912 4930 semper

535 4949 632 4997 suls
642 4946 791 4996 titulis
809 4944 1127 5000 subjecerunt
1147 4942 1439 4997 fragmenta.
1450 4939 1637 4986 Vocant
1649 4934 1911 4995 fugitivas

1970 3554 2173 3610 Cujaciae·
2193 3556 2298 3602 obs.
2325 3558 2404 3614 lll,
2424 3552 2506 3602 57.
2528 3578 2584 3587 —-
2604 3556 2677 3602 cf.
2694 3554 2951 3602 Auctoris
2968 3551 3162 3598 Cession
3181 3562 3232 3608 p.
3258 3549 3339 3598 61.

1968 3622 2070 3663 not.
2094 3616 2185 3666 107
2206 3618 2297 3674 (ed.
2322 3617 2390 3674 2).

2027 3678 2109 3742 25)
2132 3686 2188 3728 G.
2234 3680 2514 3735 Huseland
2530 3683 2589 3729 de
2619 3685 2782 3736 legum
2806 3679 2859 3725 in
2896 3676 3152 3723 Pandectis
3186 3675 3344 3722 inter-

1970 3745 2319 3802 pretandarum
2343 3745 2559 3793 subsidio
2576 3757 2634 3791 ex
2655 3754 2825 3789 earum
2857 3752 2985 3786 nexu
3026 3743 3077 3784 et
3105 3748 3347 3785 consecu—

1969 3805 2103 3853 tione
2124 3807 2352 3865 petendo.
2373 3806 2479 3863 (cf.
2522 3805 2758 3853 Crameri
2795 3803 3037 3860 dispunct.
3070 3801 3173 3856 jnr.
3212 3801 3346 3847 civil.

1970 3882 2013 3916 c.
2049 3869 2400 3927 lll.)-Blz‹me
2419 3871 2568 3917 ordn.
2588 3871 2638 3915 d.
2660 3871 2854 3926 Fragm.
2880 3876 2926 3920 p.
2949 3862 3034 3911 291
3055 3875 3132 3921 sq.
3171 3862 3350 3909 Caete-

1969 3943 2079 3977 rum
2094 3932 2194 3978 viui.
2214 3928 2425 3990 eund.s
2458 3929 2535 3980 19.
2559 3944 2607 3990 p.
2631 3927 2716 3976 561
2744 3934 2795 3975 et
2813 3925 2925 3976 366.

2030 3992 2111 4051 26)
2133 3996 2190 4041 F.
2232 3992 2418 4042 Blume
2437 3996 2559 4042 tiber
2580 3994 2660 4039 die
2678 3993 2913 4046 ordnung
2944 3989 3032 4034 der
3053 3987 3356 4041 Fragments

1968 4055 2020 4102 in
2058 4056 2153 4102 den
2192 4056 2464 4104 pandecten
2502 4055 2773 4112 (zeitschr.
2798 4054 2836 4099 θ.
2872 4053 3044 4097 histor.
3070 4049 3126 4094 R.
3152 4049 3235 4095 W.
3266 4051 3353 4096 lv.

1968 4130 2017 4176 p.
2041 4114 2329 4174 957-472).
2355 4116 2727 4170 —Gotliosredi
2747 4114 2953 4174 praefat.
2987 4116 3257 4158 comment.
3287 4113 3354 4157 ad

1970 4181 2045 4226 tit.
2068 4182 2128 4226 de
2146 4192 2246 4239 reg.
2262 4179 2361 4235 Jur.
2385 4194 2569 4242 praem.
2590 4181 2721 4239 (opp.
2747 4179 2866 4224 min.
2885 4176 2963 4221 cd.
2991 4175 3229 4232 Trotzm.
3255 4170 3360 4220 719

1969 4243 2178 4302 sqq.).—
2198 4246 2352 4303 Huqo
2372 4245 2547 4291 Lehrb.
2572 4243 2660 4289 der
2680 4243 2926 4299 Digestcn..
2950 4240 2975 4293 3
2996 4238 3054 4282 ll.
3074 4249 3124 4282 n.
3145 4233 3260 4281 6.-
3275 4237 3359 4282 Cf.

1981 4309 2051 4352 A.
2075 4307 2354 4352 Reimarus
2374 4307 2736 4362 Bemerkungen
2762 4302 2860 4349 und
2883 4299 3191 4358 llypothcsen
3232 4297 3364 4345 uber

1977 4368 2059 4413 die
2098 4367 2617 4426 inscriptionenreihen
2650 4368 2738 4413 der
2777 4362 3363 4417 Pandektenfragmente.

1976 4432 2107 4477 Gott.
2135 4428 2256 4476 1850
2277 4436 2324 4476 et
2344 4432 2397 4477 Α.
2424 4433 2478 4477 L.
2499 4432 2550 4476 Z.
2584 4425 2725 4475 1854.
2748 4427 2868 4475 fasc.
2888 4421 3001 4484 158,
3022 4436 3071 4481 p.
3103 4420 3201 4470 ⁴92
3226 4434 3365 4481 sqq„

1972 4499 2020 4540 et
2035 4493 2151 4539 fasc.
2172 4488 2279 4540 139.
2304 4505 2350 4549 p.
2373 4490 2486 4539 504.

2038 4553 2118 4613 27)
2143 4556 2323 4601 Blume
2342 4556 2420 4601 l.l.
2435 4550 2514 4611 §5-
2531 4564 2579 4612 p.
2594 4549 2689 4599 270
2710 4562 2880 4609 sqq.—-
2902 4548 2980 4595 ef.
3002 4552 3166 4594 tamen
3202 4549 3368 4606 Huyo

1975 4616 2151 4724 lbfhrb.
2175 4617 2262 4725 ᾰῗι*
2284 4618 2505 4675 Digesten
2541 4627 2591 4673 p.
2637 4612 2719 4672 17,
2760 4618 2812 4660 et
2852 4612 2906 4659 C.
2949 4621 3155 4657 omnem
3180 4609 3370 4666 reipu-

2027 4679 2190 4736 e‘caes
2244 4712 2256 4724 .

2038 4739 2120 4796 28)
2144 4742 2326 4788 Blume
2346 4741 2380 4787 1.
2404 4741 2434 4786 l.
2456 4752 2505 4799 p.
2526 4735 2622 4785 279
2638 4749 2709 4796 sq.

2038 4801 2119 4861 29)
2143 4805 2327 4851 Blume
2346 4805 2378 4848 l.
2400 4804 2434 4849 1.
2454 4815 2500 4862 p.
2519 4799 2615 4848 3⁴9
2632 4824 2694 4834 —
2713 4797 2824 4846 5152.

2039 4864 2119 4923 50)
2148 4865 2331 4913 Blume
2348 4867 2384 4912 1.
2409 4865 2444 4912 1.
2472 4876 2518 4923 p.
2544 4859 2659 4923 274,
2678 4859 2791 4923 284,
2813 4857 2909 4907 295
2931 4883 2990 4893 -
3012 4855 3128 4906 3⁴8.
