3544 5506
546 367 659 424 ³⁶0
1282 376 1434 418 raas
1473 376 1630 418 stuc.
1671 375 1791 418 un.
1834 377 1930 418 111.
1974 375 2049 417 nn
2086 374 2597 418 oetion-torinna.

546 487 731 547 mitas
749 486 1016 559 jamjam
1057 481 1338 553 attigerit
1379 495 1520 539 rem
1544 524 1560 549 ‚
1604 495 1775 553 quae
1800 482 2112 554 debetur,
2151 486 2290 538 tum
2327 495 2484 539 vero
2509 525 2526 552 ,
2565 480 2618 538 si
2664 495 2894 539 eorum
2923 495 3160 551 causa,
3191 497 3356 555 quae

546 591 693 645 ante
717 580 1052 641 commissa
1083 586 1267 648 sunt,
1299 577 1644 650 separatim
1672 578 1771 649 agi
1796 584 2039 651 potest,
2069 584 2143 634 ut
2169 578 2328 634 fiant
2346 573 2394 650 ⁴)
2416 596 2433 651 3
2458 577 2651 648 igitur
2677 578 2904 651 utique
2948 575 3359 651 perimuntur

542 702 618 744 ea
640 729 656 755 ‚
686 699 854 757 quae
876 695 1013 740 non
1035 675 1151 737 nisi
1181 678 1394 736 officio
1409 679 1641 750 ,iudicis
1669 680 2098 738 debebantur.
2127 679 2188 737 Si
2210 686 2485 751 uterque
2511 679 2816 752 deinceps
2839 680 2887 752 ⁵)
2913 680 2976 737 in
3008 694 3200 739 mora
3218 680 3356 751 suit,

540 782 851 854 siquidem
910 779 992 835 de
1051 773 1247 833 futuri
1297 776 1605 846 temporis
1657 776 1908 833 damnis
1959 776 2328 848 quaeritur,
2392 777 2707 848 posterior
2752 778 3026 835 cessatio
3068 784 3267 835 nocet
3289 775 3355 847 ⁶).

541 872 775 957 Quodsi
803 880 917 933 aut
935 868 1306 946 simpliciter
1328 871 1703 944 accipiendo
1726 887 1863 930 rem
1882 914 1899 942 ‚
1929 879 2042 929 aut
2060 871 2185 930 alio
2213 873 2408 932 modo
2426 915 2444 943 ,
2472 874 2646 931 velut
2660 873 3009 931 novatione
3030 917 3047 943 ,
3077 876 3182 932 vet
3207 880 3360 933 tem·

539 975 713 1050 poris
760 970 1297 1047 praescriptione,
1348 969 1516 1026 actio
1564 968 1820 1026 sublata
1874 974 2001 1037 est,
2046 969 2261 1029 omnia
2309 983 2740 1042 quaecunque
2784 976 3058 1043 propter
3103 971 3361 1030 alterius

538 1090 787 1136 moram
816 1073 945 1147 peti
976 1077 1281 1145 poterant
1298 1106 1316 1139 ,
1344 1065 1530 1128 simul
1559 1070 2048 1141 exstinguuntur
2077 1058 2152 1142 ⁷).

1762 1266 1999 1322 CAPUT
2038 1265 2136 1322 lv.

1453 1458 1527 1499 DE
1565 1456 1870 1499 nnnnmwm
1911 1456 2430 1500 oanAnommJS.

983 1646 1082 1680 ’1⁵11'-
1118 1647 1155 1680 t.
1191 1645 1253 1679 D!
1287 1644 1444 1678 ΙΙΠΊΙΙ
1478 1643 1697 1681 unione
1731 1644 1982 1692 numaque
2014 1644 2255 1678 surtinus
2287 1642 2667 1680 until-artosol
2703 1642 2897 1678 nonu.

970 1813 998 1887 §
1029 1812 1173 1871 575.
1202 1812 1248 1886 1)
1271 1809 1471 1872 Mutua*
1495 1811 1656 1871 datio
1685 1810 1781 1892 (Ἴ.
1811 1812 1879 1887 A)
1914 1810 2202 1883 Quomodo
2223 1819 2490 1870 mutuum
2511 1808 2916 1869 contrahatur.

620 1999 902 2055 Mutuum
931 1992 1368 2062 contrahitur,
1409 2003 1556 2047 cum
1605 2002 1709 2044 res
1742 1986 2063 2062 pondere,
2109 1999 2384 2044 numero
2420 1993 2485 2043 et
2514 2001 2814 2045 mensura
2842 1994 3229 2047 constantes
3259 1990 3363 2046 hac

540 2093 680 2163 lege
709 2092 946 2148 dantur
992 2089 1560 2163 accipiunturque,
1609 2089 1677 2139 ut
1719 2083 2004 2156 ejusdem
2047 2077 2294 2152 generis
2335 2083 2713 2143 tantundem
2758 2085 3153 2143 restituatur
3179 2084 3245 2155 1).
3290 2083 3363 2141 Ex

538 2208 671 2264 quo
702 2191 1119 2264 consequitur
1138 2232 1152 2259 ,
1191 2187 1544 2247 dominium
1572 2198 1788 2240 rerum
1814 2176 2089 2239 transire
2117 2183 2180 2239 in
2215 2182 2670 2254 accipientem,
2710 2197 2840 2240 una
2870 2200 3023 2241 cum
3053 2185 3360 2258 periculo.

538 2291 861 2361 Itemque,
914 2303 1060 2345 cum
1101 2285 1307 2343 mutui
1352 2281 1593 2340 dationi
1626 2279 1775 2336 insit
1822 2272 2125 2336 alienatio
2150 2272 2229 2350 ²),
2269 2276 2687 2355 intelligitur,
2732 2280 2840 2353 qui
2874 2273 3365 2339 alienandarum

535 2400 755 2443 rerum
786 2399 916 2442 non
939 2384 1173 2441 habeat
1200 2385 1586 2455 potestatem
1610 2419 1626 2446 ‚
1660 2389 1808 2432 eum
1844 2389 1965 2433 nec
1990 2381 2217 2432 mutuo
2246 2373 2404 2431 dare
2440 2390 2629 2447 posse
2664 2375 2741 2451 ³),
2775 2391 3004 2434 rursus
3037 2392 3205 2435 vero
3239 2393 3365 2434 mu·

535 2487 631 2543 tui
655 2485 913 2543 datione
949 2500 1080 2542 non
1116 2480 1419 2554 obligari,
1454 2477 1570 2535 nisi
1598 2476 1704 2549 qui
1736 2470 1999 2532 omnino
2031 2474 2177 2547 jure
2216 2475 2536 2546 obligetur
2561 2470 2626 2540 ⁴).
2659 2476 3229 2552 Quemadmodum
3261 2492 3361 2533 au-

535 2589 667 2640 tem
697 2583 893 2638 instar
917 2587 1015 2637 est
1035 2580 1274 2647 mutui,
1308 2590 1453 2634 cum
1484 2578 1594 2631 aut
1627 2572 1714 2629 ita
1738 2586 1842 2628 res
1875 2570 2212 2627 alienanda
2234 2570 2462 2639 datur,
2490 2577 2561 2629 ut
2591 2572 2863 2643 pecunia
2895 2568 3049 2630 inde
3091 2579 3358 2645 accepta

534 2680 891 2739 retineatur
912 2675 982 2750 ⁵),
1020 2686 1165 2746 aut,
1199 2691 1367 2751 quae
1405 2674 1528 2732 alia
1551 2686 1627 2731 ex
1659 2684 1854 2728 causa
1878 2670 2303 2743 praestandae
2339 2670 2465 2728 sint
2498 2685 2601 2728 res
2623 2714 2641 2748 ,
2670 2669 3014 2743 fungibiles
3048 2672 3199 2729 illae
3228 2672 3364 2744 qui·

598 2894 646 2953 3)
681 2897 733 2942 1..
751 2895 830 2944 75.
852 2901 877 2955 S
900 2897 950 2946 2.
976 2898 1027 2943 L.
1050 2894 1129 2946 91.
1153 2898 1179 2953 S
1200 2896 1248 2941 3.
1270 2897 1325 2941 D.
1348 2892 1418 2940 de
1439 2893 1510 2941 V.
1538 2894 1597 2939 0.
1977 2891 2288 2951 obligationis
2309 2907 2367 2941 ex
2392 2901 2564 2941 mutuo
2599 2896 2836 2942 oriundae
2871 2899 2973 2944 vim
2998 2895 3329 2942 definiendam
3349 2927 3364 2953 ,

568 2956 647 3067 HA)
681 2960 733 3006 L.
759 2961 838 3007 23.
883 2964 940 3008 D.
963 2960 1029 3008 de
1054 2962 1112 3006 0.
1133 2961 1187 3007 et
1209 2960 1277 3006 A.
1299 2981 1361 2990 —
1391 2956 1444 3001 1..
1471 2953 1548 3002 12.
1570 2956 1622 3002 C.
1651 2953 1718 3000 de
1737 2955 1911 3003 contr.

537 3032 564 3065 s
602 3023 713 3077 put.

600 3082 648 3140 5)
681 3085 860 3140 Quodsi
881 3086 944 3133 ab
962 3090 1166 3142 utroque
1188 3081 1491 3128 contrahitur
1521 3090 1657 3127 mora
1689 3080 1756 3137 (id
1782 3084 1911 3141 quod

537 3147 643 3193 tieri
673 3154 855 3205 potest,
875 3161 988 3196 cum
1010 3159 1055 3193 v.
1075 3158 1121 3193 c.
1145 3150 1318 3193 neuter
1347 3146 1485 3190 adest
1526 3144 1635 3189 loco
1668 3151 1752 3189 aut
1794 3153 1915 3192 tem·

537 3221 656 3268 pore
678 3212 983 3269 constituto).
1006 3211 1065 3256 de
1088 3220 1251 3255 morae
1271 3205 1590 3253 incommodis
1622 3209 1824 3264 quaeri,
1847 3210 1913 3254 nil

536 3273 713 3318 attinet
732 3275 861 3332 (Arg.
889 3278 939 3320 1..
966 3271 1044 3319 10.
1082 3283 1156 3329 pr.
1182 3274 1235 3317 D.
1258 3269 1510 3325 decomp.
1535 3269 1655 3322 xvi,
1695 3269 1784 3325 2.).
1814 3271 1916 3316 Dis-

544 3340 652 3380 sent
676 3337 820 3384 Fritz
860 3336 1050 3382 Archiv.
1078 3335 1113 3380 f.
1151 3335 1242 3379 civ.
1285 3333 1362 3376 Pr.
1388 3334 1445 3376 X.
1472 3332 1550 3376 Nr.
1578 3330 1678 3383 Ἣ..
1704 3334 1917 3378 maxime

536 3408 801 3454 provocans
825 3401 886 3446 ad
913 3400 966 3444 1..
1004 3396 1083 3443 51.
1120 3409 1195 3455 pr.
1220 3396 1276 3440 D.
1298 3393 1365 3440 de
1385 3404 1437 3439 a.
1463 3403 1511 3438 e.
1537 3403 1586 3437 v.
1608 3392 1728 3449 (XX,
1764 3396 1832 3452 1.)
1854 3399 1914 3441 At

536 3461 665 3515 apud
709 3461 1082 3507 Haloandrum
1125 3460 1341 3514 aliosque
1379 3456 1530 3501 bonos
1565 3456 1777 3502 editores
1819 3457 1912 3504 hoc

535 3522 684 3566 modo
702 3524 880 3581 tegitur
902 3525 951 3569 in
974 3523 1010 3568 t'.
1033 3523 1135 3568 h.l.
1162 3537 1174 3567 :
1203 3521 1342 3565 «Non
1375 3519 1507 3563 enim
1544 3528 1683 3573 posse
1724 3519 1908 3579 wideri,

535 3593 725 3630 moi-am
749 3597 833 3642 per
870 3587 1173 3631 venditorem
1195 3582 1372 3627 emtori
1413 3581 1593 3625 factam
1639 3590 1771 3637 esse,
1803 3584 1911 3639 ipso

535 3651 723 3693 emtore
739 3647 1080 3704 posteriorem
1093 3656 1280 3692 moram
1293 3641 1691 3689 facientem-Cf.
1719 3647 1769 3687 et
1787 3645 1905 3692 edit.

537 3708 730 3756 Beckli.

597 3769 645 3832 6)
680 3773 730 3817 L.
757 3769 835 3819 17.
857 3773 913 3818 D.
937 3770 1005 3817 de
1038 3780 1154 3827 per.
1176 3772 1232 3814 et
1248 3764 1517 3815 commodo
1540 3765 1621 3811 rei
1643 3765 1909 3814 venditae.

596 3832 646 3893 7)
683 3835 733 3879 L.
753 3831 832 3880 2³.
853 3847 925 3892 pr.
952 3836 1008 3880 D.
1032 3832 1309 3886 der-ecem.
1334 3827 1435 3885 (lv,
1454 3825 1587 3874 8.)-
1605 3830 1656 3873 L.
1680 3823 1730 3871 8.
1753 3841 1826 3886 pr.
1854 3832 1906 3876 D.

534 3895 604 3941 de
635 3901 817 3943 novat.
842 3897 859 3953 (
880 3897 1015 3943 xLVt
1033 3931 1047 3954 ,
1066 3892 1145 3943 9.)
1170 3917 1225 3926 -
1253 3894 1302 3938 L.
1326 3888 1403 3937 15.
1428 3890 1544 3937 eod.
1561 3914 1617 3921 —
1634 3889 1728 3939 (Cf.
1753 3891 1806 3936 L.
1828 3889 1906 3938 14.

535 3969 610 4014 pr.
636 3959 687 4004 L.
707 3957 788 4006 81.
810 3971 885 4016 pr.
902 3959 1043 4016 eod.)
1061 3981 1121 3991 —-
1144 3957 1195 4002 L.
1219 3954 1300 4001 72.
1324 3954 1349 4006 S
1370 3954 1413 3998 1.
1441 3954 1488 3998 2.
1515 3955 1566 3998 D.
1590 3952 1657 3997 de
1677 3953 1835 3998 solut.
1852 3978 1910 3986 —

536 4020 591 4064 L.
620 4018 694 4066 17.
717 4023 770 4068 D.
794 4020 863 4067 de
889 4020 1047 4068 cond.
1070 4017 1207 4073 sure.
1229 4017 1370 4074 (xiil,
1394 4017 1461 4073 1.)
1488 4038 1543 4048 —
1572 4017 1621 4060 1..
1646 4012 1727 4060 20.
1754 4026 1830 4072 pr.
1853 4016 1908 4062 C.

534 4082 603 4128 de
626 4094 775 4129 usur.
801 4085 880 4136 lv,
903 4082 982 4129 52.
1010 4083 1127 4141 (vid.
1142 4090 1290 4139 supra
1312 4079 1337 4132 S
1360 4077 1515 4134 231.).
1540 4100 1602 4111 —
1625 4077 1717 4133 (ct'.
1740 4072 1910 4126 Gltick

534 4144 683 4190 Pand.
711 4147 787 4192 lv.
811 4148 837 4202 s
857 4143 994 4201 551.)

1107 4242 1132 4297 ς
1162 4234 1275 4285 375.

595 4338 654 4392 (⁸)
677 4336 779 4394 Dig.
805 4335 1088 4392 (Χ11,1.)ᾰε
1109 4336 1269 4382 rebus
1283 4332 1525 4396 creditis,
1539 4330 1587 4378 si
1603 4335 1808 4379 cereum
1820 4343 1914 4388 pe-

533 4399 695 4458 tetur,
720 4403 776 4445 et
793 4398 860 4444 de
881 4397 1385 4445 conditione—cod.
1412 4396 1514 4452 (iv,
1534 4395 1601 4451 1.)
1624 4395 1682 4440 Se·
1701 4399 1910 4443 certum

526 4464 768 4514 petatur.
784 4460 1088 4522 -Potlu‘er‚
1115 4461 1281 4506 Traite
1306 4461 1369 4506 du
1395 4459 1503 4516 pret
1524 4458 1583 4501 de
1606 4469 1914 4503 consomma-

532 4521 634 4567 tion
656 4527 704 4568 et
724 4523 809 4569 des
831 4525 1059 4569 matieres
1077 4525 1159 4580 qui
1196 4535 1226 4581 y
1266 4528 1355 4569 ont
1393 4526 1610 4577 rapport.
1654 4519 1788 4578 (opp.
1833 4521 1911 4566 ed.

530 4583 706 4639 Dupin
730 4587 787 4630 T.
815 4585 894 4631 lv.
920 4598 970 4643 p.
996 4582 1221 4643 47—75.)

594 4647 641 4703 1)
674 4648 751 4693 Pr.
777 4648 813 4692 l.
835 4649 982 4705 quib.
1006 4659 1074 4692 m.
1103 4659 1163 4694 re
1195 4648 1367 4694 contr.
1389 4645 1491 4692 obl.
1513 4667 1573 4676 -
1599 4645 1650 4692 1..
1676 4644 1724 4689 2.
1754 4655 1828 4701 pr.
1855 4644 1907 4690 et

527 4709 555 4763 s
582 4708 627 4753 1.
655 4710 709 4754 D.
734 4709 789 4754 Ιι.
816 4712 850 4755 t.
879 4711 1001 4756 —L.
1030 4709 1076 4754 1.
1097 4709 1185 4763 St.
1213 4711 1267 4754 D.
1291 4707 1357 4754 de
1383 4709 1440 4754 0.
1466 4710 1520 4754 et
1539 4708 1603 4754 A.
1631 4704 1812 4760 (XLIV,
1834 4702 1906 4765 7.)

528 4772 804 4826 (Quomodo
825 4773 1069 4818 creditum
1091 4769 1283 4817 differat
1306 4782 1333 4816 a
1358 4776 1527 4816 mutuo
1548 4768 1647 4814 vid·
1690 4770 1742 4814 L.
1786 4768 1831 4813 1.
1859 4774 1907 4815 et

530 4833 581 4878 L.
601 4833 647 4876 Β.
672 4835 696 4888 S
718 4830 766 4878 ὅ.
796 4833 849 4877 D.
888 4833 939 4879 Ιι.
973 4838 1030 4888 t.)
1062 4858 1112 4865 —
1140 4835 1396 4879 Caeterum
1417 4845 1475 4878 ex
1501 4831 1819 4877 conventione
1843 4830 1903 4877 de

525 4900 699 4940 mutuo
719 4895 880 4941 dando
902 4895 1046 4941 hodie
1068 4897 1200 4941 nasci
1223 4896 1487 4946 actionem..
1512 4897 1626 4940 licet
1657 4892 1903 4939 verissima

526 4958 591 5003 sit
628 4957 936 5016 observatio,
958 4962 1123 5004 tamen
1160 4958 1362 5003 omnino
1382 4956 1507 5004 nihil
1531 4957 1651 5003 facit
1672 4955 1733 5002 ad
1756 4955 1908 5013 ipsius

1977 2957 2155 3014 quippe
2177 2969 2303 3015 quae
2324 2964 2439 3005 ante
2458 2961 2627 3005 adesse
2648 2972 2732 3005 sua
2757 2965 2933 3006 natura
2961 2964 3203 3019 nequeat,
3225 2969 3366 3015 quam

1976 3018 2120 3063 datae
2141 3021 2242 3066 sint
2260 3032 2418 3067 res.—
2444 3021 2519 3067 ct.
2547 3023 2600 3068 L.
2624 3022 2671 3066 2.
2697 3023 2723 3077 ς
2746 3023 2793 3067 3.
2816 3024 2870 3069 D.
2892 3022 2945 3068 Ιι.
2986 3026 3023 3067 t.
3053 3048 3116 3056 —
3138 3021 3367 3077 Quoniam

1978 3083 2139 3126 tamen
2190 3082 2569 3130 conventiones
2615 3087 2905 3142 plerumque
2947 3090 3070 3130 sunt
3121 3083 3364 3140 utrimque

1977 3142 2321 3202 obligatoriae,
2342 3159 2436 3192 non
2475 3146 2777 3202 dubitamus,
2805 3148 2926 3204 quin
2950 3154 3100 3204 pacto
3118 3148 3183 3192 de
3204 3155 3364 3191 mutua

1978 3206 2184 3261 pecunia
2205 3208 2368 3255 danda
2389 3209 2511 3255 inito
2534 3211 2683 3255 etiam
2707 3207 2767 3255 ad
2789 3210 3140 3265 accipiendum
3178 3209 3365 3255 debitor

1981 3267 2174 3315 futurus
2209 3270 2560 3328 obstringatur.
2584 3271 2635 3318 id
2672 3273 2805 3328 quod
2832 3272 3055 3318 Romano
3090 3271 3209 3327 jure
3239 3281 3366 3316 eccm

1979 3335 2114 3390 erat5
2139 3329 2282 3377 1..ss0.
2309 3334 2362 3378 D.
2383 3332 2435 3378 Ιι.
2464 3337 2500 3379 t.
2529 3349 2552 3375 ιε
2565 3334 2654 3389 Qui
2678 3336 2936 3390 pecuniam
2961 3336 3214 3380 creditam
3233 3345 3362 3379 acce·

1977 3395 2168 3451 pturus,
2188 3395 2451 3452 spopondit
2479 3398 2707 3442 creditori
2732 3398 2916 3456 tuturo,
2939 3398 2992 3441 in
3015 3401 3265 3455 potestate
3283 3395 3364 3441 ha·

1975 3453 2077 3506 bet,
2099 3468 2158 3501 ne
2180 3456 2465 3514 accipiendo
2483 3470 2533 3503 se
2555 3460 2599 3504 ei
2624 3459 2921 3515 obstringat.
2944 3472 2973 3500 n

2040 3517 2088 3573 2)
2123 3519 2233 3565 vid.
2259 3524 2365 3565 not.
2392 3521 2437 3564 1.
2468 3522 2560 3576 ets
2590 3519 2638 3567 2.
2684 3523 2720 3569 1.
2763 3521 2910 3582 quio.
2957 3520 3129 3566 alien.
3172 3519 3259 3566 lie.
3286 3519 3371 3566 ul

1972 3590 2098 3628 non.
2120 3603 2177 3613 —
2204 3582 2258 3627 L.
2290 3579 2362 3628 16.
2396 3582 2446 3627 L.
2470 3581 2550 3630 41.
2587 3584 2641 3629 D.
2671 3583 2724 3631 Ιι.
2746 3587 2781 3630 ι.
2810 3585 3127 3640 -Maguum
3162 3583 3364 3639 scripto·

1972 3654 2079 3688 rum
2099 3654 2381 3698 numerum,
2397 3643 2579 3703 justam
2603 3647 2895 3692 sententiam
2918 3646 3170 3691 tuentium
3196 3646 3366 3690 adver·

1975 3717 2057 3750 sus
2085 3707 2157 3751 (ΙΙ.
2181 3707 2526 3768 Salmasium,
2555 3708 2638 3766 qui
2657 3712 2792 3755 nullo
2813 3720 2930 3753 usus
2953 3708 3204 3765 probabili
3225 3717 3367 3761 areu-

1974 3774 2137 3813 mento
2189 3770 2326 3815 illam
2381 3776 2774 3829 oppugnaverat,
2828 3774 3217 3816 nominaverunt
3263 3775 3366 3814 tum

1973 3832 2314 3877 Meet-manus
2338 3831 2387 3878 in
2424 3833 2634 3891 praefat.
2663 3834 2722 3879 T.
2758 3835 2835 3879 111.
2876 3831 3007 3878 thes.
3052 3833 3160 3888 jur.
3202 3832 3295 3876 civ.
3317 3837 3366 3876 et

1974 3895 2387 3999 camopraemissa
2426 3908 2474 3954 p.
2499 3892 2570 3951 5.,
2604 3902 2708 3941 tum
2730 3907 2843 3940 vero
2866 3895 3040 3941 Gtiick
3068 3893 3224 3941 Pano.
3259 3894 3364 3938 xit.

2035 4019 2087 4075 5)
2103 4017 2177 4064 Ct'.
2201 4019 2253 4065 L.
2277 4017 2327 4065 Ξ.
2350 4019 2377 4073 S
2395 4017 2442 4066 4.
2460 4021 2509 4064 L.
2540 4018 2616 4064 11.
2642 4020 2668 4073 ς
2690 4017 2739 4065 2.
2759 4021 2811 4066 D.
2836 4018 2893 4064 Ιι.
2924 4020 3064 4073 1,-3
3084 4018 3202 4065 21.
3222 4015 3364 4074 quib.

1971 4079 2132 4127 alien.
2155 4081 2307 4128 lic.—
2326 4082 2378 4127 L.
2399 4079 2480 4127 78.
2505 4084 2559 4128 D.
2581 4081 2648 4127 de
2668 4081 2825 4134 solut.
2841 4082 3030 4141 (val,
3051 4077 3126 4129 3.)
3143 4104 3198 4114 -—
3213 4078 3265 4125 1..
3285 4077 3367 4125 12.

1970 4148 2020 4186 et
2046 4142 2121 4189 ¹5.
2144 4145 2196 4190 D.
2223 4144 2272 4190 Ιι.
2299 4147 2335 4190 t.
2361 4169 2416 4177 -
2442 4143 2513 4192 Cf.
2540 4144 2704 4190 Glaclc
2723 4144 2876 4189 Pand.
2904 4144 3013 4189 Xlt.
3038 4147 3067 4199 s
3086 4141 3204 4192 781.
3233 4156 3281 4201 p.
3303 4138 3370 4187 Β

1891 4244 1899 4257 -
1970 4216 2077 4263 ⁸q‘1.

2030 4264 2080 4321 4)
2115 4269 2166 4315 L.
2189 4266 2270 4316 59.
2300 4270 2355 4314 D.
2376 4266 2445 4313 de
2463 4270 2520 4314 0.
2543 4267 2598 4314 et
2615 4269 2679 4315 A.
2702 4267 2891 4323 (xLlV,
2913 4264 2991 4324 7.)
3015 4269 3140 4314 —L.
3165 4266 3243 4313 13.
3265 4269 3294 4322 ς
3319 4267 3362 4310 1.

1978 4329 2031 4374 L.
2056 4329 2134 4376 14.
2157 4332 2210 4378 D.
2231 4330 2471 4378 decond.
2495 4328 2605 4376 ind.
2630 4330 2748 4386 (xli,
2767 4328 3156 4387 6.)—Pecuiiari
3179 4330 3368 4375 ratione

1977 4392 2125 4438 etiam
2143 4394 2333 4449 judices
2357 4391 2697 4450 prohibentur,
2718 4404 2779 4437 ne
2804 4404 2831 4437 a
2858 4392 3183 4448 litigantibus
3200 4392 3373 4438 foene-

1979 4453 2115 4501 brem
2135 4458 2376 4514 accipiant
2400 4456 2656 4513 pecuniam
2675 4455 2727 4499 L.
2749 4453 2798 4500 2.
2826 4456 2881 4499 C.
2905 4453 2959 4498 Ιι.
2987 4458 3028 4500 t.

2038 4514 2085 4574 5)
2123 4520 2175 4564 L.
2201 4520 2279 4564 11.
2309 4531 2381 4575 pr.
2412 4520 2470 4564 D.
2492 4518 2545 4565 Ιι.
2565 4521 2603 4562 Ι.
2627 4516 2711 4572 (ct.
2738 4518 2790 4563 Ι..
2811 4514 2859 4561 8.
2894 4516 2952 4560 C.
2977 4517 3147 4572 eod).
3175 4539 3230 4550 ——
3253 4513 3366 4559 Vnt.

1968 4581 2017 4622 et
2041 4580 2091 4625 L.
2116 4582 2192 4628 19.
2220 4592 2294 4638 pr.
2319 4583 2371 4627 D.
2396 4579 2464 4627 de
2483 4593 2568 4637 pr.
2594 4578 2739 4625 verb.
2763 4580 2908 4635 (11111,
2930 4575 3004 4636 5.)
3023 4604 3085 4615 —
3109 4581 3369 4625 caeter-n

1969 4650 2030 4685 an
2051 4643 2300 4689 conciliari
2331 4645 2484 4700 possit
2521 4643 2653 4702 prior
2692 4642 2823 4686 iocus
2844 4651 2961 4685 cum
3006 4642 3062 4687 L.
3105 4639 3268 4697 ⁸⁴·l1‘·
3307 4638 3365 4684 D.

1968 4703 2233 4752 mandati.
2256 4706 2427 4762 (xvii,
2452 4705 2520 4762 1.)
2541 4703 2688 4751 verb.
2704 4719 2748 4749 :u
2763 4702 2838 4748 his
2860 4709 3220 4761 argumentum
3240 4711 3368 4746 ene.

1971 4791 2030 4800 -
2051 4790 2112 4800 -
2136 4768 2292 4815 nihilo
2310 4770 2468 4824 magis
2490 4766 2746 4825 pecuniam
2756 4766 3002 4811 creditam
3027 4772 3162 4811 recte
3181 4765 3370 4823 petitu·

1968 4840 2079 4876 runi
2096 4846 2120 4873 n
2136 4836 2238 4878 tum
2258 4832 2504 4891 quomodo
2523 4829 2572 4874 id
2598 4829 2700 4884 flat,
2721 4829 2850 4873 inter
2870 4838 2925 4871 se
2947 4829 3162 4873 minime
3184 4836 3370 4872 couve-

1968 4894 2112 4940 niunt
2152 4895 2274 4941 Jcii.
2320 4894 2427 4939 vid.
2473 4891 2637 4938 Glt't'ck
2674 4891 2825 4936 Pand.
2865 4889 2969 4936 xn.
3010 4893 3038 4946 5
3070 4887 3189 4936 7⁷⁹.
3247 4901 3298 4945 p.
3335 4883 3371 4932 θ
