<?xml version="1.0" encoding="UTF-8"?>
<!DOCTYPE html PUBLIC "-//W3C//DTD XHTML 1.0 Transitional//EN"
    "http://www.w3.org/TR/xhtml1/DTD/xhtml1-transitional.dtd">
<html xmlns="http://www.w3.org/1999/xhtml" xml:lang="en" lang="en">
 <head>
  <title>
</title>
<meta http-equiv="Content-Type" content="text/html;charset=utf-8" />
  <meta name='ocr-system' content='tesseract 3.04.00' />
  <meta name='ocr-capabilities' content='ocr_page ocr_carea ocr_par ocr_line ocrx_word'/>
</head>
<body>
  <div class='ocr_page' id='page_1' title='image "./doctrinapandect03mhgoog_0518.png"; bbox 0 0 3544 5506; ppageno 0'>
   <div class='ocr_carea' id='block_1_1' title="bbox 517 340 633 399">
    <p class='ocr_par' dir='ltr' id='par_1_1' title="bbox 517 340 633 399">
     <span class='ocr_line' id='line_1_1' title="bbox 517 340 633 399; baseline 0.017 -2"><span class='ocrx_word' id='word_1_1' title='bbox 517 340 633 399; x_wconf 72' lang='lat'><strong>⁴96</strong></span> 
     </span>
    </p>
   </div>
   <div class='ocr_carea' id='block_1_2' title="bbox 511 461 3315 2682">
    <p class='ocr_par' dir='ltr' id='par_1_2' title="bbox 511 461 3315 2682">
     <span class='ocr_line' id='line_1_2' title="bbox 512 461 3315 536; baseline -0 -12"><span class='ocrx_word' id='word_1_2' title='bbox 512 467 677 526; x_wconf 84' lang='lat' dir='ltr'><strong>haee</strong></span> <span class='ocrx_word' id='word_1_3' title='bbox 697 465 831 525; x_wconf 74' lang='lat' dir='ltr'><strong>rere</strong></span> <span class='ocrx_word' id='word_1_4' title='bbox 854 461 1224 524; x_wconf 86' lang='lat' dir='ltr'><strong>efficiuntur</strong></span> <span class='ocrx_word' id='word_1_5' title='bbox 1250 480 1268 523; x_wconf 73' lang='grc' dir='ltr'><strong><em>ε</em></strong></span> <span class='ocrx_word' id='word_1_6' title='bbox 1298 466 1355 531; x_wconf 96' lang='grc'><strong>1)</strong></span> <span class='ocrx_word' id='word_1_7' title='bbox 1380 466 1921 523; x_wconf 80' lang='lat' dir='ltr'><strong>insinuandarum</strong></span> <span class='ocrx_word' id='word_1_8' title='bbox 1952 464 2378 525; x_wconf 84' lang='lat' dir='ltr'><strong>donationum</strong></span> <span class='ocrx_word' id='word_1_9' title='bbox 2401 465 2753 523; x_wconf 75' lang='lat' dir='ltr'><strong>solennitas</strong></span> <span class='ocrx_word' id='word_1_10' title='bbox 2774 477 3050 524; x_wconf 83' lang='lat' dir='ltr'><strong>uxorum</strong></span> <span class='ocrx_word' id='word_1_11' title='bbox 3073 464 3315 536; x_wconf 88' lang='lat' dir='ltr'><strong>quidem</strong></span> 
     </span>
     <span class='ocr_line' id='line_1_3' title="bbox 514 558 3312 637; baseline -0.003 -11"><span class='ocrx_word' id='word_1_12' title='bbox 514 568 584 626; x_wconf 87' lang='lat' dir='ltr'><strong>in</strong></span> <span class='ocrx_word' id='word_1_13' title='bbox 624 565 1040 627; x_wconf 88' lang='lat' dir='ltr'><strong>commodum</strong></span> <span class='ocrx_word' id='word_1_14' title='bbox 1074 562 1324 620; x_wconf 79' lang='lat' dir='ltr'><strong>sublata</strong></span> <span class='ocrx_word' id='word_1_15' title='bbox 1356 567 1454 620; x_wconf 88' lang='lat' dir='ltr'><strong>est</strong></span> <span class='ocrx_word' id='word_1_16' title='bbox 1492 558 1563 637; x_wconf 72' lang='grc'><strong>7).</strong></span> <span class='ocrx_word' id='word_1_17' title='bbox 1596 561 1659 633; x_wconf 77' lang='lat'><strong>2)</strong></span> <span class='ocrx_word' id='word_1_18' title='bbox 1705 566 1990 620; x_wconf 89' lang='lat' dir='ltr'><strong>Durante</strong></span> <span class='ocrx_word' id='word_1_19' title='bbox 2016 560 2430 620; x_wconf 88' lang='lat' dir='ltr'><strong>matrimonio</strong></span> <span class='ocrx_word' id='word_1_20' title='bbox 2458 575 2561 619; x_wconf 88' lang='lat' dir='ltr'><strong>res</strong></span> <span class='ocrx_word' id='word_1_21' title='bbox 2603 562 2923 632; x_wconf 77' lang='lat' dir='ltr'><strong>donatae,</strong></span> <span class='ocrx_word' id='word_1_22' title='bbox 2971 562 3156 621; x_wconf 85' lang='lat' dir='ltr'><strong>sicuti</strong></span> <span class='ocrx_word' id='word_1_23' title='bbox 3183 562 3312 630; x_wconf 86' lang='lat' dir='ltr'><strong>dos,</strong></span> 
     </span>
     <span class='ocr_line' id='line_1_4' title="bbox 514 655 3310 741; baseline -0.004 -14"><span class='ocrx_word' id='word_1_24' title='bbox 514 670 663 729; x_wconf 87' lang='lat' dir='ltr'><strong>lieet</strong></span> <span class='ocrx_word' id='word_1_25' title='bbox 686 669 1068 741; x_wconf 89' lang='lat' dir='ltr'><strong>plerumque</strong></span> <span class='ocrx_word' id='word_1_26' title='bbox 1095 660 1144 737; x_wconf 81' lang='lat'><strong>⁸)</strong></span> <span class='ocrx_word' id='word_1_27' title='bbox 1173 668 1557 720; x_wconf 72' lang='lat' dir='ltr'><strong>remaneant</strong></span> <span class='ocrx_word' id='word_1_28' title='bbox 1585 664 1759 734; x_wconf 87' lang='lat' dir='ltr'><strong>apud</strong></span> <span class='ocrx_word' id='word_1_29' title='bbox 1789 662 1998 720; x_wconf 85' lang='lat' dir='ltr'><strong>virum</strong></span> <span class='ocrx_word' id='word_1_30' title='bbox 2017 703 2034 728; x_wconf 91' lang='lat'><strong>,</strong></span> <span class='ocrx_word' id='word_1_31' title='bbox 2071 668 2291 719; x_wconf 87' lang='lat' dir='ltr'><strong>tamen</strong></span> <span class='ocrx_word' id='word_1_32' title='bbox 2321 661 2803 733; x_wconf 84' lang='lat' dir='ltr'><strong>quodammodo</strong></span> <span class='ocrx_word' id='word_1_33' title='bbox 2831 663 3047 720; x_wconf 84' lang='lat' dir='ltr'><strong>uxoris</strong></span> <span class='ocrx_word' id='word_1_34' title='bbox 3075 655 3225 719; x_wconf 76' lang='lat' dir='ltr'><strong>s&#39;unt</strong></span> <span class='ocrx_word' id='word_1_35' title='bbox 3245 657 3310 732; x_wconf 74' lang='lat'><strong>⁹),</strong></span> 
     </span>
     <span class='ocr_line' id='line_1_5' title="bbox 512 751 3310 834; baseline -0.004 -12"><span class='ocrx_word' id='word_1_36' title='bbox 512 771 610 834; x_wconf 86' lang='lat' dir='ltr'><strong>et,</strong></span> <span class='ocrx_word' id='word_1_37' title='bbox 651 769 982 834; x_wconf 88' lang='lat' dir='ltr'><strong>tamquam</strong></span> <span class='ocrx_word' id='word_1_38' title='bbox 1017 751 1405 829; x_wconf 86' lang='lat' dir='ltr'><strong>antipherna</strong></span> <span class='ocrx_word' id='word_1_39' title='bbox 1452 751 1526 828; x_wconf 72' lang='grc' dir='ltr'><strong>ω)</strong></span> <span class='ocrx_word' id='word_1_40' title='bbox 1550 797 1567 821; x_wconf 85' lang='grc'><strong>.</strong></span> <span class='ocrx_word' id='word_1_41' title='bbox 1605 755 2034 813; x_wconf 71' lang='lat' dir='ltr'><strong>sustentandis</strong></span> <span class='ocrx_word' id='word_1_42' title='bbox 2072 755 2463 813; x_wconf 72' lang='lat' dir='ltr'><strong>matrimonii</strong></span> <span class='ocrx_word' id='word_1_43' title='bbox 2510 756 2813 813; x_wconf 88' lang='lat' dir='ltr'><strong>oneribus</strong></span> <span class='ocrx_word' id='word_1_44' title='bbox 2855 757 3214 813; x_wconf 81' lang='lat' dir='ltr'><strong>inserviunt</strong></span> <span class='ocrx_word' id='word_1_45' title='bbox 3242 753 3310 827; x_wconf 81' lang='lat'><strong>¹¹)-</strong></span> 
     </span>
     <span class='ocr_line' id='line_1_6' title="bbox 514 850 3312 937; baseline -0.004 -19"><span class='ocrx_word' id='word_1_46' title='bbox 514 861 695 937; x_wconf 83' lang='lat' dir='ltr'><strong>Quod</strong></span> <span class='ocrx_word' id='word_1_47' title='bbox 729 859 837 933; x_wconf 87' lang='lat' dir='ltr'><strong>jus</strong></span> <span class='ocrx_word' id='word_1_48' title='bbox 873 851 1277 913; x_wconf 88' lang='lat' dir='ltr'><strong>utilissimum</strong></span> <span class='ocrx_word' id='word_1_49' title='bbox 1321 858 1421 910; x_wconf 87' lang='lat' dir='ltr'><strong>est</strong></span> <span class='ocrx_word' id='word_1_50' title='bbox 1458 893 1476 920; x_wconf 91' lang='lat'>‚</span> <span class='ocrx_word' id='word_1_51' title='bbox 1525 854 1759 910; x_wconf 89' lang='lat' dir='ltr'><strong>marito</strong></span> <span class='ocrx_word' id='word_1_52' title='bbox 1805 850 2262 923; x_wconf 79' lang='lat' dir='ltr'><strong>patrimonium</strong></span> <span class='ocrx_word' id='word_1_53' title='bbox 2305 851 2719 921; x_wconf 75' lang='lat' dir='ltr'><strong>effundente,</strong></span> <span class='ocrx_word' id='word_1_54' title='bbox 2767 852 2972 910; x_wconf 85' lang='lat' dir='ltr'><strong>aliove</strong></span> <span class='ocrx_word' id='word_1_55' title='bbox 3012 851 3209 910; x_wconf 92' lang='lat' dir='ltr'><strong>modo</strong></span> <span class='ocrx_word' id='word_1_56' title='bbox 3246 851 3312 908; x_wconf 85' lang='lat' dir='ltr'><strong>ad</strong></span> 
     </span>
     <span class='ocr_line' id='line_1_7' title="bbox 511 946 3314 1028; baseline -0.003 -16"><span class='ocrx_word' id='word_1_57' title='bbox 511 955 795 1028; x_wconf 83' lang='lat' dir='ltr'><strong>inopiam</strong></span> <span class='ocrx_word' id='word_1_58' title='bbox 816 956 1124 1024; x_wconf 72' lang='lat' dir='ltr'><strong>vergente</strong></span> <span class='ocrx_word' id='word_1_59' title='bbox 1152 946 1216 1023; x_wconf 75' lang='grc'><strong>12)</strong></span> <span class='ocrx_word' id='word_1_60' title='bbox 1239 968 1258 1023; x_wconf 81' lang='lat'><em>3</em></span> <span class='ocrx_word' id='word_1_61' title='bbox 1282 963 1488 1021; x_wconf 89' lang='lat' dir='ltr'><strong>quare</strong></span> <span class='ocrx_word' id='word_1_62' title='bbox 1509 953 1951 1020; x_wconf 85' lang='lat' dir='ltr'><strong>congruenter</strong></span> <span class='ocrx_word' id='word_1_63' title='bbox 1972 946 2364 1005; x_wconf 83' lang='lat' dir='ltr'><strong>Justinianus</strong></span> <span class='ocrx_word' id='word_1_64' title='bbox 2387 948 2640 1016; x_wconf 88' lang='lat' dir='ltr'><strong>statuit,</strong></span> <span class='ocrx_word' id='word_1_65' title='bbox 2677 954 2752 1004; x_wconf 90' lang='lat' dir='ltr'><strong>ut</strong></span> <span class='ocrx_word' id='word_1_66' title='bbox 2776 947 3049 1007; x_wconf 78' lang='lat' dir='ltr'><strong>fundum</strong></span> <span class='ocrx_word' id='word_1_67' title='bbox 3084 949 3314 1020; x_wconf 87' lang='lat' dir='ltr'><strong>nuptia-</strong></span> 
     </span>
     <span class='ocr_line' id='line_1_8' title="bbox 511 1040 3312 1119; baseline -0.003 -9"><span class='ocrx_word' id='word_1_68' title='bbox 511 1067 660 1109; x_wconf 88' lang='lat' dir='ltr'><strong>rum</strong></span> <span class='ocrx_word' id='word_1_69' title='bbox 675 1064 868 1109; x_wconf 82' lang='lat' dir='ltr'><strong>causa</strong></span> <span class='ocrx_word' id='word_1_70' title='bbox 882 1048 1195 1106; x_wconf 86' lang='lat' dir='ltr'><strong>donatum</strong></span> <span class='ocrx_word' id='word_1_71' title='bbox 1213 1060 1283 1101; x_wconf 79' lang='lat' dir='ltr'><strong>ne</strong></span> <span class='ocrx_word' id='word_1_72' title='bbox 1297 1043 1675 1102; x_wconf 73' lang='lat' dir='ltr'><strong>consentiente</strong></span> <span class='ocrx_word' id='word_1_73' title='bbox 1695 1041 1924 1119; x_wconf 77' lang='lat' dir='ltr'><strong>quidem</strong></span> <span class='ocrx_word' id='word_1_74' title='bbox 1936 1041 2174 1100; x_wconf 68' lang='lat' dir='ltr'><strong>muliere</strong></span> <span class='ocrx_word' id='word_1_75' title='bbox 2186 1043 2472 1101; x_wconf 87' lang='lat' dir='ltr'><strong>alienare</strong></span> <span class='ocrx_word' id='word_1_76' title='bbox 2487 1043 2864 1102; x_wconf 78' lang='lat' dir='ltr'><strong>viroiieeret</strong></span> <span class='ocrx_word' id='word_1_77' title='bbox 2881 1040 2971 1109; x_wconf 78' lang='lat'><strong>¹³).</strong></span> <span class='ocrx_word' id='word_1_78' title='bbox 2996 1049 3312 1102; x_wconf 83' lang='lat' dir='ltr'><strong>Praeterea</strong></span> 
     </span>
     <span class='ocr_line' id='line_1_9' title="bbox 516 1143 3312 1217; baseline -0.003 -9"><span class='ocrx_word' id='word_1_79' title='bbox 516 1151 577 1216; x_wconf 80' lang='grc'><strong>5)</strong></span> <span class='ocrx_word' id='word_1_80' title='bbox 604 1156 671 1207; x_wconf 90' lang='lat' dir='ltr'><strong>et</strong></span> <span class='ocrx_word' id='word_1_81' title='bbox 702 1149 765 1204; x_wconf 91' lang='lat' dir='ltr'><strong>in</strong></span> <span class='ocrx_word' id='word_1_82' title='bbox 791 1162 1010 1205; x_wconf 88' lang='lat' dir='ltr'><strong>casum</strong></span> <span class='ocrx_word' id='word_1_83' title='bbox 1040 1144 1364 1203; x_wconf 84' lang='lat' dir='ltr'><strong>viduitatis</strong></span> <span class='ocrx_word' id='word_1_84' title='bbox 1384 1143 1759 1201; x_wconf 88' lang='lat' dir='ltr'><strong>mulieribus</strong></span> <span class='ocrx_word' id='word_1_85' title='bbox 1787 1147 2052 1215; x_wconf 89' lang='lat' dir='ltr'><strong>propter</strong></span> <span class='ocrx_word' id='word_1_86' title='bbox 2081 1143 2337 1216; x_wconf 78' lang='lat' dir='ltr'><strong>nuptias</strong></span> <span class='ocrx_word' id='word_1_87' title='bbox 2367 1143 2720 1202; x_wconf 84' lang='lat' dir='ltr'><strong>donatione</strong></span> <span class='ocrx_word' id='word_1_88' title='bbox 2743 1145 3131 1217; x_wconf 79' lang='lat' dir='ltr'><strong>consulitur,</strong></span> <span class='ocrx_word' id='word_1_89' title='bbox 3156 1150 3312 1202; x_wconf 86' lang='lat' dir='ltr'><strong>certe</strong></span> 
     </span>
     <span class='ocr_line' id='line_1_10' title="bbox 516 1235 3311 1312; baseline -0.003 -9"><span class='ocrx_word' id='word_1_90' title='bbox 516 1245 567 1303; x_wconf 92' lang='lat' dir='ltr'><strong>si</strong></span> <span class='ocrx_word' id='word_1_91' title='bbox 592 1243 772 1302; x_wconf 88' lang='lat' dir='ltr'><strong>liberi</strong></span> <span class='ocrx_word' id='word_1_92' title='bbox 800 1258 875 1301; x_wconf 89' lang='lat' dir='ltr'><strong>ex</strong></span> <span class='ocrx_word' id='word_1_93' title='bbox 903 1256 985 1300; x_wconf 91' lang='lat' dir='ltr'><strong>eo</strong></span> <span class='ocrx_word' id='word_1_94' title='bbox 1014 1239 1429 1298; x_wconf 90' lang='lat' dir='ltr'><strong>matrimonio</strong></span> <span class='ocrx_word' id='word_1_95' title='bbox 1459 1237 1833 1311; x_wconf 80' lang='lat' dir='ltr'><strong>superstites</strong></span> <span class='ocrx_word' id='word_1_96' title='bbox 1866 1244 2019 1295; x_wconf 90' lang='lat' dir='ltr'><strong>sunt</strong></span> <span class='ocrx_word' id='word_1_97' title='bbox 2059 1235 2236 1312; x_wconf 83' lang='lat' dir='ltr'><strong>¹⁴).At</strong></span> <span class='ocrx_word' id='word_1_98' title='bbox 2265 1239 2323 1312; x_wconf 77' lang='lat'><strong>4)</strong></span> <span class='ocrx_word' id='word_1_99' title='bbox 2351 1246 2607 1296; x_wconf 89' lang='lat' dir='ltr'><strong>mortua</strong></span> <span class='ocrx_word' id='word_1_100' title='bbox 2645 1239 2710 1296; x_wconf 90' lang='lat' dir='ltr'><strong>in</strong></span> <span class='ocrx_word' id='word_1_101' title='bbox 2754 1235 3160 1297; x_wconf 90' lang='lat' dir='ltr'><strong>matrimonio</strong></span> <span class='ocrx_word' id='word_1_102' title='bbox 3190 1256 3311 1296; x_wconf 90' lang='lat' dir='ltr'><strong>mu·</strong></span> 
     </span>
     <span class='ocr_line' id='line_1_11' title="bbox 512 1335 3311 1416; baseline -0.002 -14"><span class='ocrx_word' id='word_1_103' title='bbox 512 1346 668 1403; x_wconf 92' lang='lat' dir='ltr'><strong>liere</strong></span> <span class='ocrx_word' id='word_1_104' title='bbox 684 1390 700 1416; x_wconf 94' lang='lat'><strong>,</strong></span> <span class='ocrx_word' id='word_1_105' title='bbox 718 1359 823 1402; x_wconf 89' lang='lat' dir='ltr'><strong>res</strong></span> <span class='ocrx_word' id='word_1_106' title='bbox 841 1344 1121 1403; x_wconf 84' lang='lat' dir='ltr'><strong>donatae</strong></span> <span class='ocrx_word' id='word_1_107' title='bbox 1142 1341 1315 1413; x_wconf 89' lang='lat' dir='ltr'><strong>apud</strong></span> <span class='ocrx_word' id='word_1_108' title='bbox 1338 1340 1543 1398; x_wconf 83' lang='lat' dir='ltr'><strong>virum</strong></span> <span class='ocrx_word' id='word_1_109' title='bbox 1570 1347 1910 1398; x_wconf 86' lang='lat' dir='ltr'><strong>remanent</strong></span> <span class='ocrx_word' id='word_1_110' title='bbox 1927 1336 2019 1415; x_wconf 82' lang='lat'><strong>¹⁵),</strong></span> <span class='ocrx_word' id='word_1_111' title='bbox 2047 1336 2161 1399; x_wconf 91' lang='lat' dir='ltr'><strong>nisi</strong></span> <span class='ocrx_word' id='word_1_112' title='bbox 2186 1339 2351 1399; x_wconf 79' lang='lat' dir='ltr'><strong>sorte</strong></span> <span class='ocrx_word' id='word_1_113' title='bbox 2376 1335 2426 1397; x_wconf 91' lang='lat' dir='ltr'><strong>is</strong></span> <span class='ocrx_word' id='word_1_114' title='bbox 2441 1379 2460 1409; x_wconf 88' lang='lat'>‚</span> <span class='ocrx_word' id='word_1_115' title='bbox 2484 1339 2590 1412; x_wconf 90' lang='lat' dir='ltr'><strong>qui</strong></span> <span class='ocrx_word' id='word_1_116' title='bbox 2619 1356 2739 1412; x_wconf 89' lang='lat' dir='ltr'><strong>pro</strong></span> <span class='ocrx_word' id='word_1_117' title='bbox 2760 1341 2897 1398; x_wconf 82' lang='lat' dir='ltr'><strong>viro</strong></span> <span class='ocrx_word' id='word_1_118' title='bbox 2918 1340 3311 1398; x_wconf 84' lang='lat' dir='ltr'><strong>donationem</strong></span> 
     </span>
     <span class='ocr_line' id='line_1_12' title="bbox 513 1430 3311 1510; baseline -0.003 -11"><span class='ocrx_word' id='word_1_119' title='bbox 513 1436 881 1510; x_wconf 84' lang='lat' dir='ltr'><strong>constituit,</strong></span> <span class='ocrx_word' id='word_1_120' title='bbox 924 1438 1040 1496; x_wconf 89' lang='lat' dir='ltr'><strong>sibi</strong></span> <span class='ocrx_word' id='word_1_121' title='bbox 1085 1438 1342 1496; x_wconf 88' lang='lat' dir='ltr'><strong>easdem</strong></span> <span class='ocrx_word' id='word_1_122' title='bbox 1382 1442 1574 1508; x_wconf 87' lang='lat' dir='ltr'><strong>pacto</strong></span> <span class='ocrx_word' id='word_1_123' title='bbox 1611 1430 1859 1507; x_wconf 89' lang='lat' dir='ltr'><strong>recepit</strong></span> <span class='ocrx_word' id='word_1_124' title='bbox 1902 1431 1986 1508; x_wconf 77' lang='lat'><strong>¹⁶).</strong></span> <span class='ocrx_word' id='word_1_125' title='bbox 2017 1435 2442 1508; x_wconf 84' lang='lat' dir='ltr'><strong>Similiterque</strong></span> <span class='ocrx_word' id='word_1_126' title='bbox 2472 1436 2533 1510; x_wconf 81' lang='lat'><strong>5)</strong></span> <span class='ocrx_word' id='word_1_127' title='bbox 2576 1452 2695 1508; x_wconf 90' lang='lat' dir='ltr'><strong>per</strong></span> <span class='ocrx_word' id='word_1_128' title='bbox 2736 1436 3081 1494; x_wconf 72' lang='lat' dir='ltr'><strong>divortium</strong></span> <span class='ocrx_word' id='word_1_129' title='bbox 3117 1437 3311 1493; x_wconf 89' lang='lat' dir='ltr'><strong>soluto</strong></span> 
     </span>
     <span class='ocr_line' id='line_1_13' title="bbox 512 1530 3311 1612; baseline -0.003 -14"><span class='ocrx_word' id='word_1_130' title='bbox 512 1539 926 1598; x_wconf 89' lang='lat' dir='ltr'><strong>matrimonio</strong></span> <span class='ocrx_word' id='word_1_131' title='bbox 946 1581 962 1608; x_wconf 93' lang='lat'><strong>,</strong></span> <span class='ocrx_word' id='word_1_132' title='bbox 994 1544 1070 1595; x_wconf 90' lang='lat' dir='ltr'><strong>ut</strong></span> <span class='ocrx_word' id='word_1_133' title='bbox 1094 1538 1211 1595; x_wconf 90' lang='lat' dir='ltr'><strong>dos</strong></span> <span class='ocrx_word' id='word_1_134' title='bbox 1241 1536 1624 1608; x_wconf 88' lang='lat' dir='ltr'><strong>plerumque</strong></span> <span class='ocrx_word' id='word_1_135' title='bbox 1650 1534 1729 1592; x_wconf 89' lang='lat' dir='ltr'><strong>ad</strong></span> <span class='ocrx_word' id='word_1_136' title='bbox 1761 1536 2096 1593; x_wconf 91' lang='lat' dir='ltr'><strong>mulierem</strong></span> <span class='ocrx_word' id='word_1_137' title='bbox 2117 1530 2502 1612; x_wconf 78' lang='lat' dir='ltr'><strong>revertitur,</strong></span> <span class='ocrx_word' id='word_1_138' title='bbox 2543 1531 2665 1604; x_wconf 86' lang='lat' dir='ltr'><strong>sic,</strong></span> <span class='ocrx_word' id='word_1_139' title='bbox 2705 1537 2880 1608; x_wconf 89' lang='lat' dir='ltr'><strong>quod</strong></span> <span class='ocrx_word' id='word_1_140' title='bbox 2917 1542 3175 1608; x_wconf 89' lang='lat' dir='ltr'><strong>propter</strong></span> <span class='ocrx_word' id='word_1_141' title='bbox 3207 1551 3311 1591; x_wconf 91' lang='lat' dir='ltr'><strong>nu·</strong></span> 
     </span>
     <span class='ocr_line' id='line_1_14' title="bbox 512 1626 3308 1708; baseline -0.001 -14"><span class='ocrx_word' id='word_1_142' title='bbox 512 1636 676 1708; x_wconf 91' lang='lat' dir='ltr'><strong>ptias</strong></span> <span class='ocrx_word' id='word_1_143' title='bbox 700 1635 1010 1692; x_wconf 89' lang='lat' dir='ltr'><strong>donatum</strong></span> <span class='ocrx_word' id='word_1_144' title='bbox 1036 1639 1154 1704; x_wconf 84' lang='lat' dir='ltr'><strong>est,</strong></span> <span class='ocrx_word' id='word_1_145' title='bbox 1188 1632 1286 1689; x_wconf 72' lang='lat' dir='ltr'><strong>vir</strong></span> <span class='ocrx_word' id='word_1_146' title='bbox 1309 1631 1542 1689; x_wconf 86' lang='lat' dir='ltr'><strong>retinet</strong></span> <span class='ocrx_word' id='word_1_147' title='bbox 1566 1628 1636 1703; x_wconf 88' lang='lat'><strong>¹⁷)</strong></span> <span class='ocrx_word' id='word_1_148' title='bbox 1658 1649 1676 1705; x_wconf 74' lang='grc' dir='ltr'><strong>ς</strong></span> <span class='ocrx_word' id='word_1_149' title='bbox 1700 1630 1817 1689; x_wconf 89' lang='lat' dir='ltr'><strong>nisi</strong></span> <span class='ocrx_word' id='word_1_150' title='bbox 1846 1631 2032 1705; x_wconf 87' lang='lat' dir='ltr'><strong>hujus</strong></span> <span class='ocrx_word' id='word_1_151' title='bbox 2065 1630 2256 1704; x_wconf 89' lang='lat' dir='ltr'><strong>ipsius</strong></span> <span class='ocrx_word' id='word_1_152' title='bbox 2292 1632 2482 1704; x_wconf 83' lang='lat' dir='ltr'><strong>eulpa</strong></span> <span class='ocrx_word' id='word_1_153' title='bbox 2505 1632 2845 1690; x_wconf 84' lang='lat' dir='ltr'><strong>divortium</strong></span> <span class='ocrx_word' id='word_1_154' title='bbox 2874 1631 3212 1690; x_wconf 82' lang='lat' dir='ltr'><strong>factumest</strong></span> <span class='ocrx_word' id='word_1_155' title='bbox 3228 1626 3308 1693; x_wconf 53' lang='lat'><strong>¹⁸5.</strong></span> 
     </span>
     <span class='ocr_line' id='line_1_15' title="bbox 516 1730 3307 1812; baseline -0.002 -20"><span class='ocrx_word' id='word_1_156' title='bbox 516 1732 578 1809; x_wconf 82' lang='lat'><strong>6)</strong></span> <span class='ocrx_word' id='word_1_157' title='bbox 623 1735 1172 1812; x_wconf 83' lang='lat' dir='ltr'><strong>Quemadmodum</strong></span> <span class='ocrx_word' id='word_1_158' title='bbox 1210 1737 1428 1789; x_wconf 89' lang='lat' dir='ltr'><strong>autem</strong></span> <span class='ocrx_word' id='word_1_159' title='bbox 1471 1730 1673 1803; x_wconf 89' lang='lat' dir='ltr'><strong>pactis</strong></span> <span class='ocrx_word' id='word_1_160' title='bbox 1704 1730 1840 1789; x_wconf 82' lang='lat' dir='ltr'><strong>fieri</strong></span> <span class='ocrx_word' id='word_1_161' title='bbox 1872 1737 2111 1804; x_wconf 86' lang='lat' dir='ltr'><strong>potest,</strong></span> <span class='ocrx_word' id='word_1_162' title='bbox 2153 1739 2227 1789; x_wconf 92' lang='lat' dir='ltr'><strong>ut</strong></span> <span class='ocrx_word' id='word_1_163' title='bbox 2254 1732 2475 1791; x_wconf 90' lang='lat' dir='ltr'><strong>dotem</strong></span> <span class='ocrx_word' id='word_1_164' title='bbox 2512 1732 2611 1789; x_wconf 86' lang='lat' dir='ltr'><strong>vel</strong></span> <span class='ocrx_word' id='word_1_165' title='bbox 2649 1739 2901 1805; x_wconf 90' lang='lat' dir='ltr'><strong>partem</strong></span> <span class='ocrx_word' id='word_1_166' title='bbox 2937 1732 3075 1807; x_wconf 86' lang='lat' dir='ltr'><strong>ejus</strong></span> <span class='ocrx_word' id='word_1_167' title='bbox 3114 1733 3205 1789; x_wconf 84' lang='lat' dir='ltr'><strong>vir</strong></span> <span class='ocrx_word' id='word_1_168' title='bbox 3227 1732 3307 1788; x_wconf 91' lang='lat' dir='ltr'><strong>lu-</strong></span> 
     </span>
     <span class='ocr_line' id='line_1_16' title="bbox 511 1825 3308 1903; baseline -0.002 -13"><span class='ocrx_word' id='word_1_169' title='bbox 511 1840 730 1890; x_wconf 83' lang='lat' dir='ltr'><strong>cretur</strong></span> <span class='ocrx_word' id='word_1_170' title='bbox 759 1825 823 1903; x_wconf 81' lang='lat'><strong>¹⁹)</strong></span> <span class='ocrx_word' id='word_1_171' title='bbox 850 1845 867 1886; x_wconf 73' lang='lat' dir='ltr'><strong>t</strong></span> <span class='ocrx_word' id='word_1_172' title='bbox 894 1830 983 1887; x_wconf 87' lang='lat' dir='ltr'><strong>sic</strong></span> <span class='ocrx_word' id='word_1_173' title='bbox 1007 1828 1197 1886; x_wconf 85' lang='lat' dir='ltr'><strong>etiam</strong></span> <span class='ocrx_word' id='word_1_174' title='bbox 1228 1829 1367 1903; x_wconf 88' lang='lat' dir='ltr'><strong>plus</strong></span> <span class='ocrx_word' id='word_1_175' title='bbox 1397 1826 1562 1900; x_wconf 86' lang='lat' dir='ltr'><strong>juris</strong></span> <span class='ocrx_word' id='word_1_176' title='bbox 1594 1827 1856 1894; x_wconf 89' lang='lat' dir='ltr'><strong>mulier,</strong></span> <span class='ocrx_word' id='word_1_177' title='bbox 1898 1843 2095 1899; x_wconf 89' lang='lat' dir='ltr'><strong>quam</strong></span> <span class='ocrx_word' id='word_1_178' title='bbox 2122 1842 2196 1885; x_wconf 84' lang='lat' dir='ltr'><strong>ex</strong></span> <span class='ocrx_word' id='word_1_179' title='bbox 2227 1829 2365 1898; x_wconf 84' lang='lat' dir='ltr'><strong>lege</strong></span> <span class='ocrx_word' id='word_1_180' title='bbox 2392 1826 2448 1885; x_wconf 90' lang='lat' dir='ltr'><strong>ei</strong></span> <span class='ocrx_word' id='word_1_181' title='bbox 2479 1843 2856 1886; x_wconf 86' lang='lat' dir='ltr'><strong>concessum</strong></span> <span class='ocrx_word' id='word_1_182' title='bbox 2884 1835 3016 1903; x_wconf 85' lang='lat' dir='ltr'><strong>est,</strong></span> <span class='ocrx_word' id='word_1_183' title='bbox 3050 1844 3308 1887; x_wconf 78' lang='lat' dir='ltr'><strong>eonven-</strong></span> 
     </span>
     <span class='ocr_line' id='line_1_17' title="bbox 511 1920 3307 2002; baseline -0.001 -14"><span class='ocrx_word' id='word_1_184' title='bbox 511 1929 797 1988; x_wconf 89' lang='lat' dir='ltr'><strong>tionibus</strong></span> <span class='ocrx_word' id='word_1_185' title='bbox 821 1942 1135 2002; x_wconf 88' lang='lat' dir='ltr'><strong>quaerere</strong></span> <span class='ocrx_word' id='word_1_186' title='bbox 1160 1934 1373 2000; x_wconf 87' lang='lat' dir='ltr'><strong>potest</strong></span> <span class='ocrx_word' id='word_1_187' title='bbox 1392 1920 1489 1999; x_wconf 88' lang='lat'><strong>²⁰).</strong></span> <span class='ocrx_word' id='word_1_188' title='bbox 1520 1920 1887 1998; x_wconf 88' lang='lat' dir='ltr'><strong>Cujusmodi</strong></span> <span class='ocrx_word' id='word_1_189' title='bbox 1917 1932 2103 1999; x_wconf 87' lang='lat' dir='ltr'><strong>pacta</strong></span> <span class='ocrx_word' id='word_1_190' title='bbox 2128 1942 2277 1985; x_wconf 88' lang='lat' dir='ltr'><strong>cum</strong></span> <span class='ocrx_word' id='word_1_191' title='bbox 2305 1927 2696 1985; x_wconf 87' lang='lat' dir='ltr'><strong>ereberrime</strong></span> <span class='ocrx_word' id='word_1_192' title='bbox 2721 1929 2971 1998; x_wconf 81' lang='lat' dir='ltr'><strong>tierent,</strong></span> <span class='ocrx_word' id='word_1_193' title='bbox 3000 1928 3307 2002; x_wconf 86' lang='lat' dir='ltr'><strong>aequitatis</strong></span> 
     </span>
     <span class='ocr_line' id='line_1_18' title="bbox 514 2023 3306 2098; baseline -0.001 -13"><span class='ocrx_word' id='word_1_194' title='bbox 514 2042 709 2085; x_wconf 87' lang='lat' dir='ltr'><strong>causa</strong></span> <span class='ocrx_word' id='word_1_195' title='bbox 739 2029 1160 2084; x_wconf 86' lang='lat' dir='ltr'><strong>constitutum</strong></span> <span class='ocrx_word' id='word_1_196' title='bbox 1187 2028 1281 2082; x_wconf 86' lang='lat' dir='ltr'><strong>est</strong></span> <span class='ocrx_word' id='word_1_197' title='bbox 1304 2066 1320 2093; x_wconf 92' lang='lat'><strong>,</strong></span> <span class='ocrx_word' id='word_1_198' title='bbox 1355 2028 1428 2079; x_wconf 89' lang='lat' dir='ltr'><strong>ut</strong></span> <span class='ocrx_word' id='word_1_199' title='bbox 1469 2037 1722 2094; x_wconf 87' lang='lat' dir='ltr'><strong>semper</strong></span> <span class='ocrx_word' id='word_1_200' title='bbox 1749 2037 1825 2079; x_wconf 86' lang='lat' dir='ltr'><strong>ex</strong></span> <span class='ocrx_word' id='word_1_201' title='bbox 1856 2023 2058 2094; x_wconf 86' lang='lat' dir='ltr'><strong>pactis</strong></span> <span class='ocrx_word' id='word_1_202' title='bbox 2095 2024 2399 2095; x_wconf 90' lang='lat' dir='ltr'><strong>aequales</strong></span> <span class='ocrx_word' id='word_1_203' title='bbox 2443 2030 2663 2096; x_wconf 90' lang='lat' dir='ltr'><strong>partes</strong></span> <span class='ocrx_word' id='word_1_204' title='bbox 2694 2026 2776 2082; x_wconf 88' lang='lat' dir='ltr'><strong>ad</strong></span> <span class='ocrx_word' id='word_1_205' title='bbox 2798 2031 3147 2098; x_wconf 86' lang='lat' dir='ltr'><strong>utrumque</strong></span> <span class='ocrx_word' id='word_1_206' title='bbox 3172 2039 3306 2083; x_wconf 88' lang='lat' dir='ltr'><strong>con-</strong></span> 
     </span>
     <span class='ocr_line' id='line_1_19' title="bbox 511 2116 3301 2200; baseline -0 -18"><span class='ocrx_word' id='word_1_207' title='bbox 511 2125 730 2200; x_wconf 86' lang='lat' dir='ltr'><strong>jugem</strong></span> <span class='ocrx_word' id='word_1_208' title='bbox 769 2127 1177 2198; x_wconf 84' lang='lat' dir='ltr'><strong>pertinerent</strong></span> <span class='ocrx_word' id='word_1_209' title='bbox 1205 2118 1298 2196; x_wconf 86' lang='lat'><strong>²¹).</strong></span> <span class='ocrx_word' id='word_1_210' title='bbox 1333 2125 1537 2193; x_wconf 81' lang='lat' dir='ltr'><strong>Atque</strong></span> <span class='ocrx_word' id='word_1_211' title='bbox 1573 2120 1719 2178; x_wconf 89' lang='lat' dir='ltr'><strong>hinc</strong></span> <span class='ocrx_word' id='word_1_212' title='bbox 1756 2116 1951 2180; x_wconf 85' lang='lat' dir='ltr'><strong>etiam</strong></span> <span class='ocrx_word' id='word_1_213' title='bbox 1981 2122 2341 2195; x_wconf 78' lang='lat' dir='ltr'><strong>profectum</strong></span> <span class='ocrx_word' id='word_1_214' title='bbox 2376 2130 2474 2181; x_wconf 88' lang='lat' dir='ltr'><strong>est</strong></span> <span class='ocrx_word' id='word_1_215' title='bbox 2507 2125 2845 2182; x_wconf 85' lang='lat' dir='ltr'><strong>Justiniani</strong></span> <span class='ocrx_word' id='word_1_216' title='bbox 2872 2132 3301 2198; x_wconf 81' lang='lat' dir='ltr'><strong>praeceptum,</strong></span> 
     </span>
     <span class='ocr_line' id='line_1_20' title="bbox 513 2219 3303 2295; baseline -0 -14"><span class='ocrx_word' id='word_1_217' title='bbox 513 2223 815 2295; x_wconf 84' lang='lat' dir='ltr'><strong>aequales</strong></span> <span class='ocrx_word' id='word_1_218' title='bbox 839 2236 977 2280; x_wconf 83' lang='lat' dir='ltr'><strong>esse</strong></span> <span class='ocrx_word' id='word_1_219' title='bbox 1006 2222 1244 2280; x_wconf 88' lang='lat' dir='ltr'><strong>debere</strong></span> <span class='ocrx_word' id='word_1_220' title='bbox 1269 2221 1452 2277; x_wconf 89' lang='lat' dir='ltr'><strong>dotes</strong></span> <span class='ocrx_word' id='word_1_221' title='bbox 1479 2224 1545 2276; x_wconf 88' lang='lat' dir='ltr'><strong>et</strong></span> <span class='ocrx_word' id='word_1_222' title='bbox 1567 2223 1838 2290; x_wconf 89' lang='lat' dir='ltr'><strong>propter</strong></span> <span class='ocrx_word' id='word_1_223' title='bbox 1859 2219 2116 2291; x_wconf 87' lang='lat' dir='ltr'><strong>nuptias</strong></span> <span class='ocrx_word' id='word_1_224' title='bbox 2142 2219 2531 2278; x_wconf 87' lang='lat' dir='ltr'><strong>donationes</strong></span> <span class='ocrx_word' id='word_1_225' title='bbox 2553 2263 2573 2294; x_wconf 86' lang='lat'><strong>,</strong></span> <span class='ocrx_word' id='word_1_226' title='bbox 2604 2236 2808 2293; x_wconf 87' lang='lat' dir='ltr'><strong>usque</strong></span> <span class='ocrx_word' id='word_1_227' title='bbox 2833 2222 3019 2291; x_wconf 91' lang='lat' dir='ltr'><strong>adeo,</strong></span> <span class='ocrx_word' id='word_1_228' title='bbox 3036 2229 3106 2279; x_wconf 86' lang='lat' dir='ltr'><strong>ut</strong></span> <span class='ocrx_word' id='word_1_229' title='bbox 3126 2224 3303 2280; x_wconf 81' lang='lat' dir='ltr'><strong>altera</strong></span> 
     </span>
     <span class='ocr_line' id='line_1_21' title="bbox 512 2313 3299 2393; baseline 0.001 -19"><span class='ocrx_word' id='word_1_230' title='bbox 512 2319 613 2376; x_wconf 80' lang='lat' dir='ltr'><strong>vel</strong></span> <span class='ocrx_word' id='word_1_231' title='bbox 659 2324 885 2389; x_wconf 86' lang='lat' dir='ltr'><strong>aucta,</strong></span> <span class='ocrx_word' id='word_1_232' title='bbox 931 2318 1030 2376; x_wconf 85' lang='lat' dir='ltr'><strong>vei</strong></span> <span class='ocrx_word' id='word_1_233' title='bbox 1071 2315 1435 2383; x_wconf 88' lang='lat' dir='ltr'><strong>deminuta,</strong></span> <span class='ocrx_word' id='word_1_234' title='bbox 1482 2315 1749 2371; x_wconf 87' lang='lat' dir='ltr'><strong>aiteram</strong></span> <span class='ocrx_word' id='word_1_235' title='bbox 1794 2328 2054 2386; x_wconf 90' lang='lat' dir='ltr'><strong>quoque</strong></span> <span class='ocrx_word' id='word_1_236' title='bbox 2099 2313 2320 2386; x_wconf 83' lang='lat' dir='ltr'><strong>augeri</strong></span> <span class='ocrx_word' id='word_1_237' title='bbox 2355 2316 2455 2373; x_wconf 89' lang='lat' dir='ltr'><strong>vei</strong></span> <span class='ocrx_word' id='word_1_238' title='bbox 2495 2315 2778 2373; x_wconf 90' lang='lat' dir='ltr'><strong>deminui</strong></span> <span class='ocrx_word' id='word_1_239' title='bbox 2816 2332 3080 2376; x_wconf 86' lang='lat' dir='ltr'><strong>neeesse</strong></span> <span class='ocrx_word' id='word_1_240' title='bbox 3113 2318 3186 2377; x_wconf 86' lang='lat' dir='ltr'><strong>sit</strong></span> <span class='ocrx_word' id='word_1_241' title='bbox 3219 2314 3299 2393; x_wconf 77' lang='grc'><strong>2’·’).</strong></span> 
     </span>
     <span class='ocr_line' id='line_1_22' title="bbox 513 2403 3296 2487; baseline -0 -15"><span class='ocrx_word' id='word_1_242' title='bbox 513 2412 575 2486; x_wconf 87' lang='grc'><strong>7)</strong></span> <span class='ocrx_word' id='word_1_243' title='bbox 604 2413 820 2471; x_wconf 84' lang='lat' dir='ltr'><strong>Tacita</strong></span> <span class='ocrx_word' id='word_1_244' title='bbox 846 2412 1042 2471; x_wconf 89' lang='lat' dir='ltr'><strong>etiam</strong></span> <span class='ocrx_word' id='word_1_245' title='bbox 1072 2412 1433 2485; x_wconf 84' lang='lat' dir='ltr'><strong>hypotheca</strong></span> <span class='ocrx_word' id='word_1_246' title='bbox 1476 2403 1855 2468; x_wconf 89' lang='lat' dir='ltr'><strong>mulieribus</strong></span> <span class='ocrx_word' id='word_1_247' title='bbox 1902 2410 2231 2482; x_wconf 89' lang='lat' dir='ltr'><strong>provisum</strong></span> <span class='ocrx_word' id='word_1_248' title='bbox 2272 2417 2411 2480; x_wconf 87' lang='lat' dir='ltr'><strong>est,</strong></span> <span class='ocrx_word' id='word_1_249' title='bbox 2455 2426 2540 2469; x_wconf 89' lang='lat' dir='ltr'><strong>ne</strong></span> <span class='ocrx_word' id='word_1_250' title='bbox 2587 2411 2839 2486; x_wconf 81' lang='lat' dir='ltr'><strong>juribus</strong></span> <span class='ocrx_word' id='word_1_251' title='bbox 2881 2408 3296 2487; x_wconf 85' lang='lat' dir='ltr'><strong>privarentur,</strong></span> 
     </span>
     <span class='ocr_line' id='line_1_23' title="bbox 512 2500 3297 2583; baseline -0 -16"><span class='ocrx_word' id='word_1_252' title='bbox 512 2525 681 2583; x_wconf 91' lang='lat' dir='ltr'><strong>quae</strong></span> <span class='ocrx_word' id='word_1_253' title='bbox 719 2525 793 2567; x_wconf 88' lang='lat' dir='ltr'><strong>ex</strong></span> <span class='ocrx_word' id='word_1_254' title='bbox 825 2514 1096 2582; x_wconf 88' lang='lat' dir='ltr'><strong>propter</strong></span> <span class='ocrx_word' id='word_1_255' title='bbox 1135 2508 1389 2580; x_wconf 88' lang='lat' dir='ltr'><strong>nuptias</strong></span> <span class='ocrx_word' id='word_1_256' title='bbox 1437 2501 1790 2565; x_wconf 86' lang='lat' dir='ltr'><strong>donatione</strong></span> <span class='ocrx_word' id='word_1_257' title='bbox 1822 2513 1935 2564; x_wconf 88' lang='lat' dir='ltr'><strong>aut</strong></span> <span class='ocrx_word' id='word_1_258' title='bbox 1976 2513 2200 2579; x_wconf 77' lang='lat' dir='ltr'><strong>pacm,</strong></span> <span class='ocrx_word' id='word_1_259' title='bbox 2234 2512 2350 2564; x_wconf 88' lang='lat' dir='ltr'><strong>aut</strong></span> <span class='ocrx_word' id='word_1_260' title='bbox 2394 2508 2534 2579; x_wconf 85' lang='lat' dir='ltr'><strong>lege</strong></span> <span class='ocrx_word' id='word_1_261' title='bbox 2569 2500 2737 2581; x_wconf 85' lang='lat' dir='ltr'><strong>ipsis&#39;</strong></span> <span class='ocrx_word' id='word_1_262' title='bbox 2757 2516 3194 2582; x_wconf 87' lang='lat' dir='ltr'><strong>competerent</strong></span> <span class='ocrx_word' id='word_1_263' title='bbox 3220 2505 3297 2579; x_wconf 80' lang='lat'><strong>²⁵).</strong></span> 
     </span>
     <span class='ocr_line' id='line_1_24' title="bbox 511 2602 3297 2682; baseline -0.001 -13"><span class='ocrx_word' id='word_1_264' title='bbox 511 2614 726 2682; x_wconf 86' lang='lat' dir='ltr'><strong>Neque</strong></span> <span class='ocrx_word' id='word_1_265' title='bbox 750 2624 907 2666; x_wconf 87' lang='lat' dir='ltr'><strong>vero</strong></span> <span class='ocrx_word' id='word_1_266' title='bbox 937 2607 1588 2681; x_wconf 89' lang='lat' dir='ltr'><strong>praetermittendum</strong></span> <span class='ocrx_word' id='word_1_267' title='bbox 1615 2615 1710 2667; x_wconf 85' lang='lat' dir='ltr'><strong>est</strong></span> <span class='ocrx_word' id='word_1_268' title='bbox 1736 2607 1794 2671; x_wconf 89' lang='grc'><strong>8)</strong></span> <span class='ocrx_word' id='word_1_269' title='bbox 1823 2602 2181 2667; x_wconf 85' lang='lat' dir='ltr'><strong>dominium</strong></span> <span class='ocrx_word' id='word_1_270' title='bbox 2207 2623 2428 2666; x_wconf 91' lang='lat' dir='ltr'><strong>rerum</strong></span> <span class='ocrx_word' id='word_1_271' title='bbox 2446 2653 2461 2680; x_wconf 91' lang='lat'><strong>,</strong></span> <span class='ocrx_word' id='word_1_272' title='bbox 2498 2624 2667 2682; x_wconf 91' lang='lat' dir='ltr'><strong>quae</strong></span> <span class='ocrx_word' id='word_1_273' title='bbox 2690 2615 2803 2666; x_wconf 90' lang='lat' dir='ltr'><strong>aut</strong></span> <span class='ocrx_word' id='word_1_274' title='bbox 2830 2625 2909 2668; x_wconf 88' lang='lat' dir='ltr'><strong>ex</strong></span> <span class='ocrx_word' id='word_1_275' title='bbox 2935 2610 3179 2669; x_wconf 89' lang='lat' dir='ltr'><strong>dotibus</strong></span> <span class='ocrx_word' id='word_1_276' title='bbox 3204 2615 3297 2668; x_wconf 87' lang='lat' dir='ltr'><strong>aut</strong></span> 
     </span>
    </p>
   </div>
   <div class='ocr_carea' id='block_1_3' title="bbox 1030 348 2813 396">
    <p class='ocr_par' dir='ltr' id='par_1_3' title="bbox 1030 348 2813 396">
     <span class='ocr_line' id='line_1_25' title="bbox 1030 348 2813 396; baseline -0.002 -1"><span class='ocrx_word' id='word_1_277' title='bbox 1030 352 1182 395; x_wconf 67' lang='lat' dir='ltr'><strong>PARS</strong></span> <span class='ocrx_word' id='word_1_278' title='bbox 1219 350 1378 394; x_wconf 66' lang='lat' dir='ltr'><strong>sne.</strong></span> <span class='ocrx_word' id='word_1_279' title='bbox 1420 351 1538 394; x_wconf 71' lang='lat' dir='ltr'><strong>Lnt.</strong></span> <span class='ocrx_word' id='word_1_280' title='bbox 1577 351 1672 396; x_wconf 70' lang='lat' dir='ltr'><strong>tv.</strong></span> <span class='ocrx_word' id='word_1_281' title='bbox 1712 349 1793 393; x_wconf 74' lang='lat' dir='ltr'><strong>mt</strong></span> <span class='ocrx_word' id='word_1_282' title='bbox 1826 351 1981 393; x_wconf 74' lang='lat' dir='ltr'><strong>Jmtss</strong></span> <span class='ocrx_word' id='word_1_283' title='bbox 2017 348 2347 393; x_wconf 72' lang='lat' dir='ltr'><strong>Donns&#39;nco</strong></span> <span class='ocrx_word' id='word_1_284' title='bbox 2382 348 2456 392; x_wconf 75' lang='lat' dir='ltr'><strong>BT</strong></span> <span class='ocrx_word' id='word_1_285' title='bbox 2494 350 2813 393; x_wconf 58' lang='lat' dir='ltr'><strong>rmum.</strong></span> 
     </span>
    </p>
   </div>
   <div class='ocr_carea' id='block_1_4' title="bbox 513 2801 3298 2928">
    <p class='ocr_par' dir='ltr' id='par_1_4' title="bbox 513 2801 3298 2928">
     <span class='ocr_line' id='line_1_26' title="bbox 578 2801 3295 2865; baseline 0 -15"><span class='ocrx_word' id='word_1_286' title='bbox 578 2802 630 2862; x_wconf 92' lang='grc'><strong>7)</strong></span> <span class='ocrx_word' id='word_1_287' title='bbox 662 2806 780 2852; x_wconf 84' lang='lat' dir='ltr'><strong>Nov.</strong></span> <span class='ocrx_word' id='word_1_288' title='bbox 807 2806 916 2853; x_wconf 84' lang='grc'><strong>119.</strong></span> <span class='ocrx_word' id='word_1_289' title='bbox 938 2817 982 2852; x_wconf 90' lang='lat' dir='ltr'><strong>c.</strong></span> <span class='ocrx_word' id='word_1_290' title='bbox 1008 2802 1430 2852; x_wconf 75' lang='lat' dir='ltr'><strong>l.—Nov.127.c.</strong></span> <span class='ocrx_word' id='word_1_291' title='bbox 1453 2805 1502 2850; x_wconf 78' lang='lat'><strong>2.</strong></span> <span class='ocrx_word' id='word_1_292' title='bbox 1522 2801 1637 2860; x_wconf 80' lang='lat' dir='ltr'><strong>(vid.</strong></span> <span class='ocrx_word' id='word_1_293' title='bbox 1661 2807 1715 2851; x_wconf 90' lang='lat' dir='ltr'><strong>L.</strong></span> <span class='ocrx_word' id='word_1_294' title='bbox 1736 2807 1889 2853; x_wconf 78' lang='lat' dir='ltr'><strong>31.C.</strong></span> <span class='ocrx_word' id='word_1_295' title='bbox 1956 2807 2036 2847; x_wconf 85' lang='lat' dir='ltr'><strong>tur</strong></span> <span class='ocrx_word' id='word_1_296' title='bbox 2056 2836 2071 2859; x_wconf 93' lang='lat'>‚</span> <span class='ocrx_word' id='word_1_297' title='bbox 2103 2815 2230 2861; x_wconf 87' lang='lat' dir='ltr'><strong>quae</strong></span> <span class='ocrx_word' id='word_1_298' title='bbox 2273 2803 2323 2851; x_wconf 91' lang='lat' dir='ltr'><strong>in</strong></span> <span class='ocrx_word' id='word_1_299' title='bbox 2367 2804 2616 2851; x_wconf 84' lang='lat' dir='ltr'><strong>viduitatis</strong></span> <span class='ocrx_word' id='word_1_300' title='bbox 2655 2817 2824 2853; x_wconf 76' lang='lat' dir='ltr'><strong>casum</strong></span> <span class='ocrx_word' id='word_1_301' title='bbox 2864 2807 3099 2865; x_wconf 83' lang='lat' dir='ltr'><strong>promissa</strong></span> <span class='ocrx_word' id='word_1_302' title='bbox 3132 2811 3295 2853; x_wconf 78' lang='lat' dir='ltr'><strong>tantuin</strong></span> 
     </span>
     <span class='ocr_line' id='line_1_27' title="bbox 513 2864 3298 2928; baseline 0 -15"><span class='ocrx_word' id='word_1_303' title='bbox 513 2867 719 2922; x_wconf 75' lang='lat' dir='ltr'><strong>dejure</strong></span> <span class='ocrx_word' id='word_1_304' title='bbox 740 2867 849 2914; x_wconf 80' lang='lat' dir='ltr'><strong>dot.</strong></span> <span class='ocrx_word' id='word_1_305' title='bbox 874 2869 908 2924; x_wconf 91' lang='lat'><strong>).</strong></span> <span class='ocrx_word' id='word_1_306' title='bbox 944 2888 1007 2901; x_wconf 89' lang='lat'>—</span> <span class='ocrx_word' id='word_1_307' title='bbox 1027 2867 1102 2915; x_wconf 72' lang='lat' dir='ltr'><strong>Cf.</strong></span> <span class='ocrx_word' id='word_1_308' title='bbox 1144 2868 1403 2915; x_wconf 72' lang='lat' dir='ltr'><strong>Marezoll</strong></span> <span class='ocrx_word' id='word_1_309' title='bbox 1433 2866 1486 2912; x_wconf 89' lang='lat' dir='ltr'><strong>in</strong></span> <span class='ocrx_word' id='word_1_310' title='bbox 1528 2868 1810 2914; x_wconf 82' lang='lat' dir='ltr'><strong>zeitschrift</strong></span> <span class='ocrx_word' id='word_1_311' title='bbox 1849 2868 1885 2913; x_wconf 70' lang='lat' dir='ltr'><strong>f.</strong></span> <span class='ocrx_word' id='word_1_312' title='bbox 1953 2870 2125 2924; x_wconf 77' lang='lat' dir='ltr'><strong>erant3</strong></span> <span class='ocrx_word' id='word_1_313' title='bbox 2154 2866 2207 2912; x_wconf 83' lang='lat' dir='ltr'><strong>t..</strong></span> <span class='ocrx_word' id='word_1_314' title='bbox 2231 2864 2313 2913; x_wconf 74' lang='grc'><strong>35.</strong></span> <span class='ocrx_word' id='word_1_315' title='bbox 2337 2878 2411 2924; x_wconf 90' lang='lat' dir='ltr'><strong>pr.</strong></span> <span class='ocrx_word' id='word_1_316' title='bbox 2440 2869 2492 2913; x_wconf 89' lang='lat' dir='ltr'><strong>D.</strong></span> <span class='ocrx_word' id='word_1_317' title='bbox 2518 2868 2588 2914; x_wconf 85' lang='lat' dir='ltr'><strong>de</strong></span> <span class='ocrx_word' id='word_1_318' title='bbox 2609 2867 2661 2914; x_wconf 81' lang='lat' dir='ltr'><strong>d.</strong></span> <span class='ocrx_word' id='word_1_319' title='bbox 2682 2869 2779 2915; x_wconf 71' lang='lat' dir='ltr'><strong>int.</strong></span> <span class='ocrx_word' id='word_1_320' title='bbox 2802 2870 2870 2916; x_wconf 75' lang='lat' dir='ltr'><strong>V.</strong></span> <span class='ocrx_word' id='word_1_321' title='bbox 2899 2874 2955 2916; x_wconf 80' lang='lat' dir='ltr'><strong>et</strong></span> <span class='ocrx_word' id='word_1_322' title='bbox 3000 2872 3059 2917; x_wconf 82' lang='lat' dir='ltr'><strong>U.</strong></span> <span class='ocrx_word' id='word_1_323' title='bbox 3082 2871 3168 2917; x_wconf 66' lang='lat' dir='ltr'><strong>Nec</strong></span> <span class='ocrx_word' id='word_1_324' title='bbox 3181 2869 3298 2928; x_wconf 84' lang='lat' dir='ltr'><strong>quic·</strong></span> 
     </span>
    </p>
   </div>
   <div class='ocr_carea' id='block_1_5' title="bbox 3459 646 3462 1918">
    <p class='ocr_par' dir='ltr' id='par_1_5' title="bbox 3459 646 3462 1918">
     <span class='ocr_line' id='line_1_28' title="bbox 3459 646 3462 1918; baseline 0 0"><span class='ocrx_word' id='word_1_325' title='bbox 3459 646 3462 1918; x_wconf 95' lang='lat' dir='ltr'><strong> </strong></span> 
     </span>
    </p>
   </div>
   <div class='ocr_carea' id='block_1_6' title="bbox 514 2928 1899 4976">
    <p class='ocr_par' dir='ltr' id='par_1_6' title="bbox 517 2928 1887 3050">
     <span class='ocr_line' id='line_1_29' title="bbox 521 2928 1887 3047; baseline -0.001 -71"><span class='ocrx_word' id='word_1_326' title='bbox 521 2930 712 3047; x_wconf 49' lang='grc' dir='ltr'><strong>0ἰῖὶὲτῖ</strong></span> <span class='ocrx_word' id='word_1_327' title='bbox 726 2942 777 2976; x_wconf 90' lang='lat' dir='ltr'><strong>u.</strong></span> <span class='ocrx_word' id='word_1_328' title='bbox 812 2931 952 2978; x_wconf 87' lang='lat' dir='ltr'><strong>Proc.</strong></span> <span class='ocrx_word' id='word_1_329' title='bbox 987 2931 1026 2977; x_wconf 91' lang='lat'><strong>1.</strong></span> <span class='ocrx_word' id='word_1_330' title='bbox 1060 2941 1109 2988; x_wconf 89' lang='lat' dir='ltr'><strong>p.</strong></span> <span class='ocrx_word' id='word_1_331' title='bbox 1170 2928 1251 2977; x_wconf 74' lang='lat'><strong>27.</strong></span> <span class='ocrx_word' id='word_1_332' title='bbox 1285 2936 1337 2976; x_wconf 88' lang='lat' dir='ltr'><strong>et</strong></span> <span class='ocrx_word' id='word_1_333' title='bbox 1371 2930 1746 2990; x_wconf 65' lang='lat' dir='ltr'><strong>Wamkoeniq</strong></span> <span class='ocrx_word' id='word_1_334' title='bbox 1782 2932 1816 2977; x_wconf 92' lang='lat' dir='ltr'><strong>l.</strong></span> <span class='ocrx_word' id='word_1_335' title='bbox 1854 2932 1887 2975; x_wconf 88' lang='lat' dir='ltr'><strong>l.</strong></span> 
     </span>
     <span class='ocr_line' id='line_1_30' title="bbox 517 2992 905 3050; baseline 0 -13"><span class='ocrx_word' id='word_1_336' title='bbox 517 3003 568 3050; x_wconf 83' lang='lat' dir='ltr'><strong>p.</strong></span> <span class='ocrx_word' id='word_1_337' title='bbox 660 3026 672 3037; x_wconf 91' lang='lat'><strong>.</strong></span> <span class='ocrx_word' id='word_1_338' title='bbox 716 3004 791 3038; x_wconf 91' lang='lat' dir='ltr'><strong>nr.</strong></span> <span class='ocrx_word' id='word_1_339' title='bbox 815 2992 905 3049; x_wconf 78' lang='lat'><strong>5.).</strong></span> 
     </span>
    </p>

    <p class='ocr_par' dir='ltr' id='par_1_7' title="bbox 514 3050 1885 3174">
     <span class='ocr_line' id='line_1_31' title="bbox 577 3050 1885 3112; baseline 0.002 -13"><span class='ocrx_word' id='word_1_340' title='bbox 577 3050 627 3111; x_wconf 85' lang='lat'><strong>8)</strong></span> <span class='ocrx_word' id='word_1_341' title='bbox 660 3056 778 3100; x_wconf 81' lang='lat' dir='ltr'><strong>Nam</strong></span> <span class='ocrx_word' id='word_1_342' title='bbox 797 3054 897 3101; x_wconf 80' lang='lat' dir='ltr'><strong>vid.</strong></span> <span class='ocrx_word' id='word_1_343' title='bbox 918 3054 971 3100; x_wconf 82' lang='lat'><strong>1..</strong></span> <span class='ocrx_word' id='word_1_344' title='bbox 992 3051 1074 3101; x_wconf 74' lang='lat'><strong>29.</strong></span> <span class='ocrx_word' id='word_1_345' title='bbox 1099 3055 1152 3101; x_wconf 88' lang='lat' dir='ltr'><strong>C.</strong></span> <span class='ocrx_word' id='word_1_346' title='bbox 1175 3052 1380 3110; x_wconf 74' lang='lat' dir='ltr'><strong>dejure</strong></span> <span class='ocrx_word' id='word_1_347' title='bbox 1402 3053 1510 3100; x_wconf 81' lang='lat' dir='ltr'><strong>dot.</strong></span> <span class='ocrx_word' id='word_1_348' title='bbox 1533 3053 1623 3110; x_wconf 86' lang='lat' dir='ltr'><strong>(V,</strong></span> <span class='ocrx_word' id='word_1_349' title='bbox 1644 3054 1744 3112; x_wconf 74' lang='grc'>19.)</span> <span class='ocrx_word' id='word_1_350' title='bbox 1767 3054 1885 3111; x_wconf 80' lang='lat' dir='ltr'><strong>(vid.</strong></span> 
     </span>
     <span class='ocr_line' id='line_1_32' title="bbox 514 3115 1726 3174; baseline 0 -12"><span class='ocrx_word' id='word_1_351' title='bbox 514 3120 620 3162; x_wconf 90' lang='lat' dir='ltr'><strong>not.</strong></span> <span class='ocrx_word' id='word_1_352' title='bbox 645 3117 724 3162; x_wconf 91' lang='grc'><strong>11.</strong></span> <span class='ocrx_word' id='word_1_353' title='bbox 748 3116 1008 3173; x_wconf 73' lang='grc'><strong>19.).-(31“.</strong></span> <span class='ocrx_word' id='word_1_354' title='bbox 1027 3121 1076 3162; x_wconf 88' lang='lat' dir='ltr'><strong>et</strong></span> <span class='ocrx_word' id='word_1_355' title='bbox 1096 3115 1405 3163; x_wconf 70' lang='lat' dir='ltr'><strong>Eurotam-di</strong></span> <span class='ocrx_word' id='word_1_356' title='bbox 1424 3118 1456 3163; x_wconf 88' lang='lat' dir='ltr'><strong>i.</strong></span> <span class='ocrx_word' id='word_1_357' title='bbox 1481 3117 1516 3163; x_wconf 88' lang='lat' dir='ltr'><strong>l.</strong></span> <span class='ocrx_word' id='word_1_358' title='bbox 1540 3128 1589 3174; x_wconf 89' lang='lat' dir='ltr'><strong>p.</strong></span> <span class='ocrx_word' id='word_1_359' title='bbox 1614 3115 1726 3162; x_wconf 76' lang='lat'><strong>208.</strong></span> 
     </span>
    </p>

    <p class='ocr_par' dir='ltr' id='par_1_8' title="bbox 515 3175 1890 3349">
     <span class='ocr_line' id='line_1_33' title="bbox 578 3175 1890 3237; baseline 0.002 -14"><span class='ocrx_word' id='word_1_360' title='bbox 578 3175 629 3230; x_wconf 86' lang='grc'><strong>9)</strong></span> <span class='ocrx_word' id='word_1_361' title='bbox 662 3180 774 3236; x_wconf 73' lang='lat' dir='ltr'><strong>Arg.</strong></span> <span class='ocrx_word' id='word_1_362' title='bbox 834 3180 1051 3225; x_wconf 88' lang='lat' dir='ltr'><strong>locorum</strong></span> <span class='ocrx_word' id='word_1_363' title='bbox 1075 3210 1092 3237; x_wconf 87' lang='lat'>‚</span> <span class='ocrx_word' id='word_1_364' title='bbox 1144 3182 1251 3224; x_wconf 88' lang='lat' dir='ltr'><strong>not.</strong></span> <span class='ocrx_word' id='word_1_365' title='bbox 1309 3190 1411 3236; x_wconf 85' lang='lat' dir='ltr'><strong>seq.</strong></span> <span class='ocrx_word' id='word_1_366' title='bbox 1470 3179 1745 3224; x_wconf 84' lang='lat' dir='ltr'><strong>excitantur</strong></span> <span class='ocrx_word' id='word_1_367' title='bbox 1768 3214 1784 3237; x_wconf 88' lang='lat'><strong>,</strong></span> <span class='ocrx_word' id='word_1_368' title='bbox 1839 3183 1890 3225; x_wconf 85' lang='lat' dir='ltr'><strong>et</strong></span> 
     </span>
     <span class='ocr_line' id='line_1_34' title="bbox 515 3239 1889 3349; baseline 0.001 -63"><span class='ocrx_word' id='word_1_369' title='bbox 515 3240 638 3349; x_wconf 55' lang='grc' dir='ltr'><strong>Ηυξ.</strong></span> <span class='ocrx_word' id='word_1_370' title='bbox 671 3239 752 3288; x_wconf 84' lang='grc'><strong>61.</strong></span> <span class='ocrx_word' id='word_1_371' title='bbox 787 3253 833 3287; x_wconf 89' lang='lat' dir='ltr'><strong>c.</strong></span> <span class='ocrx_word' id='word_1_372' title='bbox 867 3243 918 3287; x_wconf 91' lang='grc'><strong>1.</strong></span> <span class='ocrx_word' id='word_1_373' title='bbox 948 3263 1011 3275; x_wconf 94' lang='grc'>-</span> <span class='ocrx_word' id='word_1_374' title='bbox 1042 3241 1122 3287; x_wconf 76' lang='lat' dir='ltr'><strong>Ct&#39;.</strong></span> <span class='ocrx_word' id='word_1_375' title='bbox 1152 3244 1203 3286; x_wconf 91' lang='lat' dir='ltr'><strong>et</strong></span> <span class='ocrx_word' id='word_1_376' title='bbox 1232 3240 1547 3289; x_wconf 68' lang='lat' dir='ltr'><strong>delcetat-1.</strong></span> <span class='ocrx_word' id='word_1_377' title='bbox 1593 3243 1627 3288; x_wconf 88' lang='lat' dir='ltr'><strong>l.</strong></span> <span class='ocrx_word' id='word_1_378' title='bbox 1670 3242 1728 3288; x_wconf 84' lang='grc' dir='ltr'><strong>Τ.</strong></span> <span class='ocrx_word' id='word_1_379' title='bbox 1763 3243 1889 3288; x_wconf 78' lang='lat' dir='ltr'><strong>xvi.</strong></span> 
     </span>
    </p>

    <p class='ocr_par' dir='ltr' id='par_1_9' title="bbox 515 3316 1893 3547">
     <span class='ocr_line' id='line_1_35' title="bbox 582 3316 1893 3423; baseline -0.001 -11"><span class='ocrx_word' id='word_1_380' title='bbox 582 3365 660 3421; x_wconf 89' lang='grc'><strong>10)</strong></span> <span class='ocrx_word' id='word_1_381' title='bbox 693 3316 849 3411; x_wconf 43' lang='lat'><strong>1³20.</strong></span> <span class='ocrx_word' id='word_1_382' title='bbox 870 3376 947 3422; x_wconf 85' lang='lat' dir='ltr'><strong>pr.</strong></span> <span class='ocrx_word' id='word_1_383' title='bbox 965 3364 1019 3410; x_wconf 88' lang='lat' dir='ltr'><strong>C.</strong></span> <span class='ocrx_word' id='word_1_384' title='bbox 1038 3363 1090 3411; x_wconf 79' lang='grc' dir='ltr'><strong>Ιι.</strong></span> <span class='ocrx_word' id='word_1_385' title='bbox 1117 3367 1153 3411; x_wconf 79' lang='lat' dir='ltr'><strong>t.</strong></span> <span class='ocrx_word' id='word_1_386' title='bbox 1180 3380 1206 3407; x_wconf 91' lang='grc' dir='ltr'><strong>ιι</strong></span> <span class='ocrx_word' id='word_1_387' title='bbox 1230 3389 1291 3398; x_wconf 89' lang='grc'>-</span> <span class='ocrx_word' id='word_1_388' title='bbox 1308 3364 1421 3423; x_wconf 84' lang='lat' dir='ltr'><strong>quia</strong></span> <span class='ocrx_word' id='word_1_389' title='bbox 1444 3364 1582 3423; x_wconf 86' lang='lat' dir='ltr'><strong>quasi</strong></span> <span class='ocrx_word' id='word_1_390' title='bbox 1603 3364 1893 3423; x_wconf 80' lang='lat' dir='ltr'><strong>antipberna</strong></span> 
     </span>
     <span class='ocr_line' id='line_1_36' title="bbox 515 3425 1891 3485; baseline 0.002 -13"><span class='ocrx_word' id='word_1_391' title='bbox 515 3425 639 3474; x_wconf 84' lang='lat' dir='ltr'><strong>haec</strong></span> <span class='ocrx_word' id='word_1_392' title='bbox 659 3426 1091 3485; x_wconf 70' lang='lat' dir='ltr'><strong>possuntintenigi‚</strong></span> <span class='ocrx_word' id='word_1_393' title='bbox 1108 3431 1158 3474; x_wconf 86' lang='lat' dir='ltr'><strong>ct</strong></span> <span class='ocrx_word' id='word_1_394' title='bbox 1172 3438 1270 3473; x_wconf 87' lang='lat' dir='ltr'><strong>non</strong></span> <span class='ocrx_word' id='word_1_395' title='bbox 1284 3428 1486 3485; x_wconf 83' lang='lat' dir='ltr'><strong>simplex</strong></span> <span class='ocrx_word' id='word_1_396' title='bbox 1498 3428 1698 3474; x_wconf 83' lang='lat' dir='ltr'><strong>donatio</strong></span> <span class='ocrx_word' id='word_1_397' title='bbox 1713 3445 1737 3467; x_wconf 75' lang='grc' dir='ltr'><strong>ιι</strong></span> <span class='ocrx_word' id='word_1_398' title='bbox 1748 3460 1761 3473; x_wconf 96' lang='grc'><strong>.</strong></span> <span class='ocrx_word' id='word_1_399' title='bbox 1785 3427 1891 3475; x_wconf 85' lang='lat' dir='ltr'><strong>vid.</strong></span> 
     </span>
     <span class='ocr_line' id='line_1_37' title="bbox 518 3493 825 3547; baseline -0.003 -12"><span class='ocrx_word' id='word_1_400' title='bbox 518 3493 572 3535; x_wconf 80' lang='lat' dir='ltr'><strong>et</strong></span> <span class='ocrx_word' id='word_1_401' title='bbox 594 3494 698 3536; x_wconf 89' lang='lat' dir='ltr'><strong>not.</strong></span> <span class='ocrx_word' id='word_1_402' title='bbox 724 3501 825 3547; x_wconf 86' lang='lat' dir='ltr'><strong>seq.</strong></span> 
     </span>
    </p>

    <p class='ocr_par' dir='ltr' id='par_1_10' title="bbox 516 3548 1899 4976">
     <span class='ocr_line' id='line_1_38' title="bbox 582 3548 1892 3609; baseline 0.002 -13"><span class='ocrx_word' id='word_1_403' title='bbox 582 3552 660 3609; x_wconf 95' lang='grc'><strong>11)</strong></span> <span class='ocrx_word' id='word_1_404' title='bbox 695 3553 755 3596; x_wconf 79' lang='lat' dir='ltr'><strong>At</strong></span> <span class='ocrx_word' id='word_1_405' title='bbox 774 3548 894 3597; x_wconf 88' lang='lat' dir='ltr'><strong>nibil</strong></span> <span class='ocrx_word' id='word_1_406' title='bbox 917 3550 1201 3608; x_wconf 86' lang='lat' dir='ltr'><strong>plerumque</strong></span> <span class='ocrx_word' id='word_1_407' title='bbox 1232 3550 1521 3597; x_wconf 89' lang='lat' dir='ltr'><strong>mulieribus</strong></span> <span class='ocrx_word' id='word_1_408' title='bbox 1556 3560 1661 3596; x_wconf 83' lang='lat' dir='ltr'><strong>esse</strong></span> <span class='ocrx_word' id='word_1_409' title='bbox 1686 3549 1810 3605; x_wconf 75' lang='lat' dir='ltr'><strong>juris</strong></span> <span class='ocrx_word' id='word_1_410' title='bbox 1841 3551 1892 3598; x_wconf 88' lang='lat' dir='ltr'><strong>in</strong></span> 
     </span>
     <span class='ocr_line' id='line_1_39' title="bbox 518 3612 1893 3671; baseline 0 -12"><span class='ocrx_word' id='word_1_411' title='bbox 518 3613 845 3671; x_wconf 79' lang='lat' dir='ltr'><strong>antipbernis,</strong></span> <span class='ocrx_word' id='word_1_412' title='bbox 870 3616 1132 3670; x_wconf 85' lang='lat' dir='ltr'><strong>autequam</strong></span> <span class='ocrx_word' id='word_1_413' title='bbox 1158 3613 1371 3659; x_wconf 84' lang='lat' dir='ltr'><strong>solutum</strong></span> <span class='ocrx_word' id='word_1_414' title='bbox 1393 3613 1457 3659; x_wconf 87' lang='lat' dir='ltr'><strong>sit</strong></span> <span class='ocrx_word' id='word_1_415' title='bbox 1481 3612 1852 3659; x_wconf 84' lang='lat' dir='ltr'><strong>matrimonium</strong></span> <span class='ocrx_word' id='word_1_416' title='bbox 1874 3645 1893 3671; x_wconf 83' lang='lat'>‚</span> 
     </span>
     <span class='ocr_line' id='line_1_40' title="bbox 518 3670 1889 3734; baseline 0.001 -14"><span class='ocrx_word' id='word_1_417' title='bbox 518 3674 767 3721; x_wconf 84' lang='lat' dir='ltr'><strong>affirmant</strong></span> <span class='ocrx_word' id='word_1_418' title='bbox 789 3670 953 3721; x_wconf 74' lang='lat' dir='ltr'><strong>Gliick</strong></span> <span class='ocrx_word' id='word_1_419' title='bbox 978 3707 994 3732; x_wconf 91' lang='lat'>‚</span> <span class='ocrx_word' id='word_1_420' title='bbox 1037 3674 1340 3722; x_wconf 71' lang='lat' dir='ltr'><strong>Burclsardi</strong></span> <span class='ocrx_word' id='word_1_421' title='bbox 1359 3680 1409 3721; x_wconf 88' lang='lat' dir='ltr'><strong>et</strong></span> <span class='ocrx_word' id='word_1_422' title='bbox 1436 3673 1810 3734; x_wconf 70' lang='lat' dir='ltr'><strong>Warnkoeniq</strong></span> <span class='ocrx_word' id='word_1_423' title='bbox 1833 3677 1889 3722; x_wconf 90' lang='grc' dir='ltr'><strong>ΙΙ.</strong></span> 
     </span>
     <span class='ocr_line' id='line_1_41' title="bbox 517 3736 1889 3795; baseline 0.001 -12"><span class='ocrx_word' id='word_1_424' title='bbox 517 3737 572 3783; x_wconf 88' lang='lat' dir='ltr'><strong>ll.</strong></span> <span class='ocrx_word' id='word_1_425' title='bbox 594 3770 611 3795; x_wconf 92' lang='lat'>‚</span> <span class='ocrx_word' id='word_1_426' title='bbox 654 3740 769 3784; x_wconf 87' lang='lat' dir='ltr'><strong>licet</strong></span> <span class='ocrx_word' id='word_1_427' title='bbox 792 3738 919 3782; x_wconf 87' lang='lat' dir='ltr'><strong>inter</strong></span> <span class='ocrx_word' id='word_1_428' title='bbox 941 3747 992 3780; x_wconf 89' lang='lat' dir='ltr'><strong>se</strong></span> <span class='ocrx_word' id='word_1_429' title='bbox 1025 3736 1114 3794; x_wconf 87' lang='lat' dir='ltr'><strong>ipsi</strong></span> <span class='ocrx_word' id='word_1_430' title='bbox 1131 3747 1229 3781; x_wconf 89' lang='lat' dir='ltr'><strong>non</strong></span> <span class='ocrx_word' id='word_1_431' title='bbox 1251 3749 1349 3782; x_wconf 87' lang='lat' dir='ltr'><strong>una</strong></span> <span class='ocrx_word' id='word_1_432' title='bbox 1371 3738 1560 3784; x_wconf 88' lang='lat' dir='ltr'><strong>ratione</strong></span> <span class='ocrx_word' id='word_1_433' title='bbox 1582 3737 1889 3785; x_wconf 78' lang='lat' dir='ltr'><strong>dissentiant.</strong></span> 
     </span>
     <span class='ocr_line' id='line_1_42' title="bbox 517 3798 1891 3857; baseline 0.004 -14"><span class='ocrx_word' id='word_1_434' title='bbox 517 3799 701 3846; x_wconf 82' lang='lat' dir='ltr'><strong>Verum</strong></span> <span class='ocrx_word' id='word_1_435' title='bbox 724 3800 974 3845; x_wconf 80' lang='lat' dir='ltr'><strong>enimvero</strong></span> <span class='ocrx_word' id='word_1_436' title='bbox 996 3799 1132 3844; x_wconf 82' lang='lat' dir='ltr'><strong>nulla</strong></span> <span class='ocrx_word' id='word_1_437' title='bbox 1158 3809 1275 3844; x_wconf 87' lang='lat' dir='ltr'><strong>sane</strong></span> <span class='ocrx_word' id='word_1_438' title='bbox 1297 3799 1561 3857; x_wconf 87' lang='lat' dir='ltr'><strong>probabilis</strong></span> <span class='ocrx_word' id='word_1_439' title='bbox 1578 3799 1704 3845; x_wconf 80' lang='lat' dir='ltr'><strong>ratio</strong></span> <span class='ocrx_word' id='word_1_440' title='bbox 1725 3798 1891 3849; x_wconf 76' lang='lat' dir='ltr'><strong>afferri</strong></span> 
     </span>
     <span class='ocr_line' id='line_1_43' title="bbox 519 3861 1883 3921; baseline 0 -14"><span class='ocrx_word' id='word_1_441' title='bbox 519 3866 701 3919; x_wconf 87' lang='lat' dir='ltr'><strong>potest,</strong></span> <span class='ocrx_word' id='word_1_442' title='bbox 720 3873 872 3920; x_wconf 81' lang='lat' dir='ltr'><strong>quare</strong></span> <span class='ocrx_word' id='word_1_443' title='bbox 894 3872 990 3907; x_wconf 87' lang='lat' dir='ltr'><strong>non</strong></span> <span class='ocrx_word' id='word_1_444' title='bbox 1014 3873 1070 3906; x_wconf 85' lang='lat' dir='ltr'><strong>ex</strong></span> <span class='ocrx_word' id='word_1_445' title='bbox 1090 3861 1202 3915; x_wconf 77' lang='lat' dir='ltr'><strong>jure</strong></span> <span class='ocrx_word' id='word_1_446' title='bbox 1223 3863 1465 3917; x_wconf 78' lang='lat' dir='ltr'><strong>praesenti</strong></span> <span class='ocrx_word' id='word_1_447' title='bbox 1491 3861 1759 3919; x_wconf 71' lang='lat' dir='ltr'><strong>protectum</strong></span> <span class='ocrx_word' id='word_1_448' title='bbox 1783 3863 1883 3921; x_wconf 87' lang='lat' dir='ltr'><strong>sit,</strong></span> 
     </span>
     <span class='ocr_line' id='line_1_44' title="bbox 517 3922 1893 3981; baseline 0.001 -13"><span class='ocrx_word' id='word_1_449' title='bbox 517 3924 650 3981; x_wconf 87' lang='lat' dir='ltr'><strong>quod</strong></span> <span class='ocrx_word' id='word_1_450' title='bbox 673 3925 847 3981; x_wconf 73' lang='lat' dir='ltr'><strong>iegitur</strong></span> <span class='ocrx_word' id='word_1_451' title='bbox 870 3924 921 3969; x_wconf 89' lang='lat' dir='ltr'><strong>L.</strong></span> <span class='ocrx_word' id='word_1_452' title='bbox 945 3922 1025 3970; x_wconf 74' lang='lat'><strong>29.</strong></span> <span class='ocrx_word' id='word_1_453' title='bbox 1050 3925 1103 3969; x_wconf 86' lang='lat' dir='ltr'><strong>c.</strong></span> <span class='ocrx_word' id='word_1_454' title='bbox 1123 3923 1332 3978; x_wconf 73' lang='lat' dir='ltr'><strong>dejure</strong></span> <span class='ocrx_word' id='word_1_455' title='bbox 1353 3922 1552 3969; x_wconf 69' lang='lat' dir='ltr'><strong>dotium</strong></span> <span class='ocrx_word' id='word_1_456' title='bbox 1587 3937 1609 3968; x_wconf 90' lang='lat'><strong>.·</strong></span> <span class='ocrx_word' id='word_1_457' title='bbox 1630 3937 1655 3964; x_wconf 87' lang='grc' dir='ltr'><strong>ιι</strong></span> <span class='ocrx_word' id='word_1_458' title='bbox 1677 3923 1715 3968; x_wconf 88' lang='lat' dir='ltr'><strong>si</strong></span> <span class='ocrx_word' id='word_1_459' title='bbox 1740 3926 1893 3970; x_wconf 82' lang='lat' dir='ltr'><strong>mari-</strong></span> 
     </span>
     <span class='ocr_line' id='line_1_45' title="bbox 519 3985 1893 4044; baseline 0.004 -14"><span class='ocrx_word' id='word_1_460' title='bbox 519 3990 600 4030; x_wconf 86' lang='lat' dir='ltr'><strong>tus</strong></span> <span class='ocrx_word' id='word_1_461' title='bbox 631 3986 693 4031; x_wconf 84' lang='lat' dir='ltr'><strong>ad</strong></span> <span class='ocrx_word' id='word_1_462' title='bbox 716 3986 930 4044; x_wconf 75' lang='lat' dir='ltr'><strong>inopiam</strong></span> <span class='ocrx_word' id='word_1_463' title='bbox 953 3986 1014 4030; x_wconf 88' lang='lat' dir='ltr'><strong>sit</strong></span> <span class='ocrx_word' id='word_1_464' title='bbox 1030 3985 1267 4030; x_wconf 85' lang='lat' dir='ltr'><strong>deductus</strong></span> <span class='ocrx_word' id='word_1_465' title='bbox 1290 4020 1304 4042; x_wconf 87' lang='lat'><strong>,</strong></span> <span class='ocrx_word' id='word_1_466' title='bbox 1344 3987 1596 4031; x_wconf 87' lang='lat' dir='ltr'><strong>mulierem</strong></span> <span class='ocrx_word' id='word_1_467' title='bbox 1626 3990 1676 4029; x_wconf 90' lang='lat' dir='ltr'><strong>et</strong></span> <span class='ocrx_word' id='word_1_468' title='bbox 1694 3987 1824 4033; x_wconf 87' lang='lat' dir='ltr'><strong>dotis</strong></span> <span class='ocrx_word' id='word_1_469' title='bbox 1842 3993 1893 4035; x_wconf 88' lang='lat' dir='ltr'><strong>et</strong></span> 
     </span>
     <span class='ocr_line' id='line_1_46' title="bbox 516 4046 1887 4106; baseline 0.001 -13"><span class='ocrx_word' id='word_1_470' title='bbox 516 4051 717 4105; x_wconf 85' lang='lat' dir='ltr'><strong>propter</strong></span> <span class='ocrx_word' id='word_1_471' title='bbox 737 4046 929 4106; x_wconf 78' lang='lat' dir='ltr'><strong>nuptias</strong></span> <span class='ocrx_word' id='word_1_472' title='bbox 947 4047 1225 4094; x_wconf 87' lang='lat' dir='ltr'><strong>donationis</strong></span> <span class='ocrx_word' id='word_1_473' title='bbox 1247 4050 1553 4093; x_wconf 78' lang='lat' dir='ltr'><strong>exactionem</strong></span> <span class='ocrx_word' id='word_1_474' title='bbox 1576 4046 1761 4093; x_wconf 78' lang='lat' dir='ltr'><strong>babere</strong></span> <span class='ocrx_word' id='word_1_475' title='bbox 1779 4082 1793 4101; x_wconf 82' lang='grc'>,</span> <span class='ocrx_word' id='word_1_476' title='bbox 1820 4049 1887 4095; x_wconf 89' lang='lat' dir='ltr'><strong>ita</strong></span> 
     </span>
     <span class='ocr_line' id='line_1_47' title="bbox 522 4110 1889 4167; baseline 0.001 -13"><span class='ocrx_word' id='word_1_477' title='bbox 522 4113 708 4167; x_wconf 84' lang='lat' dir='ltr'><strong>tamen,</strong></span> <span class='ocrx_word' id='word_1_478' title='bbox 728 4116 783 4155; x_wconf 90' lang='lat' dir='ltr'><strong>ut</strong></span> <span class='ocrx_word' id='word_1_479' title='bbox 805 4110 999 4156; x_wconf 88' lang='lat' dir='ltr'><strong>licentia</strong></span> <span class='ocrx_word' id='word_1_480' title='bbox 1021 4110 1066 4154; x_wconf 93' lang='lat' dir='ltr'><strong>ei</strong></span> <span class='ocrx_word' id='word_1_481' title='bbox 1088 4121 1187 4155; x_wconf 93' lang='lat' dir='ltr'><strong>non</strong></span> <span class='ocrx_word' id='word_1_482' title='bbox 1210 4110 1275 4154; x_wconf 89' lang='lat' dir='ltr'><strong>sit</strong></span> <span class='ocrx_word' id='word_1_483' title='bbox 1296 4111 1542 4156; x_wconf 83' lang='lat' dir='ltr'><strong>alienandi</strong></span> <span class='ocrx_word' id='word_1_484' title='bbox 1564 4120 1661 4165; x_wconf 82' lang='lat' dir='ltr'><strong>res,</strong></span> <span class='ocrx_word' id='word_1_485' title='bbox 1683 4111 1766 4156; x_wconf 87' lang='lat' dir='ltr'><strong>sed</strong></span> <span class='ocrx_word' id='word_1_486' title='bbox 1784 4116 1889 4156; x_wconf 81' lang='lat' dir='ltr'><strong>tan·</strong></span> 
     </span>
     <span class='ocr_line' id='line_1_48' title="bbox 519 4170 1886 4219; baseline 0.001 -2"><span class='ocrx_word' id='word_1_487' title='bbox 519 4175 628 4217; x_wconf 83' lang='lat' dir='ltr'><strong>tum</strong></span> <span class='ocrx_word' id='word_1_488' title='bbox 649 4171 889 4218; x_wconf 71' lang='lat' dir='ltr'><strong>fructibus</strong></span> <span class='ocrx_word' id='word_1_489' title='bbox 912 4170 1178 4218; x_wconf 86' lang='lat' dir='ltr'><strong>earundem</strong></span> <span class='ocrx_word' id='word_1_490' title='bbox 1202 4171 1370 4216; x_wconf 87' lang='lat' dir='ltr'><strong>utendi</strong></span> <span class='ocrx_word' id='word_1_491' title='bbox 1394 4172 1454 4217; x_wconf 88' lang='lat' dir='ltr'><strong>ad</strong></span> <span class='ocrx_word' id='word_1_492' title='bbox 1478 4173 1886 4219; x_wconf 77' lang='lat' dir='ltr'><strong>sustentationem</strong></span> 
     </span>
     <span class='ocr_line' id='line_1_49' title="bbox 520 4233 1883 4292; baseline 0.003 -15"><span class='ocrx_word' id='word_1_493' title='bbox 520 4238 620 4279; x_wconf 84' lang='lat' dir='ltr'><strong>tam</strong></span> <span class='ocrx_word' id='word_1_494' title='bbox 642 4235 738 4291; x_wconf 79' lang='lat' dir='ltr'><strong>sni,</strong></span> <span class='ocrx_word' id='word_1_495' title='bbox 757 4246 903 4292; x_wconf 84' lang='lat' dir='ltr'><strong>quam</strong></span> <span class='ocrx_word' id='word_1_496' title='bbox 925 4235 1237 4280; x_wconf 70' lang='lat' dir='ltr'><strong>liberorum.»</strong></span> <span class='ocrx_word' id='word_1_497' title='bbox 1252 4233 1358 4279; x_wconf 76' lang='lat' dir='ltr'><strong>vid.</strong></span> <span class='ocrx_word' id='word_1_498' title='bbox 1379 4239 1430 4278; x_wconf 89' lang='lat' dir='ltr'><strong>et</strong></span> <span class='ocrx_word' id='word_1_499' title='bbox 1447 4235 1495 4291; x_wconf 86' lang='lat' dir='ltr'><strong>a)</strong></span> <span class='ocrx_word' id='word_1_500' title='bbox 1513 4235 1566 4279; x_wconf 83' lang='lat'><strong>1..</strong></span> <span class='ocrx_word' id='word_1_501' title='bbox 1591 4233 1673 4280; x_wconf 77' lang='lat'><strong>20.</strong></span> <span class='ocrx_word' id='word_1_502' title='bbox 1698 4237 1748 4282; x_wconf 87' lang='lat' dir='ltr'><strong>C.</strong></span> <span class='ocrx_word' id='word_1_503' title='bbox 1777 4235 1830 4280; x_wconf 81' lang='grc' dir='ltr'><strong>Ιι.</strong></span> <span class='ocrx_word' id='word_1_504' title='bbox 1848 4239 1883 4281; x_wconf 87' lang='lat' dir='ltr'><strong>t.</strong></span> 
     </span>
     <span class='ocr_line' id='line_1_50' title="bbox 521 4296 1889 4355; baseline 0.004 -17"><span class='ocrx_word' id='word_1_505' title='bbox 521 4310 548 4338; x_wconf 91' lang='grc' dir='ltr'><strong>ιι</strong></span> <span class='ocrx_word' id='word_1_506' title='bbox 573 4319 631 4327; x_wconf 91' lang='grc'>-</span> <span class='ocrx_word' id='word_1_507' title='bbox 654 4301 703 4340; x_wconf 86' lang='lat' dir='ltr'><strong>et</strong></span> <span class='ocrx_word' id='word_1_508' title='bbox 724 4297 814 4353; x_wconf 89' lang='lat' dir='ltr'><strong>ipsi</strong></span> <span class='ocrx_word' id='word_1_509' title='bbox 830 4296 1029 4354; x_wconf 87' lang='lat' dir='ltr'><strong>quidem</strong></span> <span class='ocrx_word' id='word_1_510' title='bbox 1051 4296 1182 4341; x_wconf 84' lang='lat' dir='ltr'><strong>dotis</strong></span> <span class='ocrx_word' id='word_1_511' title='bbox 1201 4296 1459 4355; x_wconf 75' lang='lat' dir='ltr'><strong>cqmmoda</strong></span> <span class='ocrx_word' id='word_1_512' title='bbox 1482 4298 1752 4355; x_wconf 86' lang='lat' dir='ltr'><strong>lucrentur,</strong></span> <span class='ocrx_word' id='word_1_513' title='bbox 1770 4309 1889 4344; x_wconf 78' lang='lat' dir='ltr'><strong>uxo-</strong></span> 
     </span>
     <span class='ocr_line' id='line_1_51' title="bbox 521 4357 1891 4420; baseline -0.002 -16"><span class='ocrx_word' id='word_1_514' title='bbox 521 4368 600 4404; x_wconf 86' lang='lat' dir='ltr'><strong>res</strong></span> <span class='ocrx_word' id='word_1_515' title='bbox 620 4363 788 4404; x_wconf 89' lang='lat' dir='ltr'><strong>autem</strong></span> <span class='ocrx_word' id='word_1_516' title='bbox 808 4357 927 4405; x_wconf 72' lang='lat' dir='ltr'><strong>siue</strong></span> <span class='ocrx_word' id='word_1_517' title='bbox 965 4357 1194 4414; x_wconf 73' lang='lat' dir='ltr'><strong>nuptiali</strong></span> <span class='ocrx_word' id='word_1_518' title='bbox 1213 4357 1444 4403; x_wconf 72' lang='lat' dir='ltr'><strong>remedio</strong></span> <span class='ocrx_word' id='word_1_519' title='bbox 1464 4360 1804 4417; x_wconf 80' lang='lat' dir='ltr'><strong>relinquantur</strong></span> <span class='ocrx_word' id='word_1_520' title='bbox 1827 4375 1853 4401; x_wconf 76' lang='lat' dir='ltr'><strong>n</strong></span> <span class='ocrx_word' id='word_1_521' title='bbox 1875 4373 1891 4420; x_wconf 75' lang='grc' dir='ltr'>ς</span> 
     </span>
     <span class='ocr_line' id='line_1_52' title="bbox 523 4419 1893 4469; baseline 0.002 -7"><span class='ocrx_word' id='word_1_522' title='bbox 523 4435 630 4463; x_wconf 88' lang='grc' dir='ltr'><strong>ιι-</strong></span> <span class='ocrx_word' id='word_1_523' title='bbox 655 4425 705 4466; x_wconf 87' lang='lat' dir='ltr'><strong>et</strong></span> <span class='ocrx_word' id='word_1_524' title='bbox 728 4421 923 4467; x_wconf 91' lang='lat' dir='ltr'><strong>nomine</strong></span> <span class='ocrx_word' id='word_1_525' title='bbox 960 4424 1010 4465; x_wconf 88' lang='lat' dir='ltr'><strong>et</strong></span> <span class='ocrx_word' id='word_1_526' title='bbox 1047 4419 1347 4467; x_wconf 74' lang='lat' dir='ltr'><strong>substantia</strong></span> <span class='ocrx_word' id='word_1_527' title='bbox 1390 4419 1510 4466; x_wconf 88' lang='lat' dir='ltr'><strong>nihii</strong></span> <span class='ocrx_word' id='word_1_528' title='bbox 1548 4421 1695 4467; x_wconf 82' lang='lat' dir='ltr'><strong>distat</strong></span> <span class='ocrx_word' id='word_1_529' title='bbox 1723 4433 1752 4467; x_wconf 90' lang='lat' dir='ltr'><strong>a</strong></span> <span class='ocrx_word' id='word_1_530' title='bbox 1779 4423 1893 4469; x_wconf 74' lang='lat' dir='ltr'><strong>dote</strong></span> 
     </span>
     <span class='ocr_line' id='line_1_53' title="bbox 519 4482 1892 4540; baseline 0.002 -12"><span class='ocrx_word' id='word_1_531' title='bbox 519 4487 637 4529; x_wconf 87' lang='lat' dir='ltr'><strong>ante</strong></span> <span class='ocrx_word' id='word_1_532' title='bbox 658 4482 854 4540; x_wconf 80' lang='lat' dir='ltr'><strong>nuptias</strong></span> <span class='ocrx_word' id='word_1_533' title='bbox 874 4483 1076 4529; x_wconf 88' lang='lat' dir='ltr'><strong>donatio</strong></span> <span class='ocrx_word' id='word_1_534' title='bbox 1098 4500 1124 4526; x_wconf 75' lang='lat' dir='ltr'><strong>n</strong></span> <span class='ocrx_word' id='word_1_535' title='bbox 1148 4482 1252 4528; x_wconf 81' lang='lat' dir='ltr'><strong>rel.</strong></span> <span class='ocrx_word' id='word_1_536' title='bbox 1270 4505 1327 4515; x_wconf 94' lang='lat'><strong>—-</strong></span> <span class='ocrx_word' id='word_1_537' title='bbox 1347 4482 1604 4529; x_wconf 78' lang='lat' dir='ltr'><strong>Praeterea</strong></span> <span class='ocrx_word' id='word_1_538' title='bbox 1639 4483 1689 4540; x_wconf 86' lang='lat' dir='ltr'><strong>b)</strong></span> <span class='ocrx_word' id='word_1_539' title='bbox 1723 4482 1815 4528; x_wconf 87' lang='lat' dir='ltr'><strong>nisi</strong></span> <span class='ocrx_word' id='word_1_540' title='bbox 1842 4485 1892 4531; x_wconf 89' lang='lat' dir='ltr'><strong>id</strong></span> 
     </span>
     <span class='ocr_line' id='line_1_54' title="bbox 520 4544 1891 4603; baseline 0.002 -14"><span class='ocrx_word' id='word_1_541' title='bbox 520 4546 784 4601; x_wconf 76' lang='lat' dir='ltr'><strong>agebatur,</strong></span> <span class='ocrx_word' id='word_1_542' title='bbox 809 4549 863 4591; x_wconf 85' lang='lat' dir='ltr'><strong>ut</strong></span> <span class='ocrx_word' id='word_1_543' title='bbox 894 4545 1001 4601; x_wconf 79' lang='lat' dir='ltr'><strong>jam</strong></span> <span class='ocrx_word' id='word_1_544' title='bbox 1025 4546 1191 4590; x_wconf 84' lang='lat' dir='ltr'><strong>statim</strong></span> <span class='ocrx_word' id='word_1_545' title='bbox 1212 4544 1494 4590; x_wconf 84' lang='lat' dir='ltr'><strong>mulieribus</strong></span> <span class='ocrx_word' id='word_1_546' title='bbox 1511 4545 1594 4599; x_wconf 83' lang='lat' dir='ltr'><strong>jus</strong></span> <span class='ocrx_word' id='word_1_547' title='bbox 1616 4546 1815 4603; x_wconf 82' lang='lat' dir='ltr'><strong>aliquod</strong></span> <span class='ocrx_word' id='word_1_548' title='bbox 1833 4558 1891 4593; x_wconf 80' lang='lat' dir='ltr'><strong>cs</strong></span> 
     </span>
     <span class='ocr_line' id='line_1_55' title="bbox 521 4607 1899 4666; baseline 0.001 -13"><span class='ocrx_word' id='word_1_549' title='bbox 521 4607 801 4661; x_wconf 78' lang='lat' dir='ltr'><strong>hujusmodi</strong></span> <span class='ocrx_word' id='word_1_550' title='bbox 847 4607 1195 4654; x_wconf 82' lang='lat' dir='ltr'><strong>donationibus</strong></span> <span class='ocrx_word' id='word_1_551' title='bbox 1230 4611 1569 4664; x_wconf 81' lang='lat' dir='ltr'><strong>quaereretur,</strong></span> <span class='ocrx_word' id='word_1_552' title='bbox 1603 4610 1738 4653; x_wconf 85' lang='lat' dir='ltr'><strong>nullo</strong></span> <span class='ocrx_word' id='word_1_553' title='bbox 1778 4620 1899 4666; x_wconf 86' lang='lat' dir='ltr'><strong>opus</strong></span> 
     </span>
     <span class='ocr_line' id='line_1_56' title="bbox 522 4670 1899 4728; baseline 0.001 -14"><span class='ocrx_word' id='word_1_554' title='bbox 522 4672 628 4715; x_wconf 85' lang='lat' dir='ltr'><strong>erat</strong></span> <span class='ocrx_word' id='word_1_555' title='bbox 639 4670 869 4725; x_wconf 77' lang='lat' dir='ltr'><strong>singulari</strong></span> <span class='ocrx_word' id='word_1_556' title='bbox 885 4674 1219 4727; x_wconf 85' lang='lat' dir='ltr'><strong>praecepto‚ut</strong></span> <span class='ocrx_word' id='word_1_557' title='bbox 1230 4670 1547 4715; x_wconf 85' lang='lat' dir='ltr'><strong>etiamstante</strong></span> <span class='ocrx_word' id='word_1_558' title='bbox 1556 4671 1658 4725; x_wconf 82' lang='lat' dir='ltr'><strong>jam</strong></span> <span class='ocrx_word' id='word_1_559' title='bbox 1669 4670 1899 4728; x_wconf 68' lang='lat' dir='ltr'><strong>coniugio</strong></span> 
     </span>
     <span class='ocr_line' id='line_1_57' title="bbox 524 4730 1896 4789; baseline 0.004 -14"><span class='ocrx_word' id='word_1_560' title='bbox 524 4731 688 4776; x_wconf 82' lang='lat' dir='ltr'><strong>factae</strong></span> <span class='ocrx_word' id='word_1_561' title='bbox 708 4733 993 4777; x_wconf 83' lang='lat' dir='ltr'><strong>donationes</strong></span> <span class='ocrx_word' id='word_1_562' title='bbox 1014 4733 1232 4777; x_wconf 86' lang='lat' dir='ltr'><strong>valerent</strong></span> <span class='ocrx_word' id='word_1_563' title='bbox 1249 4763 1265 4787; x_wconf 88' lang='lat'>‚</span> <span class='ocrx_word' id='word_1_564' title='bbox 1285 4730 1526 4787; x_wconf 84' lang='lat' dir='ltr'><strong>siquidem</strong></span> <span class='ocrx_word' id='word_1_565' title='bbox 1564 4732 1896 4789; x_wconf 68' lang='lat' dir='ltr'><strong>conjugalium</strong></span> 
     </span>
     <span class='ocr_line' id='line_1_58' title="bbox 519 4792 1897 4851; baseline 0.001 -13"><span class='ocrx_word' id='word_1_566' title='bbox 519 4792 842 4839; x_wconf 85' lang='lat' dir='ltr'><strong>donationum</strong></span> <span class='ocrx_word' id='word_1_567' title='bbox 883 4793 1150 4850; x_wconf 86' lang='lat' dir='ltr'><strong>prohibitio</strong></span> <span class='ocrx_word' id='word_1_568' title='bbox 1174 4794 1233 4838; x_wconf 89' lang='lat' dir='ltr'><strong>ad</strong></span> <span class='ocrx_word' id='word_1_569' title='bbox 1258 4803 1338 4837; x_wconf 80' lang='lat' dir='ltr'><strong>eas</strong></span> <span class='ocrx_word' id='word_1_570' title='bbox 1363 4804 1461 4838; x_wconf 89' lang='lat' dir='ltr'><strong>non</strong></span> <span class='ocrx_word' id='word_1_571' title='bbox 1486 4796 1751 4851; x_wconf 82' lang='lat' dir='ltr'><strong>pertineret</strong></span> <span class='ocrx_word' id='word_1_572' title='bbox 1772 4795 1897 4841; x_wconf 78' lang='lat' dir='ltr'><strong>libe-</strong></span> 
     </span>
     <span class='ocr_line' id='line_1_59' title="bbox 521 4856 1895 4911; baseline 0.003 -12"><span class='ocrx_word' id='word_1_573' title='bbox 521 4856 743 4900; x_wconf 84' lang='lat' dir='ltr'><strong>ralitates</strong></span> <span class='ocrx_word' id='word_1_574' title='bbox 764 4889 779 4908; x_wconf 84' lang='lat'><strong>,</strong></span> <span class='ocrx_word' id='word_1_575' title='bbox 824 4867 949 4911; x_wconf 87' lang='lat' dir='ltr'><strong>quae</strong></span> <span class='ocrx_word' id='word_1_576' title='bbox 985 4856 1034 4902; x_wconf 92' lang='lat' dir='ltr'><strong>in</strong></span> <span class='ocrx_word' id='word_1_577' title='bbox 1075 4865 1243 4900; x_wconf 85' lang='lat' dir='ltr'><strong>casum</strong></span> <span class='ocrx_word' id='word_1_578' title='bbox 1267 4858 1353 4899; x_wconf 87' lang='lat' dir='ltr'><strong>aut</strong></span> <span class='ocrx_word' id='word_1_579' title='bbox 1381 4857 1571 4909; x_wconf 86' lang='lat' dir='ltr'><strong>mortis,</strong></span> <span class='ocrx_word' id='word_1_580' title='bbox 1596 4861 1681 4901; x_wconf 86' lang='lat' dir='ltr'><strong>aut</strong></span> <span class='ocrx_word' id='word_1_581' title='bbox 1698 4857 1895 4903; x_wconf 86' lang='lat' dir='ltr'><strong>divortii</strong></span> 
     </span>
     <span class='ocr_line' id='line_1_60' title="bbox 519 4911 1896 4976; baseline 0.002 -13"><span class='ocrx_word' id='word_1_582' title='bbox 519 4911 726 4965; x_wconf 78' lang='lat' dir='ltr'><strong>fiebant(</strong></span> <span class='ocrx_word' id='word_1_583' title='bbox 745 4918 770 4972; x_wconf 74' lang='lat' dir='ltr'>S</span> <span class='ocrx_word' id='word_1_584' title='bbox 787 4915 898 4966; x_wconf 76' lang='lat'><strong>545.</strong></span> <span class='ocrx_word' id='word_1_585' title='bbox 918 4922 1022 4964; x_wconf 89' lang='lat' dir='ltr'><strong>not.</strong></span> <span class='ocrx_word' id='word_1_586' title='bbox 1046 4915 1168 4976; x_wconf 78' lang='grc'>16),</span> <span class='ocrx_word' id='word_1_587' title='bbox 1189 4919 1348 4963; x_wconf 84' lang='lat' dir='ltr'><strong>morte</strong></span> <span class='ocrx_word' id='word_1_588' title='bbox 1368 4917 1518 4964; x_wconf 80' lang='lat' dir='ltr'><strong>etiam</strong></span> <span class='ocrx_word' id='word_1_589' title='bbox 1541 4920 1896 4967; x_wconf 76' lang='lat' dir='ltr'><strong>confirmaren-</strong></span> 
     </span>
    </p>
   </div>
   <div class='ocr_carea' id='block_1_7' title="bbox 1950 2928 3310 4977">
    <p class='ocr_par' dir='ltr' id='par_1_11' title="bbox 1950 2928 3297 3116">
     <span class='ocr_line' id='line_1_61' title="bbox 1950 2928 3297 2989; baseline 0.007 -18"><span class='ocrx_word' id='word_1_590' title='bbox 1950 2938 2103 2985; x_wconf 86' lang='lat' dir='ltr'><strong>quam</strong></span> <span class='ocrx_word' id='word_1_591' title='bbox 2125 2929 2313 2974; x_wconf 78' lang='lat' dir='ltr'><strong>faciunt</strong></span> <span class='ocrx_word' id='word_1_592' title='bbox 2330 2930 2391 2974; x_wconf 84' lang='lat' dir='ltr'><strong>ad</strong></span> <span class='ocrx_word' id='word_1_593' title='bbox 2414 2928 2542 2976; x_wconf 86' lang='lat' dir='ltr'><strong>banc</strong></span> <span class='ocrx_word' id='word_1_594' title='bbox 2564 2931 2882 2978; x_wconf 70' lang='lat' dir='ltr'><strong>refellendam</strong></span> <span class='ocrx_word' id='word_1_595' title='bbox 2904 2933 3139 2979; x_wconf 84' lang='lat' dir='ltr'><strong>rationem</strong></span> <span class='ocrx_word' id='word_1_596' title='bbox 3158 2965 3172 2987; x_wconf 85' lang='lat'>‚</span> <span class='ocrx_word' id='word_1_597' title='bbox 3188 2939 3297 2989; x_wconf 67' lang='lat' dir='ltr'><strong>qun</strong></span> 
     </span>
     <span class='ocr_line' id='line_1_62' title="bbox 1951 2991 3296 3052; baseline 0.007 -19"><span class='ocrx_word' id='word_1_598' title='bbox 1951 2994 2119 3034; x_wconf 84' lang='lat' dir='ltr'><strong>contra</strong></span> <span class='ocrx_word' id='word_1_599' title='bbox 2142 2991 2498 3048; x_wconf 87' lang='lat' dir='ltr'><strong>disputantura</strong></span> <span class='ocrx_word' id='word_1_600' title='bbox 2521 2992 2823 3043; x_wconf 52' lang='lat' dir='ltr'><strong>But-elcard&amp;</strong></span> <span class='ocrx_word' id='word_1_601' title='bbox 2863 2997 2897 3040; x_wconf 90' lang='grc' dir='ltr'><strong>Ι.</strong></span> <span class='ocrx_word' id='word_1_602' title='bbox 2941 2997 2979 3040; x_wconf 90' lang='grc' dir='ltr'><strong>Ι.</strong></span> <span class='ocrx_word' id='word_1_603' title='bbox 3026 3008 3074 3052; x_wconf 89' lang='lat' dir='ltr'><strong>p.</strong></span> <span class='ocrx_word' id='word_1_604' title='bbox 3115 2993 3213 3041; x_wconf 70' lang='lat'><strong>223.</strong></span> <span class='ocrx_word' id='word_1_605' title='bbox 3244 3013 3296 3025; x_wconf 88' lang='lat'>-</span> 
     </span>
     <span class='ocr_line' id='line_1_63' title="bbox 1950 3049 3077 3116; baseline 0.006 -21"><span class='ocrx_word' id='word_1_606' title='bbox 1950 3049 2138 3096; x_wconf 81' lang='lat' dir='ltr'><strong>caeter.</strong></span> <span class='ocrx_word' id='word_1_607' title='bbox 2162 3054 2229 3098; x_wconf 71' lang='lat' dir='ltr'><strong>et.</strong></span> <span class='ocrx_word' id='word_1_608' title='bbox 2259 3059 2309 3098; x_wconf 88' lang='lat' dir='ltr'><strong>et</strong></span> <span class='ocrx_word' id='word_1_609' title='bbox 2334 3054 2707 3114; x_wconf 71' lang='lat' dir='ltr'><strong>Warnkoentq</strong></span> <span class='ocrx_word' id='word_1_610' title='bbox 2727 3057 2762 3103; x_wconf 89' lang='lat' dir='ltr'><strong>l.</strong></span> <span class='ocrx_word' id='word_1_611' title='bbox 2788 3058 2821 3102; x_wconf 91' lang='lat' dir='ltr'><strong>l.</strong></span> <span class='ocrx_word' id='word_1_612' title='bbox 2846 3068 2896 3115; x_wconf 85' lang='lat' dir='ltr'><strong>p.</strong></span> <span class='ocrx_word' id='word_1_613' title='bbox 2922 3053 2984 3103; x_wconf 79' lang='grc'><strong>15</strong></span> <span class='ocrx_word' id='word_1_614' title='bbox 3004 3068 3077 3116; x_wconf 85' lang='lat' dir='ltr'><strong>sq.</strong></span> 
     </span>
    </p>

    <p class='ocr_par' dir='ltr' id='par_1_12' title="bbox 2013 3111 2824 3172">
     <span class='ocr_line' id='line_1_64' title="bbox 2013 3111 2824 3172; baseline 0.011 -16"><span class='ocrx_word' id='word_1_615' title='bbox 2013 3111 2092 3168; x_wconf 72' lang='lat'><strong>12)</strong></span> <span class='ocrx_word' id='word_1_616' title='bbox 2129 3114 2180 3158; x_wconf 89' lang='lat' dir='ltr'><strong>L.</strong></span> <span class='ocrx_word' id='word_1_617' title='bbox 2199 3112 2281 3161; x_wconf 77' lang='lat'><strong>29.</strong></span> <span class='ocrx_word' id='word_1_618' title='bbox 2301 3117 2355 3161; x_wconf 86' lang='lat' dir='ltr'><strong>C.</strong></span> <span class='ocrx_word' id='word_1_619' title='bbox 2371 3116 2586 3172; x_wconf 74' lang='lat' dir='ltr'><strong>dejure</strong></span> <span class='ocrx_word' id='word_1_620' title='bbox 2601 3117 2824 3165; x_wconf 74' lang='lat' dir='ltr'><strong>dotium.</strong></span> 
     </span>
    </p>

    <p class='ocr_par' dir='ltr' id='par_1_13' title="bbox 2022 3171 2509 3231">
     <span class='ocr_line' id='line_1_65' title="bbox 2022 3171 2509 3231; baseline 0.012 -12"><span class='ocrx_word' id='word_1_621' title='bbox 2022 3171 2099 3231; x_wconf 77' lang='grc'><strong>13)</strong></span> <span class='ocrx_word' id='word_1_622' title='bbox 2132 3176 2248 3222; x_wconf 70' lang='lat' dir='ltr'><strong>Nor.</strong></span> <span class='ocrx_word' id='word_1_623' title='bbox 2271 3176 2353 3225; x_wconf 84' lang='grc'><strong>61.</strong></span> <span class='ocrx_word' id='word_1_624' title='bbox 2378 3191 2425 3224; x_wconf 89' lang='lat' dir='ltr'><strong>c.</strong></span> <span class='ocrx_word' id='word_1_625' title='bbox 2465 3179 2509 3225; x_wconf 95' lang='grc'><strong>1.</strong></span> 
     </span>
    </p>

    <p class='ocr_par' dir='ltr' id='par_1_14' title="bbox 1956 3232 3300 3613">
     <span class='ocr_line' id='line_1_66' title="bbox 2018 3232 3297 3297; baseline 0.002 -15"><span class='ocrx_word' id='word_1_626' title='bbox 2018 3232 2096 3293; x_wconf 76' lang='grc'><strong>14)</strong></span> <span class='ocrx_word' id='word_1_627' title='bbox 2132 3240 2244 3296; x_wconf 73' lang='lat' dir='ltr'><strong>Arg.</strong></span> <span class='ocrx_word' id='word_1_628' title='bbox 2283 3241 2402 3286; x_wconf 77' lang='lat' dir='ltr'><strong>Nov.</strong></span> <span class='ocrx_word' id='word_1_629' title='bbox 2447 3242 2617 3288; x_wconf 84' lang='lat' dir='ltr'><strong>Leonis</strong></span> <span class='ocrx_word' id='word_1_630' title='bbox 2656 3240 2738 3288; x_wconf 73' lang='lat'><strong>20.</strong></span> <span class='ocrx_word' id='word_1_631' title='bbox 2765 3265 2822 3276; x_wconf 87' lang='lat'><strong>--</strong></span> <span class='ocrx_word' id='word_1_632' title='bbox 2844 3242 3100 3289; x_wconf 75' lang='lat' dir='ltr'><strong>Caeterum</strong></span> <span class='ocrx_word' id='word_1_633' title='bbox 3121 3275 3136 3297; x_wconf 90' lang='lat'><strong>,</strong></span> <span class='ocrx_word' id='word_1_634' title='bbox 3155 3246 3297 3287; x_wconf 69' lang='lat' dir='ltr'><strong>utrum</strong></span> 
     </span>
     <span class='ocr_line' id='line_1_67' title="bbox 1956 3302 3297 3361; baseline 0.004 -19"><span class='ocrx_word' id='word_1_635' title='bbox 1956 3308 2121 3345; x_wconf 88' lang='lat' dir='ltr'><strong>rerum</strong></span> <span class='ocrx_word' id='word_1_636' title='bbox 2144 3302 2561 3359; x_wconf 81' lang='lat' dir='ltr'><strong>autipbernalium</strong></span> <span class='ocrx_word' id='word_1_637' title='bbox 2602 3303 2874 3353; x_wconf 85' lang='lat' dir='ltr'><strong>dominium</strong></span> <span class='ocrx_word' id='word_1_638' title='bbox 2912 3307 3042 3361; x_wconf 87' lang='lat' dir='ltr'><strong>apud</strong></span> <span class='ocrx_word' id='word_1_639' title='bbox 3073 3305 3297 3351; x_wconf 72' lang='lat' dir='ltr'><strong>mulierem</strong></span> 
     </span>
     <span class='ocr_line' id='line_1_68' title="bbox 1957 3358 3300 3425; baseline 0.002 -20"><span class='ocrx_word' id='word_1_640' title='bbox 1957 3358 2125 3419; x_wconf 73' lang='lat' dir='ltr'><strong>fuerit,</strong></span> <span class='ocrx_word' id='word_1_641' title='bbox 2148 3373 2211 3408; x_wconf 83' lang='lat' dir='ltr'><strong>an</strong></span> <span class='ocrx_word' id='word_1_642' title='bbox 2236 3364 2542 3411; x_wconf 72' lang='lat' dir='ltr'><strong>ususfructus</strong></span> <span class='ocrx_word' id='word_1_643' title='bbox 2565 3372 2758 3414; x_wconf 88' lang='lat' dir='ltr'><strong>tantum</strong></span> <span class='ocrx_word' id='word_1_644' title='bbox 2778 3401 2795 3425; x_wconf 81' lang='lat'><strong>,</strong></span> <span class='ocrx_word' id='word_1_645' title='bbox 2818 3368 3085 3425; x_wconf 77' lang='lat' dir='ltr'><strong>quaeritur.</strong></span> <span class='ocrx_word' id='word_1_646' title='bbox 3109 3366 3300 3413; x_wconf 70' lang='lat' dir='ltr'><strong>Affirmat</strong></span> 
     </span>
     <span class='ocr_line' id='line_1_69' title="bbox 1956 3422 3297 3488; baseline 0.005 -21"><span class='ocrx_word' id='word_1_647' title='bbox 1956 3422 2267 3481; x_wconf 74' lang='lat' dir='ltr'><strong>Parendurt’</strong></span> <span class='ocrx_word' id='word_1_648' title='bbox 2280 3429 2314 3474; x_wconf 88' lang='lat' dir='ltr'><strong>t.</strong></span> <span class='ocrx_word' id='word_1_649' title='bbox 2339 3428 2372 3473; x_wconf 92' lang='lat' dir='ltr'><strong>l.</strong></span> <span class='ocrx_word' id='word_1_650' title='bbox 2394 3428 2419 3483; x_wconf 79' lang='lat' dir='ltr'><strong>s</strong></span> <span class='ocrx_word' id='word_1_651' title='bbox 2452 3425 2481 3474; x_wconf 72' lang='grc'>4</span> <span class='ocrx_word' id='word_1_652' title='bbox 2505 3441 2642 3488; x_wconf 83' lang='lat' dir='ltr'><strong>sqq.;</strong></span> <span class='ocrx_word' id='word_1_653' title='bbox 2683 3434 2828 3486; x_wconf 76' lang='lat' dir='ltr'><strong>negat</strong></span> <span class='ocrx_word' id='word_1_654' title='bbox 2871 3429 3164 3476; x_wconf 74' lang='lat' dir='ltr'><strong>Burclsaerdi</strong></span> <span class='ocrx_word' id='word_1_655' title='bbox 3200 3431 3232 3475; x_wconf 87' lang='grc'><strong>1.</strong></span> <span class='ocrx_word' id='word_1_656' title='bbox 3270 3428 3297 3472; x_wconf 92' lang='grc' dir='ltr'><strong>Ι.</strong></span> 
     </span>
     <span class='ocr_line' id='line_1_70' title="bbox 1957 3486 3298 3545; baseline 0.004 -16"><span class='ocrx_word' id='word_1_657' title='bbox 1957 3496 2006 3542; x_wconf 89' lang='lat' dir='ltr'><strong>p.</strong></span> <span class='ocrx_word' id='word_1_658' title='bbox 2032 3486 2125 3531; x_wconf 77' lang='lat'><strong>212</strong></span> <span class='ocrx_word' id='word_1_659' title='bbox 2146 3499 2253 3545; x_wconf 85' lang='lat' dir='ltr'><strong>sqq.</strong></span> <span class='ocrx_word' id='word_1_660' title='bbox 2277 3489 2295 3542; x_wconf 83' lang='lat'><strong>(</strong></span> <span class='ocrx_word' id='word_1_661' title='bbox 2316 3501 2390 3535; x_wconf 89' lang='lat' dir='ltr'><strong>nr.</strong></span> <span class='ocrx_word' id='word_1_662' title='bbox 2417 3490 2515 3545; x_wconf 74' lang='grc'><strong>9.).</strong></span> <span class='ocrx_word' id='word_1_663' title='bbox 2540 3514 2600 3524; x_wconf 89' lang='lat'><strong>-—</strong></span> <span class='ocrx_word' id='word_1_664' title='bbox 2622 3493 2810 3538; x_wconf 83' lang='lat' dir='ltr'><strong>caeter.</strong></span> <span class='ocrx_word' id='word_1_665' title='bbox 2836 3491 2934 3537; x_wconf 86' lang='lat' dir='ltr'><strong>vid.</strong></span> <span class='ocrx_word' id='word_1_666' title='bbox 2960 3492 3087 3537; x_wconf 65' lang='lat' dir='ltr'><strong>intra</strong></span> <span class='ocrx_word' id='word_1_667' title='bbox 3109 3494 3298 3539; x_wconf 75' lang='lat' dir='ltr'><strong>context.</strong></span> 
     </span>
     <span class='ocr_line' id='line_1_71' title="bbox 1956 3545 3192 3613; baseline 0.006 -22"><span class='ocrx_word' id='word_1_668' title='bbox 1956 3545 2018 3591; x_wconf 81' lang='lat' dir='ltr'><strong>sd</strong></span> <span class='ocrx_word' id='word_1_669' title='bbox 2039 3554 2142 3594; x_wconf 88' lang='lat' dir='ltr'><strong>not.</strong></span> <span class='ocrx_word' id='word_1_670' title='bbox 2162 3548 2242 3597; x_wconf 77' lang='lat'><strong>2⁴.</strong></span> <span class='ocrx_word' id='word_1_671' title='bbox 2266 3554 2315 3595; x_wconf 87' lang='lat' dir='ltr'><strong>et</strong></span> <span class='ocrx_word' id='word_1_672' title='bbox 2337 3551 2401 3598; x_wconf 84' lang='lat' dir='ltr'><strong>ci&#39;.</strong></span> <span class='ocrx_word' id='word_1_673' title='bbox 2431 3553 2805 3613; x_wconf 67' lang='lat' dir='ltr'><strong>{Varnlcoeniq</strong></span> <span class='ocrx_word' id='word_1_674' title='bbox 2826 3554 2860 3599; x_wconf 93' lang='grc'><strong>1.</strong></span> <span class='ocrx_word' id='word_1_675' title='bbox 2882 3555 2917 3599; x_wconf 90' lang='grc' dir='ltr'><strong>Ι.</strong></span> <span class='ocrx_word' id='word_1_676' title='bbox 2941 3566 2990 3611; x_wconf 89' lang='lat' dir='ltr'><strong>p.</strong></span> <span class='ocrx_word' id='word_1_677' title='bbox 3015 3555 3192 3613; x_wconf 66' lang='lat' dir='ltr'><strong>flosqq.</strong></span> 
     </span>
    </p>

    <p class='ocr_par' dir='ltr' id='par_1_15' title="bbox 1956 3607 3296 3735">
     <span class='ocr_line' id='line_1_72' title="bbox 2021 3607 3296 3675; baseline 0.004 -20"><span class='ocrx_word' id='word_1_678' title='bbox 2021 3607 2099 3666; x_wconf 82' lang='lat'><strong>15)</strong></span> <span class='ocrx_word' id='word_1_679' title='bbox 2130 3611 2245 3658; x_wconf 65' lang='lat' dir='ltr'><strong>Nos.</strong></span> <span class='ocrx_word' id='word_1_680' title='bbox 2271 3613 2420 3665; x_wconf 76' lang='lat' dir='ltr'><strong>22.c.</strong></span> <span class='ocrx_word' id='word_1_681' title='bbox 2445 3614 2526 3661; x_wconf 78' lang='lat'><strong>20.</strong></span> <span class='ocrx_word' id='word_1_682' title='bbox 2549 3618 2575 3672; x_wconf 76' lang='lat' dir='ltr'><strong><em>s</em></strong></span> <span class='ocrx_word' id='word_1_683' title='bbox 2598 3617 2644 3662; x_wconf 91' lang='grc'><strong>1.</strong></span> <span class='ocrx_word' id='word_1_684' title='bbox 2669 3629 2682 3675; x_wconf 76' lang='lat'>3</span> <span class='ocrx_word' id='word_1_685' title='bbox 2715 3616 2781 3661; x_wconf 70' lang='lat' dir='ltr'><strong>cf.</strong></span> <span class='ocrx_word' id='word_1_686' title='bbox 2823 3621 2874 3661; x_wconf 83' lang='lat' dir='ltr'><strong>et</strong></span> <span class='ocrx_word' id='word_1_687' title='bbox 2902 3618 3020 3664; x_wconf 73' lang='lat' dir='ltr'><strong>Nor.</strong></span> <span class='ocrx_word' id='word_1_688' title='bbox 3047 3618 3210 3664; x_wconf 80' lang='lat' dir='ltr'><strong>Leonis</strong></span> <span class='ocrx_word' id='word_1_689' title='bbox 3227 3611 3296 3660; x_wconf 71' lang='grc'><strong>90-</strong></span> 
     </span>
     <span class='ocr_line' id='line_1_73' title="bbox 1956 3672 3005 3735; baseline 0.009 -18"><span class='ocrx_word' id='word_1_690' title='bbox 1956 3693 2019 3703; x_wconf 90' lang='lat'><strong>—-</strong></span> <span class='ocrx_word' id='word_1_691' title='bbox 2039 3672 2345 3724; x_wconf 67' lang='lat' dir='ltr'><strong>But-eliardi</strong></span> <span class='ocrx_word' id='word_1_692' title='bbox 2366 3678 2400 3723; x_wconf 92' lang='lat' dir='ltr'><strong>l.</strong></span> <span class='ocrx_word' id='word_1_693' title='bbox 2423 3678 2457 3725; x_wconf 92' lang='lat' dir='ltr'><strong>l.</strong></span> <span class='ocrx_word' id='word_1_694' title='bbox 2483 3689 2531 3735; x_wconf 88' lang='lat' dir='ltr'><strong>p.</strong></span> <span class='ocrx_word' id='word_1_695' title='bbox 2554 3677 2652 3725; x_wconf 77' lang='lat'><strong>210</strong></span> <span class='ocrx_word' id='word_1_696' title='bbox 2672 3689 2779 3735; x_wconf 87' lang='lat' dir='ltr'><strong>sqq.</strong></span> <span class='ocrx_word' id='word_1_697' title='bbox 2803 3677 2901 3735; x_wconf 86' lang='lat' dir='ltr'><strong>(nr.</strong></span> <span class='ocrx_word' id='word_1_698' title='bbox 2925 3680 3005 3735; x_wconf 86' lang='grc' dir='ltr'>ΙΙ.)</span> 
     </span>
    </p>

    <p class='ocr_par' dir='ltr' id='par_1_16' title="bbox 2021 3731 2975 3795">
     <span class='ocr_line' id='line_1_74' title="bbox 2021 3731 2975 3795; baseline 0.008 -17"><span class='ocrx_word' id='word_1_699' title='bbox 2021 3731 2100 3790; x_wconf 80' lang='grc'><strong>16)</strong></span> <span class='ocrx_word' id='word_1_700' title='bbox 2134 3736 2184 3781; x_wconf 86' lang='lat' dir='ltr'><strong>t..</strong></span> <span class='ocrx_word' id='word_1_701' title='bbox 2208 3735 2290 3783; x_wconf 76' lang='lat'><strong>31.</strong></span> <span class='ocrx_word' id='word_1_702' title='bbox 2314 3743 2341 3795; x_wconf 77' lang='lat' dir='ltr'><strong>s</strong></span> <span class='ocrx_word' id='word_1_703' title='bbox 2364 3738 2410 3783; x_wconf 91' lang='lat'><strong>1.</strong></span> <span class='ocrx_word' id='word_1_704' title='bbox 2435 3741 2485 3786; x_wconf 90' lang='lat' dir='ltr'><strong>in</strong></span> <span class='ocrx_word' id='word_1_705' title='bbox 2510 3738 2547 3786; x_wconf 76' lang='lat' dir='ltr'><strong>f.</strong></span> <span class='ocrx_word' id='word_1_706' title='bbox 2570 3742 2624 3787; x_wconf 89' lang='lat' dir='ltr'><strong>C.</strong></span> <span class='ocrx_word' id='word_1_707' title='bbox 2647 3740 2848 3795; x_wconf 73' lang='lat' dir='ltr'><strong>dejure</strong></span> <span class='ocrx_word' id='word_1_708' title='bbox 2865 3739 2975 3788; x_wconf 76' lang='lat' dir='ltr'><strong>dot.</strong></span> 
     </span>
    </p>

    <p class='ocr_par' dir='ltr' id='par_1_17' title="bbox 1954 3793 3299 3923">
     <span class='ocr_line' id='line_1_75' title="bbox 1991 3793 3299 3866; baseline 0.004 -26"><span class='ocrx_word' id='word_1_709' title='bbox 1991 3856 2001 3866; x_wconf 44' lang='grc'><em>“</em></span> <span class='ocrx_word' id='word_1_710' title='bbox 2018 3793 2098 3853; x_wconf 87' lang='grc'><strong>17)</strong></span> <span class='ocrx_word' id='word_1_711' title='bbox 2133 3799 2246 3855; x_wconf 73' lang='lat' dir='ltr'><strong>Arg.</strong></span> <span class='ocrx_word' id='word_1_712' title='bbox 2284 3813 2455 3847; x_wconf 80' lang='lat' dir='ltr'><strong>earum</strong></span> <span class='ocrx_word' id='word_1_713' title='bbox 2479 3804 2640 3861; x_wconf 76' lang='lat' dir='ltr'><strong>legum</strong></span> <span class='ocrx_word' id='word_1_714' title='bbox 2664 3835 2680 3859; x_wconf 92' lang='lat'><strong>,</strong></span> <span class='ocrx_word' id='word_1_715' title='bbox 2702 3803 2881 3861; x_wconf 84' lang='lat' dir='ltr'><strong>quibus</strong></span> <span class='ocrx_word' id='word_1_716' title='bbox 2906 3805 3163 3850; x_wconf 76' lang='lat' dir='ltr'><strong>nonnullae</strong></span> <span class='ocrx_word' id='word_1_717' title='bbox 3180 3798 3299 3846; x_wconf 72' lang='lat' dir='ltr'><strong>exei-</strong></span> 
     </span>
     <span class='ocr_line' id='line_1_76' title="bbox 1954 3864 3274 3923; baseline 0.005 -22"><span class='ocrx_word' id='word_1_718' title='bbox 1954 3864 2155 3913; x_wconf 77' lang='lat' dir='ltr'><strong>piuntur</strong></span> <span class='ocrx_word' id='word_1_719' title='bbox 2174 3872 2364 3909; x_wconf 81' lang='lat' dir='ltr'><strong>causae.</strong></span> <span class='ocrx_word' id='word_1_720' title='bbox 2393 3865 2503 3910; x_wconf 81' lang='lat' dir='ltr'><strong>vid.</strong></span> <span class='ocrx_word' id='word_1_721' title='bbox 2526 3877 2652 3923; x_wconf 82' lang='lat' dir='ltr'><strong>quae</strong></span> <span class='ocrx_word' id='word_1_722' title='bbox 2676 3871 3022 3922; x_wconf 85' lang='lat' dir='ltr'><strong>sequunturex</strong></span> <span class='ocrx_word' id='word_1_723' title='bbox 3043 3867 3274 3913; x_wconf 79' lang='lat' dir='ltr'><strong>contextu.</strong></span> 
     </span>
    </p>

    <p class='ocr_par' dir='ltr' id='par_1_18' title="bbox 2019 3918 2778 3981">
     <span class='ocr_line' id='line_1_77' title="bbox 2019 3918 2778 3981; baseline 0.011 -16"><span class='ocrx_word' id='word_1_724' title='bbox 2019 3918 2097 3976; x_wconf 87' lang='grc'><strong>18)</strong></span> <span class='ocrx_word' id='word_1_725' title='bbox 2135 3922 2244 3968; x_wconf 88' lang='lat' dir='ltr'><strong>Vid.</strong></span> <span class='ocrx_word' id='word_1_726' title='bbox 2272 3926 2441 3981; x_wconf 72' lang='lat' dir='ltr'><strong>infras</strong></span> <span class='ocrx_word' id='word_1_727' title='bbox 2461 3925 2571 3974; x_wconf 75' lang='lat'><strong>541.</strong></span> <span class='ocrx_word' id='word_1_728' title='bbox 2598 3932 2705 3973; x_wconf 91' lang='lat' dir='ltr'><strong>not.</strong></span> <span class='ocrx_word' id='word_1_729' title='bbox 2729 3925 2778 3973; x_wconf 78' lang='lat'><strong>3.</strong></span> 
     </span>
    </p>

    <p class='ocr_par' dir='ltr' id='par_1_19' title="bbox 2023 3981 2775 4045">
     <span class='ocr_line' id='line_1_78' title="bbox 2023 3981 2775 4045; baseline 0.011 -17"><span class='ocrx_word' id='word_1_730' title='bbox 2023 3981 2101 4039; x_wconf 79' lang='lat'><strong>¹9)</strong></span> <span class='ocrx_word' id='word_1_731' title='bbox 2138 3985 2572 4045; x_wconf 76' lang='lat' dir='ltr'><strong>Vid.supra§538.</strong></span> <span class='ocrx_word' id='word_1_732' title='bbox 2597 3996 2701 4035; x_wconf 85' lang='lat' dir='ltr'><strong>not.</strong></span> <span class='ocrx_word' id='word_1_733' title='bbox 2725 3989 2775 4036; x_wconf 73' lang='lat'><strong>2.</strong></span> 
     </span>
    </p>

    <p class='ocr_par' dir='ltr' id='par_1_20' title="bbox 1950 4044 3308 4358">
     <span class='ocr_line' id='line_1_79' title="bbox 2018 4044 3305 4110; baseline 0.001 -17"><span class='ocrx_word' id='word_1_734' title='bbox 2018 4044 2096 4105; x_wconf 77' lang='lat'><strong>2⁰)</strong></span> <span class='ocrx_word' id='word_1_735' title='bbox 2130 4050 2238 4095; x_wconf 91' lang='lat' dir='ltr'><strong>Vid.</strong></span> <span class='ocrx_word' id='word_1_736' title='bbox 2264 4055 2368 4097; x_wconf 83' lang='lat' dir='ltr'><strong>not.</strong></span> <span class='ocrx_word' id='word_1_737' title='bbox 2392 4063 2527 4110; x_wconf 85' lang='lat' dir='ltr'><strong>seqq.</strong></span> <span class='ocrx_word' id='word_1_738' title='bbox 2545 4053 2875 4098; x_wconf 84' lang='lat' dir='ltr'><strong>——Caeterum</strong></span> <span class='ocrx_word' id='word_1_739' title='bbox 2900 4051 2963 4098; x_wconf 82' lang='lat' dir='ltr'><strong>sd</strong></span> <span class='ocrx_word' id='word_1_740' title='bbox 2985 4051 3112 4099; x_wconf 78' lang='lat' dir='ltr'><strong>banc</strong></span> <span class='ocrx_word' id='word_1_741' title='bbox 3128 4056 3305 4096; x_wconf 71' lang='lat' dir='ltr'><strong>canum</strong></span> 
     </span>
     <span class='ocr_line' id='line_1_80' title="bbox 1950 4109 3307 4171; baseline 0.004 -20"><span class='ocrx_word' id='word_1_742' title='bbox 1950 4109 2167 4156; x_wconf 82' lang='lat' dir='ltr'><strong>mulieris</strong></span> <span class='ocrx_word' id='word_1_743' title='bbox 2184 4111 2268 4165; x_wconf 89' lang='lat' dir='ltr'><strong>jus</strong></span> <span class='ocrx_word' id='word_1_744' title='bbox 2303 4114 2565 4161; x_wconf 84' lang='lat' dir='ltr'><strong>lucrandae</strong></span> <span class='ocrx_word' id='word_1_745' title='bbox 2586 4125 2635 4171; x_wconf 87' lang='lat' dir='ltr'><strong>p.</strong></span> <span class='ocrx_word' id='word_1_746' title='bbox 2662 4125 2710 4159; x_wconf 92' lang='lat' dir='ltr'><strong>n.</strong></span> <span class='ocrx_word' id='word_1_747' title='bbox 2736 4115 3014 4160; x_wconf 76' lang='lat' dir='ltr'><strong>donationis</strong></span> <span class='ocrx_word' id='word_1_748' title='bbox 3033 4115 3307 4170; x_wconf 62' lang='lat' dir='ltr'><strong>restringen-</strong></span> 
     </span>
     <span class='ocr_line' id='line_1_81' title="bbox 1950 4168 3305 4240; baseline 0.002 -24"><span class='ocrx_word' id='word_1_749' title='bbox 1950 4168 2067 4240; x_wconf 74' lang='lat' dir='ltr'><strong>dum</strong></span> <span class='ocrx_word' id='word_1_750' title='bbox 2086 4185 2191 4219; x_wconf 87' lang='lat' dir='ltr'><strong>esse</strong></span> <span class='ocrx_word' id='word_1_751' title='bbox 2210 4206 2227 4227; x_wconf 88' lang='lat'><strong>,</strong></span> <span class='ocrx_word' id='word_1_752' title='bbox 2268 4180 2437 4233; x_wconf 86' lang='lat' dir='ltr'><strong>putant</strong></span> <span class='ocrx_word' id='word_1_753' title='bbox 2461 4173 2621 4223; x_wconf 72' lang='lat' dir='ltr'><strong>Glt&#39;s&#39;ck</strong></span> <span class='ocrx_word' id='word_1_754' title='bbox 2641 4181 2693 4221; x_wconf 89' lang='lat' dir='ltr'><strong>et</strong></span> <span class='ocrx_word' id='word_1_755' title='bbox 2719 4175 3097 4236; x_wconf 66' lang='lat' dir='ltr'><strong>Warnkoeniq</strong></span> <span class='ocrx_word' id='word_1_756' title='bbox 3116 4178 3150 4222; x_wconf 83' lang='lat' dir='ltr'><strong>t.</strong></span> <span class='ocrx_word' id='word_1_757' title='bbox 3172 4176 3205 4219; x_wconf 89' lang='lat' dir='ltr'><strong>l.</strong></span> <span class='ocrx_word' id='word_1_758' title='bbox 3225 4169 3305 4220; x_wconf 75' lang='lat' dir='ltr'><strong>sed</strong></span> 
     </span>
     <span class='ocr_line' id='line_1_82' title="bbox 1951 4231 3308 4295; baseline 0.004 -21"><span class='ocrx_word' id='word_1_759' title='bbox 1951 4231 2049 4276; x_wconf 77' lang='lat' dir='ltr'><strong>vid.</strong></span> <span class='ocrx_word' id='word_1_760' title='bbox 2072 4236 2189 4281; x_wconf 81' lang='lat' dir='ltr'><strong>Nov.</strong></span> <span class='ocrx_word' id='word_1_761' title='bbox 2215 4238 2388 4283; x_wconf 83' lang='lat' dir='ltr'><strong>Leonis</strong></span> <span class='ocrx_word' id='word_1_762' title='bbox 2408 4237 2488 4284; x_wconf 76' lang='lat'><strong>20.</strong></span> <span class='ocrx_word' id='word_1_763' title='bbox 2511 4242 2561 4284; x_wconf 85' lang='lat' dir='ltr'><strong>et</strong></span> <span class='ocrx_word' id='word_1_764' title='bbox 2580 4249 2708 4295; x_wconf 81' lang='lat' dir='ltr'><strong>quae</strong></span> <span class='ocrx_word' id='word_1_765' title='bbox 2731 4237 2921 4292; x_wconf 83' lang='lat' dir='ltr'><strong>dejure</strong></span> <span class='ocrx_word' id='word_1_766' title='bbox 2944 4240 3155 4285; x_wconf 86' lang='lat' dir='ltr'><strong>mulieris</strong></span> <span class='ocrx_word' id='word_1_767' title='bbox 3170 4238 3308 4283; x_wconf 81' lang='lat' dir='ltr'><strong>inan·</strong></span> 
     </span>
     <span class='ocr_line' id='line_1_83' title="bbox 1957 4292 2994 4358; baseline 0.01 -21"><span class='ocrx_word' id='word_1_768' title='bbox 1957 4292 2194 4350; x_wconf 84' lang='lat' dir='ltr'><strong>tiphernis</strong></span> <span class='ocrx_word' id='word_1_769' title='bbox 2215 4310 2363 4356; x_wconf 78' lang='lat' dir='ltr'><strong>supra</strong></span> <span class='ocrx_word' id='word_1_770' title='bbox 2385 4301 2666 4358; x_wconf 84' lang='lat' dir='ltr'><strong>scripsimus</strong></span> <span class='ocrx_word' id='word_1_771' title='bbox 2689 4306 2792 4346; x_wconf 88' lang='lat' dir='ltr'><strong>not.</strong></span> <span class='ocrx_word' id='word_1_772' title='bbox 2814 4298 2994 4347; x_wconf 80' lang='lat'><strong>9-11.</strong></span> 
     </span>
    </p>

    <p class='ocr_par' dir='ltr' id='par_1_21' title="bbox 1957 4355 3310 4669">
     <span class='ocr_line' id='line_1_84' title="bbox 2024 4355 3310 4418; baseline -0.001 -14"><span class='ocrx_word' id='word_1_773' title='bbox 2024 4356 2105 4416; x_wconf 78' lang='lat'><strong>21)</strong></span> <span class='ocrx_word' id='word_1_774' title='bbox 2123 4361 2197 4407; x_wconf 72' lang='lat' dir='ltr'><strong>Cf.</strong></span> <span class='ocrx_word' id='word_1_775' title='bbox 2221 4363 2273 4408; x_wconf 86' lang='lat'><strong>1..</strong></span> <span class='ocrx_word' id='word_1_776' title='bbox 2291 4360 2340 4409; x_wconf 78' lang='lat'><strong>9.</strong></span> <span class='ocrx_word' id='word_1_777' title='bbox 2363 4368 2412 4407; x_wconf 87' lang='lat' dir='ltr'><strong>ct</strong></span> <span class='ocrx_word' id='word_1_778' title='bbox 2433 4362 2511 4409; x_wconf 88' lang='grc'><strong>10.</strong></span> <span class='ocrx_word' id='word_1_779' title='bbox 2533 4362 2589 4408; x_wconf 88' lang='lat' dir='ltr'><strong>C.</strong></span> <span class='ocrx_word' id='word_1_780' title='bbox 2616 4362 2686 4408; x_wconf 82' lang='lat' dir='ltr'><strong>de</strong></span> <span class='ocrx_word' id='word_1_781' title='bbox 2697 4364 2842 4417; x_wconf 79' lang='lat' dir='ltr'><strong>pact.</strong></span> <span class='ocrx_word' id='word_1_782' title='bbox 2855 4365 3101 4410; x_wconf 62' lang='lat' dir='ltr'><strong>convent.</strong></span> <span class='ocrx_word' id='word_1_783' title='bbox 3125 4361 3199 4418; x_wconf 76' lang='lat' dir='ltr'><strong>(V,</strong></span> <span class='ocrx_word' id='word_1_784' title='bbox 3223 4355 3310 4411; x_wconf 73' lang='lat' dir='ltr'><strong>ss.)</strong></span> 
     </span>
     <span class='ocr_line' id='line_1_85' title="bbox 1963 4420 3307 4482; baseline -0.001 -16"><span class='ocrx_word' id='word_1_785' title='bbox 1963 4443 2019 4452; x_wconf 91' lang='lat'><strong>—-</strong></span> <span class='ocrx_word' id='word_1_786' title='bbox 2048 4422 2097 4467; x_wconf 89' lang='lat' dir='ltr'><strong>L.</strong></span> <span class='ocrx_word' id='word_1_787' title='bbox 2115 4422 2195 4470; x_wconf 82' lang='lat'><strong>20,</strong></span> <span class='ocrx_word' id='word_1_788' title='bbox 2222 4436 2295 4482; x_wconf 87' lang='lat' dir='ltr'><strong>pr.</strong></span> <span class='ocrx_word' id='word_1_789' title='bbox 2320 4426 2374 4471; x_wconf 90' lang='lat' dir='ltr'><strong>C.</strong></span> <span class='ocrx_word' id='word_1_790' title='bbox 2399 4423 2451 4470; x_wconf 80' lang='grc' dir='ltr'><strong>Ιι.</strong></span> <span class='ocrx_word' id='word_1_791' title='bbox 2478 4428 2513 4471; x_wconf 86' lang='lat' dir='ltr'><strong>t.</strong></span> <span class='ocrx_word' id='word_1_792' title='bbox 2538 4423 2713 4482; x_wconf 76' lang='lat' dir='ltr'><strong>(verb.</strong></span> <span class='ocrx_word' id='word_1_793' title='bbox 2741 4439 2753 4469; x_wconf 85' lang='lat'>:</span> <span class='ocrx_word' id='word_1_794' title='bbox 2786 4442 2809 4463; x_wconf 86' lang='grc' dir='ltr'><strong>ιι</strong></span> <span class='ocrx_word' id='word_1_795' title='bbox 2833 4425 2919 4469; x_wconf 81' lang='lat' dir='ltr'><strong>Sin</strong></span> <span class='ocrx_word' id='word_1_796' title='bbox 2940 4430 3106 4470; x_wconf 86' lang='lat' dir='ltr'><strong>autem</strong></span> <span class='ocrx_word' id='word_1_797' title='bbox 3126 4420 3307 4469; x_wconf 75' lang='lat' dir='ltr'><strong>donatis</strong></span> 
     </span>
     <span class='ocr_line' id='line_1_86' title="bbox 1957 4482 3306 4543; baseline 0.001 -15"><span class='ocrx_word' id='word_1_798' title='bbox 1957 4482 2279 4540; x_wconf 83' lang='lat' dir='ltr'><strong>quidemtalis</strong></span> <span class='ocrx_word' id='word_1_799' title='bbox 2302 4487 2430 4534; x_wconf 75' lang='lat' dir='ltr'><strong>facta</strong></span> <span class='ocrx_word' id='word_1_800' title='bbox 2451 4490 2512 4533; x_wconf 88' lang='lat' dir='ltr'><strong>sit</strong></span> <span class='ocrx_word' id='word_1_801' title='bbox 2533 4503 2557 4529; x_wconf 81' lang='lat' dir='ltr'><strong>n</strong></span> <span class='ocrx_word' id='word_1_802' title='bbox 2583 4484 2988 4543; x_wconf 45' lang='lat' dir='ltr'><strong>reme-Nova}</strong></span> <span class='ocrx_word' id='word_1_803' title='bbox 3014 4499 3056 4533; x_wconf 89' lang='lat' dir='ltr'><strong>c.</strong></span> <span class='ocrx_word' id='word_1_804' title='bbox 3082 4485 3158 4534; x_wconf 78' lang='lat'><strong>20.</strong></span> <span class='ocrx_word' id='word_1_805' title='bbox 3181 4497 3306 4543; x_wconf 67' lang='lat' dir='ltr'><strong>pr.—</strong></span> 
     </span>
     <span class='ocr_line' id='line_1_87' title="bbox 1961 4540 3307 4607; baseline 0.001 -19"><span class='ocrx_word' id='word_1_806' title='bbox 1961 4544 2077 4592; x_wconf 79' lang='lat' dir='ltr'><strong>Nov.</strong></span> <span class='ocrx_word' id='word_1_807' title='bbox 2096 4545 2177 4595; x_wconf 80' lang='lat'><strong>97.</strong></span> <span class='ocrx_word' id='word_1_808' title='bbox 2200 4561 2244 4595; x_wconf 90' lang='lat' dir='ltr'><strong>c.</strong></span> <span class='ocrx_word' id='word_1_809' title='bbox 2270 4550 2316 4595; x_wconf 89' lang='grc'><strong>1.</strong></span> <span class='ocrx_word' id='word_1_810' title='bbox 2340 4550 2355 4602; x_wconf 78' lang='grc' dir='ltr'>ί</span> <span class='ocrx_word' id='word_1_811' title='bbox 2375 4555 2478 4596; x_wconf 89' lang='lat' dir='ltr'><strong>not.</strong></span> <span class='ocrx_word' id='word_1_812' title='bbox 2501 4561 2636 4607; x_wconf 87' lang='lat' dir='ltr'><strong>seqq.</strong></span> <span class='ocrx_word' id='word_1_813' title='bbox 2657 4550 2693 4605; x_wconf 85' lang='lat'><strong>).</strong></span> <span class='ocrx_word' id='word_1_814' title='bbox 2719 4571 2779 4581; x_wconf 92' lang='lat'>—</span> <span class='ocrx_word' id='word_1_815' title='bbox 2801 4549 2914 4594; x_wconf 79' lang='lat' dir='ltr'><strong>vid.</strong></span> <span class='ocrx_word' id='word_1_816' title='bbox 2933 4554 2982 4593; x_wconf 86' lang='lat' dir='ltr'><strong>et</strong></span> <span class='ocrx_word' id='word_1_817' title='bbox 3002 4549 3113 4595; x_wconf 75' lang='lat' dir='ltr'><strong>Nor.</strong></span> <span class='ocrx_word' id='word_1_818' title='bbox 3129 4548 3178 4594; x_wconf 74' lang='lat'><strong>2.</strong></span> <span class='ocrx_word' id='word_1_819' title='bbox 3200 4559 3242 4593; x_wconf 84' lang='lat' dir='ltr'><strong>e.</strong></span> <span class='ocrx_word' id='word_1_820' title='bbox 3264 4540 3307 4589; x_wconf 74' lang='lat'><strong>5.</strong></span> 
     </span>
     <span class='ocr_line' id='line_1_88' title="bbox 1960 4606 3308 4669; baseline -0.001 -17"><span class='ocrx_word' id='word_1_821' title='bbox 1960 4629 2022 4638; x_wconf 91' lang='lat'>—</span> <span class='ocrx_word' id='word_1_822' title='bbox 2048 4609 2162 4656; x_wconf 81' lang='lat' dir='ltr'><strong>Nov.</strong></span> <span class='ocrx_word' id='word_1_823' title='bbox 2178 4610 2259 4658; x_wconf 81' lang='lat'><strong>91.</strong></span> <span class='ocrx_word' id='word_1_824' title='bbox 2282 4624 2327 4657; x_wconf 89' lang='lat' dir='ltr'><strong>c.</strong></span> <span class='ocrx_word' id='word_1_825' title='bbox 2347 4610 2429 4659; x_wconf 77' lang='lat'><strong>2.(</strong></span> <span class='ocrx_word' id='word_1_826' title='bbox 2454 4606 2827 4669; x_wconf 69' lang='lat' dir='ltr'><strong>lewRoem‘q</strong></span> <span class='ocrx_word' id='word_1_827' title='bbox 2848 4611 2881 4655; x_wconf 90' lang='grc'><strong>1.</strong></span> <span class='ocrx_word' id='word_1_828' title='bbox 2905 4612 2941 4656; x_wconf 90' lang='lat' dir='ltr'><strong>l.</strong></span> <span class='ocrx_word' id='word_1_829' title='bbox 2962 4622 3010 4669; x_wconf 88' lang='lat' dir='ltr'><strong>p.</strong></span> <span class='ocrx_word' id='word_1_830' title='bbox 3034 4609 3109 4657; x_wconf 76' lang='lat'><strong>13.</strong></span> <span class='ocrx_word' id='word_1_831' title='bbox 3133 4622 3207 4656; x_wconf 90' lang='lat' dir='ltr'><strong>nr.</strong></span> <span class='ocrx_word' id='word_1_832' title='bbox 3229 4609 3261 4653; x_wconf 74' lang='grc'><strong>1.</strong></span> <span class='ocrx_word' id='word_1_833' title='bbox 3278 4608 3308 4661; x_wconf 93' lang='grc'>).</span> 
     </span>
    </p>

    <p class='ocr_par' dir='ltr' id='par_1_22' title="bbox 1959 4664 3309 4793">
     <span class='ocr_line' id='line_1_89' title="bbox 2026 4664 3309 4730; baseline 0.001 -14"><span class='ocrx_word' id='word_1_834' title='bbox 2026 4669 2105 4727; x_wconf 77' lang='lat'><strong>22)</strong></span> <span class='ocrx_word' id='word_1_835' title='bbox 2139 4675 2255 4719; x_wconf 87' lang='lat' dir='ltr'><strong>Nov.</strong></span> <span class='ocrx_word' id='word_1_836' title='bbox 2275 4672 2358 4720; x_wconf 81' lang='grc'><strong>97.</strong></span> <span class='ocrx_word' id='word_1_837' title='bbox 2379 4687 2424 4720; x_wconf 92' lang='lat' dir='ltr'><strong>c.</strong></span> <span class='ocrx_word' id='word_1_838' title='bbox 2449 4674 2496 4719; x_wconf 79' lang='lat'><strong>2.</strong></span> <span class='ocrx_word' id='word_1_839' title='bbox 2520 4698 2576 4707; x_wconf 90' lang='lat'><em>-</em></span> <span class='ocrx_word' id='word_1_840' title='bbox 2602 4672 2681 4720; x_wconf 68' lang='lat' dir='ltr'><strong>Cf.</strong></span> <span class='ocrx_word' id='word_1_841' title='bbox 2704 4672 3016 4718; x_wconf 70' lang='lat' dir='ltr'><strong>But-ekardi</strong></span> <span class='ocrx_word' id='word_1_842' title='bbox 3035 4675 3066 4719; x_wconf 92' lang='grc' dir='ltr'><strong>Ι.</strong></span> <span class='ocrx_word' id='word_1_843' title='bbox 3100 4675 3132 4719; x_wconf 88' lang='lat' dir='ltr'><strong>l.</strong></span> <span class='ocrx_word' id='word_1_844' title='bbox 3157 4685 3205 4730; x_wconf 85' lang='lat' dir='ltr'><strong>p.</strong></span> <span class='ocrx_word' id='word_1_845' title='bbox 3226 4664 3309 4717; x_wconf 75' lang='lat'><strong>22⁴</strong></span> 
     </span>
     <span class='ocr_line' id='line_1_90' title="bbox 1959 4733 3040 4793; baseline 0.003 -15"><span class='ocrx_word' id='word_1_846' title='bbox 1959 4745 2066 4791; x_wconf 89' lang='lat' dir='ltr'><strong>sqq.</strong></span> <span class='ocrx_word' id='word_1_847' title='bbox 2088 4736 2188 4789; x_wconf 82' lang='lat' dir='ltr'><strong>(Nr.</strong></span> <span class='ocrx_word' id='word_1_848' title='bbox 2205 4736 2744 4793; x_wconf 72' lang='lat' dir='ltr'><strong>Vl.)-Warnkoem‘9</strong></span> <span class='ocrx_word' id='word_1_849' title='bbox 2768 4735 2804 4779; x_wconf 89' lang='grc' dir='ltr'><strong>Ι.</strong></span> <span class='ocrx_word' id='word_1_850' title='bbox 2829 4736 2861 4779; x_wconf 91' lang='lat' dir='ltr'><strong>l.</strong></span> <span class='ocrx_word' id='word_1_851' title='bbox 2888 4747 2939 4792; x_wconf 88' lang='lat' dir='ltr'><strong>p.</strong></span> <span class='ocrx_word' id='word_1_852' title='bbox 2962 4733 3040 4781; x_wconf 78' lang='lat'><strong>26.</strong></span> 
     </span>
    </p>

    <p class='ocr_par' dir='ltr' id='par_1_23' title="bbox 1954 4791 3308 4977">
     <span class='ocr_line' id='line_1_91' title="bbox 2026 4791 3308 4856; baseline -0.002 -16"><span class='ocrx_word' id='word_1_853' title='bbox 2026 4793 2105 4856; x_wconf 73' lang='lat'><strong>23)</strong></span> <span class='ocrx_word' id='word_1_854' title='bbox 2137 4797 2256 4845; x_wconf 77' lang='lat' dir='ltr'><strong>Nov,</strong></span> <span class='ocrx_word' id='word_1_855' title='bbox 2283 4797 2393 4844; x_wconf 76' lang='grc'><strong>109.</strong></span> <span class='ocrx_word' id='word_1_856' title='bbox 2414 4810 2458 4844; x_wconf 89' lang='lat' dir='ltr'><strong>c.</strong></span> <span class='ocrx_word' id='word_1_857' title='bbox 2484 4798 2528 4843; x_wconf 89' lang='grc'><strong>1.</strong></span> <span class='ocrx_word' id='word_1_858' title='bbox 2553 4797 2639 4854; x_wconf 70' lang='lat' dir='ltr'><strong>(cf.</strong></span> <span class='ocrx_word' id='word_1_859' title='bbox 2663 4797 2717 4841; x_wconf 90' lang='lat' dir='ltr'><strong>L.</strong></span> <span class='ocrx_word' id='word_1_860' title='bbox 2745 4795 2930 4852; x_wconf 66' lang='lat'><strong>1252.</strong></span> <span class='ocrx_word' id='word_1_861' title='bbox 2951 4798 3004 4844; x_wconf 88' lang='lat' dir='ltr'><strong>C.</strong></span> <span class='ocrx_word' id='word_1_862' title='bbox 3026 4797 3120 4855; x_wconf 75' lang='lat' dir='ltr'><strong>qui</strong></span> <span class='ocrx_word' id='word_1_863' title='bbox 3136 4799 3241 4854; x_wconf 78' lang='lat' dir='ltr'><strong>pol.</strong></span> <span class='ocrx_word' id='word_1_864' title='bbox 3260 4791 3308 4837; x_wconf 72' lang='lat' dir='ltr'><strong>in</strong></span> 
     </span>
     <span class='ocr_line' id='line_1_92' title="bbox 1954 4856 3308 4919; baseline -0.004 -14"><span class='ocrx_word' id='word_1_865' title='bbox 1954 4859 2099 4918; x_wconf 65' lang='grc' dir='ltr'><strong>μέρη.</strong></span> <span class='ocrx_word' id='word_1_866' title='bbox 2125 4861 2141 4915; x_wconf 91' lang='grc'>(</span> <span class='ocrx_word' id='word_1_867' title='bbox 2164 4860 2285 4919; x_wconf 85' lang='grc' dir='ltr'>νιιι,</span> <span class='ocrx_word' id='word_1_868' title='bbox 2308 4857 2385 4906; x_wconf 77' lang='lat'><strong>18.</strong></span> <span class='ocrx_word' id='word_1_869' title='bbox 2408 4862 2425 4915; x_wconf 86' lang='grc'><strong>)</strong></span> <span class='ocrx_word' id='word_1_870' title='bbox 2446 4885 2499 4893; x_wconf 91' lang='lat'><em>-</em></span> <span class='ocrx_word' id='word_1_871' title='bbox 2522 4861 2638 4905; x_wconf 69' lang='lat' dir='ltr'><strong>nov.</strong></span> <span class='ocrx_word' id='word_1_872' title='bbox 2661 4856 2741 4904; x_wconf 78' lang='lat'><strong>⁹7.</strong></span> <span class='ocrx_word' id='word_1_873' title='bbox 2765 4869 2810 4903; x_wconf 86' lang='lat' dir='ltr'><strong>c.</strong></span> <span class='ocrx_word' id='word_1_874' title='bbox 2834 4858 2884 4905; x_wconf 80' lang='lat'><strong>5.</strong></span> <span class='ocrx_word' id='word_1_875' title='bbox 2910 4859 2958 4904; x_wconf 74' lang='lat' dir='ltr'><strong>in</strong></span> <span class='ocrx_word' id='word_1_876' title='bbox 2991 4860 3062 4915; x_wconf 62' lang='lat' dir='ltr'><strong>a).</strong></span> <span class='ocrx_word' id='word_1_877' title='bbox 3087 4883 3145 4892; x_wconf 83' lang='lat'>-</span> <span class='ocrx_word' id='word_1_878' title='bbox 3168 4859 3222 4903; x_wconf 70' lang='grc'><strong>1.</strong></span> <span class='ocrx_word' id='word_1_879' title='bbox 3248 4858 3308 4902; x_wconf 81' lang='lat' dir='ltr'><strong>A.</strong></span> 
     </span>
     <span class='ocr_line' id='line_1_93' title="bbox 1960 4919 3172 4977; baseline 0 -10"><span class='ocrx_word' id='word_1_880' title='bbox 1960 4921 2223 4969; x_wconf 80' lang='lat' dir='ltr'><strong>Meissner</strong></span> <span class='ocrx_word' id='word_1_881' title='bbox 2242 4934 2335 4969; x_wconf 76' lang='lat' dir='ltr'><strong>von</strong></span> <span class='ocrx_word' id='word_1_882' title='bbox 2358 4922 2609 4969; x_wconf 82' lang='lat' dir='ltr'><strong>stillschw.</strong></span> <span class='ocrx_word' id='word_1_883' title='bbox 2635 4921 2834 4967; x_wconf 83' lang='lat' dir='ltr'><strong>Pfandr.</strong></span> <span class='ocrx_word' id='word_1_884' title='bbox 2859 4924 2885 4977; x_wconf 73' lang='grc'><strong>3</strong></span> <span class='ocrx_word' id='word_1_885' title='bbox 2914 4919 3172 4969; x_wconf 62' lang='lat' dir='ltr'><strong>tos-tm</strong></span> 
     </span>
    </p>
   </div>
   <div class='ocr_carea' id='block_1_8' title="bbox 3459 4414 3463 5043">
    <p class='ocr_par' dir='ltr' id='par_1_24' title="bbox 3459 4414 3463 5043">
     <span class='ocr_line' id='line_1_94' title="bbox 3459 4414 3463 5043; baseline 0 0"><span class='ocrx_word' id='word_1_886' title='bbox 3459 4414 3463 5043; x_wconf 95' lang='lat' dir='ltr'><strong> </strong></span> 
     </span>
    </p>
   </div>
  </div>
 </body>
</html>
