3544 5506
515 345 627 405 48⁴

514 468 770 527 lieribus
794 468 968 539 leges
989 466 1354 525 tribuerunt
1372 461 1448 540 ²⁴)
1474 486 1492 542 3
1516 480 1683 543 quae
1711 464 1970 539 quidem
2000 462 2459 523 conventiones
2483 475 2615 519 non
2642 460 2829 518 aliter
2851 465 3033 517 ratae
3058 458 3289 517 baben-

509 571 624 623 tur
640 608 656 632 ,
681 578 873 637 quam
892 562 1073 621 siant
1096 564 1230 636 ipsa
1249 562 1629 621 interveniat
1643 562 1872 620 mulier
1891 559 2328 630 conventioni,
2353 565 2470 616 aut
2486 556 2654 632 patri
2672 557 2858 616 heres
2877 555 3186 614 exstiterit
3199 551 3286 629 25).

512 662 725 723 Potest
766 670 981 720 tamen
1008 669 1191 735 pater
1225 678 1371 721 cum
1399 657 1464 720 in
1492 676 1669 721 suam
1710 676 2051 734 personam
2081 659 2405 719 actionem
2432 656 2783 716 transferre
2819 656 2900 714 de
2933 656 3087 714 dote
3113 654 3287 712 resti·

517 767 756 823 tuenda
773 807 790 831 ‚
820 770 958 822 tum
986 779 1142 823 vero
1164 764 1430 840 pacisci,
1459 770 1532 821 ut
1559 770 1814 821 mortua
1849 764 1914 821 in
1940 761 2352 821 matrimonio
2381 759 2509 818 fllia
2531 760 2645 817 dos
2669 758 2840 830 apud
2860 755 3066 815 virum
3090 771 3279 814 rema·

514 868 668 921 neat
683 904 701 936 ‚
717 861 1062 919 dummodo
1079 861 1142 917 id
1159 868 1269 918 aut
1282 860 1460 919 initio
1476 861 1588 918 flat
1601 859 1765 918 dotis
1791 860 2069 934 dandae,
2085 864 2196 916 aut
2212 865 2387 916 certe
2406 857 2693 914 nondum
2706 854 2936 914 secutis
2957 852 3190 927 nuptiis
3201 848 3285 923 ²⁶).

510 958 991 1035 Quodammodo
1039 957 1229 1014 etiam
1281 956 1466 1014 latius
1525 955 1734 1028 patuit
1796 961 2059 1027 patrum
2114 952 2218 1027 jus
2244 995 2265 1027 ,
2316 952 2706 1025 omninoque
2752 964 2977 1008 eorum
3005 990 3024 1023 ,
3065 947 3175 1021 qui
3215 961 3285 1004 ex

501 1055 826 1130 superiori
859 1055 1085 1115 ordine
1112 1057 1364 1128 cognati
1401 1061 1552 1114 sunt
1575 1095 1593 1124 ,
1625 1070 1821 1128 quam
1858 1061 2311 1128 caeterorum,
2360 1068 2442 1112 eo
2470 1053 2643 1126 quod
2683 1050 2894 1109 liberis
2931 1048 3283 1122 stipulando

506 1153 728 1213 utilem
748 1152 912 1212 dotis
929 1153 1317 1225 repetendae
1329 1151 1646 1211 actionem
1659 1166 1975 1224 quaerere
1990 1155 2318 1226 poterant,
2341 1165 2492 1209 cum
2504 1143 2784 1223 alioquin
2795 1145 3279 1218 delegationibus

501 1249 628 1312 rite
649 1249 830 1309 factis
853 1249 1019 1309 hanc
1046 1245 1112 1308 in
1130 1265 1269 1308 rem
1291 1264 1455 1323 opus
1484 1254 1655 1308 esset
1678 1243 1779 1323 ²⁷).

1025 356 1176 399 PARS
1214 356 1368 398 sne.
1410 356 1525 398 Lm.
1566 356 1655 398 lv.
1695 355 1772 398 m:
1809 355 1963 398 JURB
1999 353 2328 398 nonnum
2365 354 2438 396 m·
2474 353 2793 395 wrmm.

1321 1500 1524 1575 5524.
1554 1500 1617 1575 d)
1645 1501 1813 1559 Dotis
1831 1498 2040 1579 petitio
2067 1497 2340 1576 quomodo
2364 1497 2493 1578 fiat.

589 1753 680 1811 Ad
702 1754 1212 1825 consequendam
1246 1754 1464 1813 dotem
1492 1770 1639 1813 cum
1677 1756 1830 1815 olim
1871 1760 1988 1813 aut
2015 1770 2092 1813 ex
2134 1751 2636 1828 promissionum
2667 1752 2889 1814 formis
2914 1750 2954 1822 ¹)
2982 1751 3276 1824 agendum

499 1858 673 1910 esset
686 1895 703 1922 ,
727 1859 841 1910 aut
857 1867 935 1911 ex
956 1854 1089 1925 lege
1102 1892 1121 1923 ,
1143 1854 1234 1912 rei
1260 1854 1517 1913 uxoriae
1537 1856 1802 1914 actione
1821 1851 1892 1929 ²),
1923 1855 2313 1913 iustinianus
2328 1853 2677 1925 constituit,
2702 1860 2777 1911 ut
2797 1853 3062 1911 omnino
3077 1852 3274 1909 dotem

516 1957 810 2022 petentes
828 1995 846 2018 ,
878 1954 1010 2013 sive
1039 1955 1412 2026 promissam
1433 1996 1452 2023 ,
1482 1951 1614 2014 sive
1637 1972 1779 2015 eam
1800 1997 1816 2026 ‚
1849 1971 2016 2029 quae
2048 1972 2122 2014 ex
2151 1958 2290 2029 lege
2319 1956 2659 2024 debeatur,
2686 1955 2859 2013 velut
2887 1969 2963 2012 ex
2982 1953 3268 2026 stipulatu

511 2043 771 2106 actione
811 2055 1187 2125 uterentur,
1229 2050 1291 2108 in
1339 2067 1532 2124 quam
1570 2053 1826 2124 quidem
1858 2053 2068 2111 bonae
2109 2048 2255 2111 fidei
2294 2053 2619 2110 actionum
2652 2045 2776 2108 vim
2805 2067 2882 2108 ac
2914 2055 3275 2123 potestatem

511 2144 791 2201 contulit
807 2141 883 2217 ὅ),
911 2129 1214 2218 adjuncta
1239 2147 1432 2205 etiam
1460 2147 1916 2220 hypothecaria
1945 2149 2201 2208 actione
2224 2144 2292 2222 ⁴).
2320 2152 2461 2207 Jam
2491 2163 2651 2224 vero
2676 2147 3010 2220 promissio
3040 2148 3123 2204 de
3143 2147 3275 2203 dote

516 2240 848 2302 inferenda
876 2244 1244 2319 simpliciter
1283 2253 1482 2320 atque
1515 2249 1598 2305 ab
1628 2263 1708 2308 eo
1740 2247 1911 2307 facta
1933 2292 1950 2323 ‚
1988 2250 2096 2321 qui
2138 2263 2274 2308 non
2316 2255 2414 2307 est
2454 2249 2771 2320 obligatus
2798 2243 2880 2304 ad
2907 2248 3271 2318 dotandum,

506 2355 772 2412 prorsus
793 2343 969 2400 nulla
999 2339 1216 2402 addita
1246 2344 1383 2417 lege
1408 2387 1424 2413 ,
1452 2347 1624 2428 unde
1660 2346 1828 2405 dotis
1857 2347 2179 2419 quantitas
2211 2342 2461 2405 definiri
2490 2352 2717 2418 queat,
2753 2345 2987 2403 nullius
3021 2351 3118 2404 est
3155 2358 3287 2432 mo-⁶

491 2437 700 2495 menti
727 2434 800 2511 ⁵).
833 2438 939 2497 Sin
965 2440 1230 2499 arbitrio
1271 2448 1385 2498 aut
1411 2443 1843 2514 promissoris,
1881 2450 1995 2501 aut
2036 2444 2197 2502 alius
2216 2487 2233 2513 ‚
2264 2458 2402 2501 rem
2444 2457 2584 2501 esse
2613 2441 3135 2501 committendam
3155 2442 3271 2514 pla-

504 2533 745 2605 cuerit,
775 2540 913 2592 tum
954 2530 1137 2593 simili
1167 2537 1418 2596 ratione
1455 2539 1538 2596 de
1567 2539 1731 2596 dotis
1779 2539 2136 2612 quantitate
2162 2539 2363 2613 judex
2401 2543 2685 2606 statuat,
2731 2544 2924 2611 atque
2952 2538 3017 2596 in
3047 2538 3118 2596 iis
3156 2535 3270 2593 lieri

508 2631 670 2688 solet
695 2632 982 2703 dotibus,
1005 2651 1174 2726 quae
1195 2651 1271 2694 ex
1303 2638 1546 2709 legibus
1572 2634 1827 2696 debitae
1848 2646 1996 2698 sunt
2023 2638 2105 2716 Β).
2138 2637 2429 2716 Quamvls
2452 2653 2609 2697 vero
2634 2633 2748 2711 ipsi
2777 2636 3038 2712 quidem
3062 2636 3269 2695 marito

506 2731 687 2789 nulla
713 2733 1012 2794 adversus
1038 2750 1218 2808 eum,
1250 2737 1355 2811 qui
1387 2744 1500 2796 aut
1526 2755 1607 2798 ex
1645 2737 1787 2811 lege
1824 2742 2047 2801 dotem
2075 2741 2355 2799 debetur
2383 2747 2497 2799 aut
2525 2737 2775 2797 mulieri
2808 2753 2953 2797 eam
2979 2732 3261 2812 promisit,

506 2835 885 2904 comparata
917 2838 1015 2889 est
1040 2831 1211 2891 actio
1243 2832 1318 2912 ⁷),
1346 2840 1594 2904 tamen,
1628 2835 1934 2909 quoniam
1974 2851 2093 2909 pro
2117 2835 2504 2896 matrimonii
2524 2835 2825 2895 oneribus
2854 2836 3040 2894 dotes
3059 2832 3265 2892 eonsti-

1916 3076 2007 3123 civ.
2030 3076 2267 3123 Abbandl.
2285 3088 2333 3136 p.
2357 3073 2451 3123 ⁴10
2469 3076 2764 3135 sq.-Aliter
2785 3074 3094 3143 Basilieorum
3113 3066 3265 3127 (TJV.

1918 3150 1969 3197 p.
1990 3137 2102 3185 350.
2118 3140 2169 3184 1..
2186 3136 2268 3185 ⁴0.
2292 3143 2341 3184 et
2362 3139 2520 3186 schol.
2547 3139 2580 3184 i.
2603 3152 2651 3196 p.
2676 3135 2795 3185 597.
2820 3138 2838 3195 )
2859 3139 3270 3201 auctoritatemje-

1918 3200 2018 3246 cuti
2042 3202 2286 3258 cujac-ius
2308 3202 2449 3259 (obs.
2472 3202 2531 3248 lv
2557 3233 2573 3258 ,
2595 3202 2676 3246 21.
2701 3202 2717 3255 )
2756 3201 2938 3257 aliique
2962 3201 2976 3252 (
3001 3208 3044 3243 v.
3064 3208 3107 3242 c.
3123 3189 3267 3241 cm&

1919 3263 2071 3309 Pand.
2093 3277 2142 3321 p.
2165 3260 2433 3310 129—154.
2458 3263 2508 3309 h.
2531 3264 2564 3309 l.
2586 3262 2892 3320 interpretati
2914 3266 3043 3306 suut.

1984 3323 2063 3383 26)
2089 3327 2134 3384 a)
2159 3327 2208 3375 L.
2239 3326 2318 3373 29.
2345 3339 2418 3385 pr.
2439 3327 2493 3372 D.
2517 3325 2613 3372 sol.
2639 3323 2938 3370 matrim.—·
2958 3324 3011 3368 L.
3031 3321 3081 3370 7.
3099 3320 3148 3366 C.
3164 3318 3214 3365 11.
3234 3319 3268 3363 1.

1917 3387 2031 3444 -b)
2055 3388 2106 3434 L.
2133 3387 2212 3436 12.
2238 3400 2313 3447 pr.
2337 3391 2392 3435 D.
2416 3388 2486 3434 de
2500 3390 2641 3444 pace.
2665 3386 2884 3434 dotatis.

1980 3447 2060 3506 27)
2080 3451 2131 3497 L.
2156 3450 2237 3498 23.
2263 3454 2319 3497 D.
2349 3451 2417 3498 de
2432 3454 2579 3506 pact.
2604 3450 2764 3496 dotat.
2802 3472 2859 3482 —-
2894 3449 2947 3493 L.
2987 3444 3064 3495 ⁴5.
3098 3448 3148 3492 D.
3177 3442 3269 3489 sol.

1920 3513 2145 3559 matrim.
2179 3538 2241 3548 -
2274 3515 2329 3560 L.
2356 3514 2400 3560 «l.
2423 3518 2473 3557 et
2493 3510 2542 3559 7.
2566 3516 2621 3561 C.
2655 3511 2723 3557 de
2741 3514 2889 3568 pact.
2906 3521 3062 3558 conv.
3083 3508 3154 3567 (V,
3180 3501 3270 3559 1⁴.)

1922 3575 2007 3633 (cf.
2030 3576 2058 3630 S
2080 3574 2191 3623 131.
2215 3581 2321 3624 not.
2341 3574 2454 3623 &et
2472 3576 2498 3630 S
2519 3573 2633 3623 352.
2656 3580 2761 3621 not.
2785 3574 2834 3621 Ξ.
2857 3578 2906 3619 et
2926 3572 3016 3629 8.).

2523 3700 2552 3754 S
2582 3696 2695 3748 52⁴.

1986 3823 2032 3881 1)
2059 3823 2167 3870 vid.
2184 3831 2289 3871 noi.
2315 3826 2363 3871 a.
2388 3828 2438 3870 et
2461 3825 2513 3869 1..
2537 3821 2587 3869 o.
2610 3825 2665 3871 e.
2681 3823 2756 3872 ae
2775 3823 2887 3870 dot.
2902 3833 3076 3879 prom.
3098 3815 3274 3878 (v‚1¹·)

1920 3886 2056 3932 ——CL
2075 3888 2249 3934 Hane
2272 3889 2308 3934 l.
2333 3889 2366 3933 l.
2392 3900 2441 3944 p.
2464 3883 2577 3932 29⁴.

557 3066 638 3128 24)
660 3072 712 3117 L.
737 3073 786 3119 3.
808 3077 858 3119 et
878 3071 927 3121 6.
947 3074 1001 3123 C.
1024 3075 1093 3123 de
1124 3080 1270 3134 pace.
1293 3083 1540 3125 convent.
1562 3081 1669 3124 tam
1691 3090 1858 3136 super

490 3132 617 3179 dole
635 3135 721 3179 rel.
747 3135 835 3194 (V,
861 3134 955 3193 ¹4.)
989 3162 1050 3171 —
1083 3139 1221 3195 Quod
1240 3141 1436 3198 quidem
1452 3140 1529 3197 ius
1548 3141 1769 3187 similiter
1793 3141 1855 3187 ad

491 3207 659 3242 omnes
678 3199 921 3254 pertinere
943 3201 1119 3259 aliquis
1150 3203 1310 3261 dicat,
1332 3209 1529 3261 propter
1563 3204 1614 3248 L.
1638 3203 1685 3250 2.
1711 3206 1765 3250 D.
1788 3204 1857 3249 de

485 3261 630 3314 pact.
652 3257 815 3308 dolel.
841 3262 1003 3319 (xxm
1020 3297 1035 3322 ,
1058 3260 1125 3320 4.)
1146 3266 1191 3320 (ιι
1212 3265 1260 3310 si
1284 3266 1562 3311 convenerit
1587 3273 1641 3312 ut
1660 3276 1857 3324 quoquo

489 3321 635 3366 modo
656 3323 941 3371 dissolutum
959 3326 1020 3373 sit
1039 3328 1405 3373 matrimonium
1421 3361 1436 3386 ‚
1460 3328 1624 3374 liberis
1645 3328 1855 3374 interve-

488 3383 754 3441 nientibus,
776 3385 862 3430 dos
895 3387 1024 3445 apud
1053 3389 1209 3436 virum
1234 3395 1542 3449 remaneret,
1562 3391 1855 3447 Papinianus

485 3444 700 3491 Juniano
741 3446 954 3493 Praetori
1007 3451 1291 3508 respondit,
1327 3457 1485 3497 morte
1517 3454 1681 3498 mariti
1715 3453 1857 3499 finito

486 3508 800 3553 matrimonio
815 3542 830 3567 ,
859 3521 1015 3568 neque
1036 3514 1317 3559 convenisse
1338 3514 1493 3560 videri
1513 3516 1675 3561 dotem
1695 3526 1857 3560 rema·

486 3578 602 3615 nere
625 3584 637 3614 ε
661 3572 714 3615 et
752 3569 800 3617 si
836 3573 1200 3637 convenisset,
1237 3587 1348 3621 non
1382 3587 1502 3623 esse
1532 3575 1858 3623 servandum

482 3634 695 3688 pactum
735 3636 927 3679 contra
954 3634 1157 3698 dotem,
1199 3649 1320 3684 cum
1352 3638 1530 3684 marite·
1561 3638 1862 3686 mortalitas

485 3692 818 3740 intervenit.»
836 3696 851 3752 )
872 3697 982 3744 lam
1004 3709 1117 3745 vero
1135 3705 1267 3746 recte
1289 3700 1520 3746 viderunt
1540 3701 1859 3748 Basilicornm

482 3762 705 3802 auctores
728 3758 803 3814 (T.
831 3759 908 3805 tv.
933 3772 982 3817 p.
1004 3757 1137 3817 686.)
1165 3796 1179 3816 ,
1209 3773 1269 3807 eo
1291 3763 1598 3820 potissimum
1621 3764 1859 3810 contineri

485 3816 631 3875 huius
672 3821 884 3877 responsi
924 3824 1164 3869 rationem
1184 3857 1199 3880 ,
1228 3826 1360 3882 quod
1375 3858 1389 3882 ,
1427 3826 1725 3871 mortalitate
1767 3827 1859 3873 viri

482 3880 835 3927 interveniente
857 3916 871 3940 ,
906 3886 1093 3932 exitum
1125 3885 1295 3932 haberi
1333 3893 1543 3944 nequeat
1563 3890 1821 3935 conventio
1839 3921 1856 3947 ‚

482 3954 582 4000 quo
603 3949 798 4001 pactum
820 3951 913 4001 est,
931 3953 986 3992 ut
1001 3947 1128 4006 apud
1148 3948 1328 4006 virum3
1349 3952 1509 3995 soluto
1525 3950 1858 4011 matrimonio,

482 4006 567 4051 dos
589 4011 1054 4057 remaneret.-—Vid.
1075 4015 1123 4057 et
1144 4016 1248 4056 not.
1273 4023 1373 4069 seq.

545 4066 623 4125 25)
635 4074 681 4122 a)
703 4071 814 4126 Arg.
841 4069 954 4117 1..7.
975 4084 1049 4130 pr.
1072 4075 1126 4119 D.
1146 4072 1215 4118 de
1233 4076 1375 4129 pact.
1396 4073 1505 4121 dol.
1527 4072 1672 4131 (infra
1690 4076 1717 4130 ς
1735 4072 1846 4123 547.

479 4135 583 4177 not.
608 4129 685 4178 14.
712 4132 729 4187 )
765 4156 824 4164 -
847 4134 1071 4192 Inprimis
1092 4139 1254 4181 autem
1276 4136 1489 4182 notanda
1513 4142 1587 4181 est
1617 4137 1753 4193 Legis
1772 4137 1854 4186 20.

478 4191 507 4245 S
529 4189 575 4238 1.
615 4195 668 4239 D.
694 4191 763 4239 de
790 4198 931 4251 pact.
969 4197 1079 4244 dot.
1103 4200 1119 4254 (
1141 4196 1246 4244 not!
1269 4195 1346 4245 18.
1370 4200 1388 4254 )
1410 4199 1751 4256 interpretatio
1770 4212 1852 4258 ap.

481 4254 671 4302 Basilio.
699 4254 859 4303 Schol.
887 4290 903 4316 ,
923 4270 1048 4315 quae
1068 4260 1134 4305 ita
1157 4259 1308 4307 babet
1343 4261 1359 4317 (
1384 4265 1493 4306 utor
1515 4266 1673 4307 tamen
1697 4262 1858 4309 verbis

480 4316 647 4362 latinis
659 4319 815 4375 iisque
828 4319 1152 4378 Fabrotianis)
1167 4338 1177 4367 :
1197 4340 1219 4361 κ
1232 4325 1402 4370 Pater
1413 4322 1554 4369 enlm
1565 4327 1857 4379 praesente

477 4381 533 4424 el
548 4380 912 4427 consentiente
928 4383 1044 4438 filia
1057 4386 1404 4441 paciscitur.»
1436 4409 1491 4418 -
1516 4386 1577 4442 b>
1616 4386 1669 4430 L.
1694 4383 1772 4431 19.
1801 4388 1854 4433 D.

476 4440 545 4486 de
562 4446 708 4498 pact.
732 4441 898 4491 dotat.
932 4445 1046 4501 (vid.
1082 4453 1130 4492 et
1160 4447 1325 4505 infra).
1365 4447 1466 4494 Cfr.
1484 4453 1534 4492 et
1556 4447 1691 4492 locus
1711 4458 1860 4494 vexa·

490 4502 685 4549 issimus
710 4507 765 4552 L.
783 4504 862 4552 40.
889 4508 943 4552 D.
967 4508 1065 4554 sol.
1094 4513 1250 4557 matr.
1300 4524 1326 4552 tt
1353 4511 1468 4556 Post
1497 4510 1666 4556 dotem
1688 4511 1859 4557 datam

480 4569 530 4609 et
558 4568 753 4623 nuptias
773 4574 1044 4616 contractas
1062 4573 1319 4627 stipulatus
1341 4577 1412 4618 est
1436 4577 1574 4629 pater
1601 4571 1618 4627 (
1641 4604 1657 4629 ,
1679 4572 1696 4629 )
1729 4571 1859 4619 filiae

475 4628 725 4677 voluntate
758 4646 784 4673 i»
805 4665 822 4688 ,
875 4630 986 4687 (al.
1031 4633 1227 4679 delend.
1260 4646 1364 4679 esse
1395 4638 1571 4693 putant
1603 4636 1860 4680 commatis

484 4690 712 4750 signum)
747 4708 773 4735 u
794 4693 1002 4740 divortio
1035 4696 1168 4741 facto
1198 4696 1364 4742 dotem
1403 4696 1510 4743 dari
1537 4711 1549 4741 ε
1574 4696 1611 4742 si
1642 4697 1861 4744 conditio

481 4752 1138 4813 stipulationisimpleatui·et
1160 4764 1321 4816 postea
1343 4758 1440 4804 filia
1464 4757 1567 4804 sine
1590 4758 1752 4805 liberis
1774 4760 1861 4806 de-

475 4816 704 4872 cesserit,
722 4828 820 4862 non
842 4819 936 4863 erit
955 4818 1287 4878 impediendus
1310 4826 1450 4878 pater
1465 4854 1480 4879 ‚
1501 4831 1600 4879 quo
1619 4821 1780 4868 minus
1800 4832 1861 4869 ex

476 4875 708 4934 stipulatu
740 4886 888 4938 agat5
923 4881 1028 4928 viva
1050 4887 1212 4928 autem
1244 4884 1344 4930 fllia
1380 4883 1419 4929 si
1459 4894 1603 4942 agere
1627 4885 1750 4938 vult,
1775 4895 1864 4930 ex·

481 4939 701 5001 ceptione
721 4942 1081 4991 submovendus
1112 4947 1222 4993 erit.
1237 4961 1263 4990 n
1311 4947 1375 4993 De
1397 4958 1495 5005 quo
1516 4946 1613 4995 vid.
1637 4945 1861 4995 Dii-luen

1981 3947 2030 4005 Ξ)
2065 3948 2173 3995 vid.
2208 3955 2313 3996 not.
2356 3960 2460 4007 seq.
2494 3972 2555 3981 —-·
2596 3946 2672 3996 Cf.
2721 3949 2775 3994 L.
2813 3946 2894 3996 19.
2931 3946 2988 3992 D.
3030 3943 3096 3992 de
3128 3944 3188 3990 tt.
3217 3942 3275 3987 Ν.

1919 4010 2106 4069 (xxiii,
2130 4010 2199 4068 2.)

1979 4070 2030 4129 ὅ)
2048 4072 2101 4117 L.
2127 4086 2192 4119 un
2238 4085 2312 4130 pr.
2348 4076 2396 4118 et
2417 4072 2443 4126 S
2463 4072 2508 4117 1.
2531 4070 2585 4118 C.
2620 4070 2790 4121 deret
2807 4084 2901 4120 ux.
2921 4073 3026 4118 act.
3049 4069 3067 4127 (
3087 4068 3145 4127 V,
3165 4065 3277 4121 13-)

1917 4157 1980 4167 -
2013 4131 2285 4190 §fialam
2318 4138 2421 4181 act.
3155 4191 3201 4202 ..

1980 4192 2028 4253 ⁴)
2055 4197 2104 4242 L.
2129 4209 2216 4244 un.
2241 4199 2267 4253 s
2291 4197 2334 4243 1.
2364 4197 2416 4242 C.
2442 4193 2509 4241 de
2528 4197 2612 4244 rei
2626 4210 2718 4245 ux.
2739 4201 2911 4246 σοι-
2933 4195 3041 4241 vid.
3069 4192 3283 4259 Basilici».

1918 4270 2031 4304 rum
2055 4259 2392 4318 interpretatio
2424 4259 2483 4304 Τ.
2510 4259 2588 4305 lv.
2629 4273 2679 4318 p.
2700 4259 2811 4309 542.
2853 4261 2880 4316 ς
2903 4261 2950 4306 1.
2974 4264 3024 4303 et
3048 4252 3282 4302 Theodosi

1920 4323 1980 4366 ad
2010 4319 2063 4365 h.
2088 4322 2123 4367 Ι.
2146 4322 2363 4368 scholion
2407 4332 2457 4378 p.
2477 4318 2588 4367 662.
2634 4329 2743 4371 not.
2769 4324 2819 4370 2.
2854 4347 2917 4357 —
2948 4320 3024 4368 Cf.
3058 4324 3107 4363 et
3129 4312 3280 4363 Glud'

1918 4382 2075 4430 Pand.
2102 4385 2243 4430 xxv.
2272 4396 2321 4441 p.
2347 4381 2457 4432 194.
2480 4388 2582 4430 not.
2607 4383 2688 4432 59.

1988 4442 2037 4501 5)
2059 4444 2112 4492 L.
2138 4445 2184 4492 1.
2206 4447 2259 4493 C.
2279 4446 2347 4493 de
2368 4446 2474 4492 dot.
2494 4457 2667 4502 prom.

1981 4504 2031 4565 6)
2054 4506 2108 4553 L.
2131 4506 2180 4555 5.
2205 4509 2258 4554 C.
2283 4508 2350 4555 de
2371 4507 2478 4555 dot.
2501 4520 2671 4563 prom.
2709 4535 2771 4545 -
2804 4512 2859 4557 L.
2880 4508 2963 4557 69.
2984 4511 3011 4565 ς
3031 4506 3076 4555 ⁴.
3095 4506 3151 4552 D.
3172 4501 3224 4574 ¹²:
3243 4499 3278 4547 t.

1923 4567 2091 4624 (L.60.
2114 4571 2270 4626 eod.).
2305 4595 2367 4604 —
2400 4572 2455 4618 J.
2483 4574 2541 4619 U.
2567 4575 2777 4630 Tappen
2818 4574 2899 4618 Pr.
2935 4574 2987 4620 Τ.
3034 4571 3088 4618 J.
3126 4568 3281 4612 Rem·

1923 4631 2089 4677 lim-dt
2114 4634 2171 4679 D.
2193 4633 2254 4677 de
2273 4633 2496 4680 remediis
2515 4638 2853 4682 emendandae
2867 4635 3087 4681 laesionis
3098 4640 3157 4674 ex
3175 4632 3282 4673 note

1924 4694 2023 4740 rel.
2050 4697 2212 4742 Goett.
2241 4693 2384 4742 1741.
2409 4697 2460 4744 S.
2484 4700 2523 4745 1.
2562 4720 2619 4732 —-
2645 4692 3104 4751 Hassel.l.3105.
3123 4701 3173 4747 p.
3196 4687 3281 4735 368

1922 4768 2032 4814 sqq.
2058 4781 2113 4790 —
2136 4756 2209 4804 cf.
2235 4763 2284 4803 et
2306 4757 2373 4803 de
2395 4759 2741 4819 Tiqerstroem
2764 4762 2798 4806 Ι.
2822 4760 2856 4805 1.
2879 4771 2930 4817 p.
2949 4750 3281 4805 177-tsfi.-

1925 4820 1999 4864 Cf.
2035 4824 2085 4865 et
2117 4821 2170 4868 L.
2194 4818 2243 4867 6.
2276 4820 2303 4875 S
2332 4820 2381 4867 2.
2407 4823 2461 4868 1).
2483 4821 2537 4868 Ιι.
2563 4826 2601 4869 e.
2628 4826 2678 4868 et
2698 4823 2753 4869 L.
2779 4834 2866 4869 un.
2888 4824 2943 4869 C.
2964 4821 3015 4869 si
3034 4818 3156 4869 adv·
3176 4814 3279 4863 do!-

1918 4880 2003 4937 (ll,
2018 4879 2119 4938 54.)

1987 4941 2035 4999 7)
2059 4946 2265 4993 Dissent.
2290 4943 2357 4993 de
2381 4946 2718 5006 therstmem
2738 4958 2788 5005 p.
2804 4943 2914 4994 151.
