3544 5506
495 322 607 381 620
1176 335 1349 376 rans.
1388 334 1544 377 ωηο.
1585 334 1704 376 ua.
1745 333 1810 376 V.
1853 333 1928 375 nn
1962 332 2397 377 manium
2434 333 2613 377 suna.

491 455 880 507 testamento
898 444 963 513 ⁵).
984 444 1120 507 Nec
1139 449 1336 519 magis
1353 463 1430 507 ea
1452 448 1715 522 adjuvat
1738 448 2060 507 testatoris
2075 449 2467 507 voluntatem
2492 450 2841 522 eiusmodi,
2861 464 3061 524 quam
3083 449 3289 507 adbuc

487 545 930 619 imperfectam
957 544 1059 602 ille
1083 539 1337 616 reliquit
1358 537 1428 617 6).
1453 544 1696 602 Utilitas
1716 544 1907 615 igitur
1925 546 2251 602 clausulae
2277 544 2343 602 in
2371 545 2542 604 bisce
2572 553 2840 619 apparet
2869 547 3285 613 testamentis,

484 660 652 718 quae
670 646 768 702 vel
793 659 925 702 non
949 642 1090 721 jure
1114 643 1277 701 l'acta
1308 650 1455 700 sunt
1467 640 1537 716 7),
1560 644 1658 701 vel
1681 643 1933 701 heredis
1960 643 2355 702 institutione
2377 651 2602 703 carent
2628 642 2702 719 ⁸),
2734 648 2837 705 vel
2861 645 3290 704 destituuntur

482 746 565 802 ab
595 744 832 801 herede
857 740 933 817 9).
960 745 1231 817 Ejusque
1260 744 1419 801 haec
1451 745 1834 816 plerumque
1858 749 1955 801 est
1982 745 2077 801 vis
2099 786 2117 817 ‚
2157 751 2232 801 ut
2263 728 2487 803 similia
2524 745 2682 802 flant
2709 750 3094 803 testamenta
3120 744 3288 803 codi-

482 841 773 899 cillorum
797 840 878 896 ab
897 840 1197 897 intestato
1221 839 1267 913 (5
1294 839 1438 899 685.
1459 845 1595 898 not.
1619 838 1770 911 12),
1799 845 2257 912 praeterquam
2281 841 2331 898 si
2357 841 2530 913 prius
2547 842 2744 900 etiam
2765 842 3013 900 fecerat
3027 847 3290 900 testator

480 944 933 997 testamentum
956 981 974 1012 ,
1020 933 1214 1010 idque
1242 939 1373 996 tale
1394 981 1412 1012 ,
1451 939 1622 1009 quod
1667 944 1932 1011 ruptum
1965 953 2126 1011 esse,
2149 938 2274 997 dici
2304 942 2527 1012 nequit
2564 947 2677 998 aut
2706 941 3069 1012 posteriore
3108 946 3289 998 testa·

478 1046 698 1097 mento
714 1079 730 1106 ‚
755 1044 868 1097 aut
887 1038 1012 1096 alio
1032 1039 1228 1096 modo
1246 1078 1263 1099 .
1295 1053 1426 1110 quo
1451 1045 1842 1111 rumpuntur
1864 1039 2125 1096 ultimae
2146 1039 2478 1097 hominum
2508 1041 2874 1098 voluntates
2895 1056 2912 1113 ;
2938 1045 3077 1096 tum
3098 1035 3285 1107 enim,

483 1136 591 1208 qui
621 1136 836 1208 priore
861 1130 1184 1192 institutus
1212 1141 1307 1191 est
1337 1134 1521 1191 heres
1540 1177 1557 1209 ,
1595 1140 1856 1205 rogatus
1884 1148 2023 1192 esse
2053 1141 2388 1204 censetur,
2416 1142 2489 1192 ut
2513 1141 2846 1207 tamquam
2873 1150 2950 1192 ex
2974 1130 3290 1193 fideicom-

480 1235 673 1294 misso
704 1241 770 1293 et
805 1235 1225 1307 posteriorem
1257 1236 1519 1306 impleat
1545 1234 1874 1293 testatoris
1902 1236 2298 1294 voluntatem
2328 1231 2427 1308 ¹⁰).
2471 1239 2807 1294 Caeterum
2836 1234 3082 1292 nemini
3112 1235 3282 1305 licet,

480 1337 816 1403 postquam
849 1329 1083 1388 frustra
1116 1331 1286 1402 apud
1312 1329 1597 1402 judicem
1627 1326 1754 1401 egit
1790 1336 2120 1402 tamquam
2165 1346 2240 1388 ex
2276 1337 2663 1391 testamento
2695 1330 3026 1405 perfecto,
3067 1332 3288 1388 deinde

478 1430 668 1491 etiam
697 1430 1041 1501 confugere
1062 1429 1141 1486 ad
1174 1429 1635 1488 fideicommissi
1659 1431 2012 1489 clausulam
2031 1472 2049 1499 ‚
2077 1439 2530 1505 praeterquam
2557 1432 2930 1504 parentibus
2958 1431 3287 1503 utriusque

488 1540 674 1585 sexus
694 1568 711 1599 ,
743 1531 881 1584 tum
917 1521 1164 1591 liberis,
1196 1526 1303 1599 qui
1341 1540 1543 1598 usque
1574 1527 1651 1583 ad
1695 1532 1998 1598 quartum
2031 1528 2299 1598 gradum
2344 1528 2700 1599 agnationis
2724 1529 2828 1586 vel
2854 1528 3124 1586 tertium
3147 1543 3286 1599 gra-

485 1627 639 1684 dum
663 1620 1061 1697 cognationis
1088 1625 1344 1684 vinculo
1373 1625 1697 1698 conjuncti
1722 1631 1873 1684 sunt
1895 1627 2186 1685 testatori
2215 1623 2307 1699 ¹¹).
2636 1616 2637 1625 ’

478 1828 504 1898 §
539 1822 681 1884 687.
714 1820 778 1895 Β)
797 1820 995 1882 Minus
1023 1820 1357 1881 solemnium
1371 1828 1838 1882 testamentorum
1849 1821 2077 1899 species,
2104 1835 2248 1899 quae
2268 1819 2559 1898 sinqulari
2570 1819 2710 1897 jure
2732 1819 2908 1900 fiunt.
2946 1820 3005 1896 1)
3030 1820 3284 1882 Militare

1626 1916 2141 1994 testanwntum(*).

561 2114 849 2174 Militibus
866 2161 884 2189 ‚
910 2115 1018 2187 qui
1048 2110 1304 2188 quidem
1330 2115 1475 2173 etin
1505 2130 1847 2173 numerum
1872 2114 2060 2172 relati
2085 2119 2232 2172 sunt
2255 2114 2275 2190 (
2289 2121 2315 2193 ᾗ
2338 2115 2483 2175 188.
2517 2121 2656 2173 not.
2687 2113 2820 2187 4.),
2852 2120 2922 2172 et
2947 2120 3283 2172 testamen·

480 2209 807 2270 til'actione
830 2212 1111 2284 gaudent
1140 2208 1209 2286 ¹),
1239 2219 1303 2270 et
1331 2212 1396 2268 in
1420 2212 1641 2270 castris
1670 2217 1866 2284 atque
1894 2205 2298 2283 expeditione
2326 2216 2667 2269 versantur
2694 2205 2761 2283 ²),
2789 2217 2896 2277 ut3
2928 2210 3280 2283 quomodo-

483 2323 742 2381 cunque
762 2309 961 2366 velint
1003 2316 1117 2366 aut
1158 2309 1431 2380 possint.
1476 2314 1863 2365 testamenta
1902 2306 2173 2375 saciant,
2208 2322 2582 2366 concessum
2604 2313 2701 2365 est
2723 2303 2792 2379 ³).
2829 2307 3033 2377 Igitur
3056 2306 3115 2377 1)
3134 2306 3278 2379 juris

486 2408 891 2466 solemnitate
941 2409 1116 2466 nulla
1165 2423 1329 2480 opus
1367 2414 1462 2464 est
1504 2404 1573 2482 ⁴),
1618 2408 1970 2465 dummodo
2017 2407 2322 2479 scriptum
2365 2408 2625 2480 aliquod
2666 2412 2926 2464 exstare
2975 2407 3279 2464 dictumve

481 2503 727 2581 militis,
775 2510 949 2581 quod
998 2508 1363 2567 testamenti
1413 2508 1558 2566 loco
1610 2508 1726 2575 sit,
1784 2509 2124 2581 probetur,
2167 2508 2359 2580 idque
2389 2524 2427 2565 a
2467 2513 2651 2564 certo
2698 2505 3033 2563 testatoris
3053 2500 3277 2578 judicio

481 2603 841 2675 profectum
881 2619 1017 2662 esse
1067 2610 1378 2675 appareat
1422 2599 1489 2674 ⁵).
1546 2604 1605 2668 2)
1648 2607 1862 2662 Potest
1907 2604 2289 2676 plerumque
2335 2603 2513 2660 miles
2557 2617 2669 2661 eos
2711 2616 2977 2674 quoque
3027 2600 3275 2658 heredes

478 2698 808 2758 instituere
823 2745 840 2771 ‚
865 2700 1244 2773 quibuscum
1269 2714 1401 2757 non
1422 2700 1582 2758 solet
1600 2715 1737 2759 esse
1760 2699 2321 2764 testamentit‘actio
2344 2695 2413 2773 ⁶).
2437 2697 2498 2773 5)
2520 2697 2680 2756 Nibil
2708 2706 2906 2757 nocet
2927 2695 3265 2757 testamenti

478 2791 750 2870 viribus,
801 2795 975 2868 quod
1001 2797 1246 2853 nullam
1273 2796 1455 2853 miles
1491 2799 2001 2856 necessariorum
2028 2798 2338 2854 heredum
2382 2797 2700 2854 rationem
2741 2796 3035 2854 habuerit
3054 2835 3071 2856 .
3095 2795 3258 2850 dum·

478 2886 794 2950 modoille
817 2906 947 2950 non
974 2888 1233 2962 ignarus
1258 2907 1483 2950 eorum
1512 2890 1704 2950 suerit
1730 2890 1802 2969 7).
1830 2890 1890 2969 h)
1920 2887 2348 2951 Hereditatem
2381 2898 2560 2949 recte
2591 2891 2782 2949 etiam
2806 2889 3099 2952 codicillis
3122 2889 3253 2958 dat,

473 3131 564 3165 nec
583 3119 641 3165 iis
661 3131 852 3177 semper
874 3129 972 3167 uno
990 3123 1134 3167 modo
1153 3122 1503 3168 videtum—ct.
1525 3123 1582 3168 J.
1603 3123 1668 3167 A.
1691 3122 1832 3168 Heu·
1894 3120 2011 3178 (vid.
2033 3122 2060 3174 S
2081 3118 2193 3167 640.
2222 3125 2327 3167 not.
2355 3117 2416 3165 12
2438 3120 2473 3176 ).
2515 3142 2575 3153 ·-
2605 3118 2656 3175 d)
2702 3120 2755 3165 L.
2799 3118 2886 3166 22.
2927 3117 3011 3166 25.
3049 3121 3101 3165 D.
3138 3117 3186 3162 Ιι.
3228 3119 3264 3160 t.

461 3181 579 3236 feld
598 3184 658 3228 ‹le
680 3182 853 3228 effectu
876 3186 1062 3229 cl.co‹t.
1078 3186 1536 3242 testamento,quod
1559 3188 1832 3243 rumpitur,
1959 3185 2008 3240 2)
2044 3185 2123 3229 Pr.
2148 3185 2183 3229 1.
2211 3183 2262 3227 L.
2283 3180 2362 3228 17.
2384 3182 2440 3227 C.
2460 3181 2515 3227 Ιι.
2537 3185 2577 3226 1.
2604 3205 2667 3213 --
2686 3181 2800 3228 Not.
2826 3183 2921 3228 -Ο,
2945 3183 3073 3227 Max.
3108 3183 3142 3226 l.
3171 3178 3268 3225 Tit.

472 3245 692 3298 adjectae
711 3244 892 3302 (opusc.
919 3247 997 3291 Nr.
1024 3247 1205 3302 xvlll.)
1243 3250 1269 3302 ς
1288 3244 1368 3292 26.
1411 3252 1460 3290 et
1497 3249 1523 3303 s
1544 3245 1608 3293 35
1626 3259 1733 3305 sqq.
1775 3272 1832 3282 —
1897 3258 1992 3291 von
2013 3246 2145 3291 Test.
2164 3246 2190 3300 3
2209 3246 2261 3291 2.
2279 3246 2328 3291 in
2351 3243 2530 3290 r.-ct.
2544 3242 2824 3301 Hoepfnee·
2839 3239 3271 3297 CommentSffl.

481 3307 743 3353 Taua-ltere
763 3309 794 3352 l.
821 3309 853 3353 l.
876 3319 920 3353 c.
939 3306 986 3353 5.
1010 3305 1060 3354 7.
1085 3307 1234 3354 10.-
1258 3308 1432 3355 Sieltel
1451 3309 1483 3353 l.
1510 3310 1542 3355 l.
1569 3307 1661 3363 39.
1690 3311 1837 3358 10.--
1900 3315 1951 3354 et
1969 3305 2093 3354 459.

471 3368 724 3416 Auctoris
741 3371 928 3416 contin.
949 3370 1132 3417 XXXV.
1156 3383 1201 3427 p.
1228 3367 1506 3416 565—575.
1961 3368 2013 3427 ὃ)
2048 3372 2100 3416 L.
2128 3371 2172 3415 1.
2196 3381 2269 3427 pr.
2290 3369 2345 3415 in
2370 3369 2407 3414 t.
2431 3369 2486 3413 D.
2511 3367 2562 3413 Ιι.
2589 3371 2633 3413 t.
2654 3391 2716 3402 -·
2735 3369 2815 3414 Pr.
2838 3373 2892 3413 et
2913 3369 2940 3423 ς
2961 3368 3011 3414 1.
3037 3369 3072 3414 l.
3096 3364 3271 3413 eod.—

538 3429 587 3488 5)
610 3431 753 3488 521.
777 3431 829 3476 Ιι.
857 3434 958 3477 1.-
983 3432 1033 3476 L.
1054 3430 1129 3477 15.
1152 3434 1178 3488 ς
1200 3432 1249 3477 1.
1274 3435 1326 3479 D.
1352 3433 1403 3479 Ιι.
1428 3436 1467 3480 t.
1494 3457 1553 3467 —
1575 3433 1650 3479 Cf.
1677 3434 1729 3482 1..
1753 3435 1837 3484 76.
1905 3433 2098 3488 (Vid.et
2122 3432 2172 3478 L.
2198 3430 2271 3478 19.
2298 3432 2353 3476 C.
2373 3429 2440 3476 de
2471 3431 2645 3486 pactis
2670 3430 2753 3484 (lt.
2797 3432 2869 3488 5.)
2893 3443 2907 3490 ;
2932 3442 3078 3486 supra
3119 3424 3268 3484 36¹7.

476 3495 530 3539 D.
557 3491 633 3538 ad
649 3494 761 3539 See.
792 3494 941 3541 Treb.
966 3495 1192 3552 (xxxvl,
1213 3496 1279 3549 1.)
1905 3500 2009 3540 not.
2034 3493 2085 3541 4.
2110 3496 2156 3539 ie
2182 3494 2239 3551 f.)
2263 3494 2329 3538 De
2347 3499 2645 3539 testamento
2668 3497 2784 3537 ante
2808 3495 3039 3539 militiam
3062 3492 3187 3537 tacto
3206 3488 3267 3535 cf.

535 3553 584 3612 6)
606 3554 757 3601 Ι..29.
780 3567 854 3613 pr.
880 3559 934 3602 D.
954 3555 1309 3614 quilechfae.
1337 3558 1452 3604 -1..
1476 3555 1555 3605 11.
1577 3558 1604 3612 S
1626 3557 1672 3603 1.
1697 3561 1749 3605 D.
1776 3560 1842 3607 de
1906 3557 1958 3602 1..
1979 3556 2028 3603 9.
2056 3560 2082 3612 S
2106 3555 2151 3602 1.
2175 3557 2227 3601 L.
2250 3553 2332 3600 15.
2358 3556 2384 3610 ς
2407 3555 2456 3600 2.
2501 3557 2551 3600 L.
2575 3554 2657 3601 20.
2684 3554 2710 3608 ς
2733 3555 2782 3601 1.
2823 3552 2980 3601 1423.
3009 3557 3063 3599 D.
3085 3553 3192 3600 lat.
3214 3574 3273 3584 -

471 3617 569 3674 leq.
595 3617 811 3663 llL—Cl‘.
834 3618 1108 3679 Schultz'nq
1129 3620 1189 3665 ad
1211 3619 1260 3664 b.
1291 3621 1324 3665 l.
1348 3622 1397 3667 in
1416 3626 1519 3666 not.
1537 3619 1598 3664 ad
1625 3620 1729 3679 Dig.
1758 3625 1840 3669 ed.
1905 3622 1931 3676 s
1949 3616 1997 3664 4.
2023 3619 2060 3664 l.
2083 3617 2376 3666 eod.—Vid.
2398 3616 2634 3663 Vtuntur
2652 3618 2714 3664 ad
2738 3618 2764 3670 ς
2784 3613 2836 3663 4.
2862 3620 2900 3664 1.
2921 3617 2973 3663 Ιι.
2996 3619 3036 3662 t.
3304 3633 3315 3642 ·

471 3677 755 3725 smaltenb.
779 3680 838 3725 Τ.
861 3682 917 3727 v.
941 3693 989 3739 p.
1014 3680 1289 3728 29li.—Nec
1306 3684 1553 3730 contraria
1573 3688 1648 3729 est
1669 3687 1722 3730 l..
1742 3686 1839 3732 ult.
1966 3677 2016 3736 ⁴)
2039 3683 2091 3727 L·
2117 3677 2193 3727 ¹5·
2218 3681 2269 3726 C·
2295 3680 2349 3725 '⁸-
2373 3681 2414 3726 ἰ·
2439 3680 2524 3735 (Ch
2548 3684 2653 3724 ¹¹⁰²·
2676 3676 3209 3736 ⁸0⁴l·)·-H⁰2wa¹·
3234 3677 3269 3721 Ι·

470 3743 498 3796 s
520 3743 566 3787 1.
590 3741 643 3787 C.
664 3741 717 3787 Ιι.
744 3743 780 3786 Ι.
804 3743 892 3800 (cl'.
917 3748 1022 3789 not.
1046 3742 1138 3800 8.).
1884 3745 1929 3798 'S
1946 3740 2060 3790 455.
2090 3765 2145 3777 --
2170 3744 2358 3789 caeter.
2382 3742 2480 3787 vid.
2505 3742 2705 3788 Non-O.
2727 3742 2761 3787 l.
2788 3745 2821 3788 l.
2849 3741 2876 3795 ς
2898 3743 2947 3786 2.
2970 3745 3021 3786 in
3041 3741 3076 3788 f.
3104 3756 3117 3786 ε
3146 3756 3167 3776 ι
3184 3750 3271 3783 von

530 3801 581 3852 7)
636 3804 710 3850 Cf.
753 3805 805 3850 L.
851 3805 895 3852 1.
950 3808 1006 3852 D.
1065 3807 1134 3852 de
1183 3805 1279 3864 δη).
1334 3809 1492 3864 rupto
1546 3805 1643 3855 lrr.
1712 3813 1835 3856 test.
1902 3805 2117 3859 Rittern,
2139 3804 2218 3853 die
2240 3816 2302 3850 zu
2329 3804 2437 3850 Feld
2466 3805 2567 3850 und
2611 3802 2737 3849 docb
2761 3802 2902 3850 nicht
2923 3807 2993 3849 im
3015 3803 3161 3849 Streit
3178 3805 3273 3845 vn·

469 3863 777 3924 (xxvlll‚5.)
1901 3877 2022 3924 ren,
2045 3867 2173 3914 wird
2213 3867 2347 3913 solch
2385 3866 2570 3912 Anzabl
2614 3866 2811 3923 Zeugen
2836 3866 3176 3923 nacbgelassen
3196 3862 3272 3908 δῖε

538 3924 587 3982 8)
609 3930 659 3974 L.
684 3929 776 3972 ult.
802 3930 827 3985 S
850 3931 896 3976 1.
924 3931 978 3976 C.
997 3929 1049 3975 Ιι.
1076 3933 1113 3976 t.
1900 3928 2008 3984 auf
2032 3939 2214 3977 xween
2234 3943 2255 3974 .·
2278 3931 2397 3975 aber
2431 3929 2511 3973 die
2547 3929 2702 3973 {litter
2720 3962 2735 3984 ‚
2761 3930 2843 3974 die
2882 3929 2932 3972 in
2973 3927 3173 3983 Uebung
3192 3926 3269 3968 des

536 3986 589 4046 9)
609 3993 717 4047 Arg.
738 3990 790 4037 L.
815 3989 864 4038 6.
906 4003 982 4050 pr.
1028 3993 1082 4037 D.
1124 3991 1173 4038 sl
1193 3992 1315 4049 quis
1338 3993 1515 4040 omiss.
1541 4006 1695 4043 caus.
1719 3999 1836 4043 teet.
1901 3992 2079 4038 Streits
2100 3992 2229 4046 sind,
2251 3997 2428 4048 mugen
2454 3989 2532 4035 ihr
2552 3990 2841 4036 Testament
2859 3990 2965 4036 obn
2986 3992 3083 4036 alle
3106 3990 3270 4034 Solen·

471 4053 656 4108 (xxix,
680 4049 749 4098 4.›
776 4053 859 4111 (cf.
881 4051 1031 4108 3685.
1056 4059 1160 4099 not.
1186 4055 1305 4112 12).
1902 4055 2031 4100 uitat
2046 4058 2167 4102 oder
2188 4055 2353 4108 Form,
2373 4055 2468 4099 wie
2490 4053 2560 4097 sie
2583 4054 2787 4099 wellen.

535 4113 611 4169 10)
633 4116 742 4162 vid.
765 4115 998 4170 Hellfeld
1020 4117 1054 4161 l.
1082 4118 1114 4160 l.
1135 4118 1160 4170 S
1180 4114 1261 4162 54.
1963 4114 2013 4172 5)
2038 4117 2091 4162 L.
2110 4117 2189 4164 24.
2211 4116 2261 4162 L.
2282 4114 2365 4164 40.
2393 4127 2467 4173 pr.
2491 4116 2543 4159 D.
2569 4114 2623 4159 Ιι.
2642 4116 2776 4169 1.--8
2801 4112 2850 4161 1.
2877 4115 2917 4160 l.
2942 4113 3066 4161 eod.

532 4176 611 4233 11)
635 4178 688 4222 L.
715 4178 803 4224 ult.
825 4189 900 4235 pr.
927 4180 953 4233 S
973 4181 1020 4225 1.
1054 4182 1102 4223 et
1123 4179 1171 4225 2.
1195 4181 1248 4224 C.
1274 4180 1328 4226 Ιι.
1353 4183 1392 4228 t.
1417 4205 1477 4215 —
1512 4181 1589 4227 Cf.
1611 4180 1840 4238 Seufferl
1964 4176 2014 4227 6)
2037 4180 2112 4225 ct.
2137 4189 2278 4236 supra
2298 4175 2450 4232 5642.
2473 4188 2547 4221 nr.
2571 4177 2617 4220 2.
2642 4178 2693 4222 5.

470 4239 504 4283 l.
532 4239 567 4284 l.
592 4251 642 4297 p.
663 4237 695 4285 ὅ
715 4251 820 4298 sqq.
844 4241 943 4296 (Nr.
966 4243 1023 4298 l.)
1962 4238 2011 4296 7)
2037 4244 2064 4297 ς
2088 4241 2136 4288 6.
2163 4244 2197 4288 l.
2222 4240 2291 4286 de
2313 4240 2501 4286 earlier.
2524 4236 2678 4284 lio.-
2702 4239 2754 4284 Ι..
2780 4238 2861 4283 12.
2881 4250 2959 4296 pr.
2984 4239 3039 4284 L.
3064 4234 3141 4284 47.
3163 4237 3210 4280 in
3232 4235 3269 4280 f.

1902 4303 1956 4348 D.
1980 4302 2052 4349 de
2071 4304 2190 4350 bon.
2212 4303 2380 4349 libert.
2405 4301 2654 4356 (xxxviii
2682 4333 2698 4358 ‚
2718 4300 2790 4356 2.)
2814 4324 2869 4333 —
2894 4302 2949 4346 L.
2975 4299 3025 4346 9.
3053 4306 3104 4344 et
3123 4297 3195 4342 1⁰.
3214 4298 3268 4342 C.

1062 4368 1088 4422 S
1120 4363 1232 4413 687.
1900 4363 1952 4410 lt.
1978 4367 2142 4414 1.—L.
2167 4365 2214 4412 7.
2239 4366 2289 4410 L.
2313 4362 2363 4410 8.
2388 4364 2442 4410 L.
2458 4360 2539 4409 56.
2560 4363 2649 4415 32.
2672 4364 2729 4409 D.
2748 4362 2872 4408 eod.
2894 4388 2957 4396 —
2980 4365 3035 4408 L.
3057 4362 3137 4407 50.
3155 4358 3268 4405 eod.

1899 4429 2017 4472 —1..
2040 4428 2122 4476 27.
2148 4429 2240 4484 §2-
2266 4429 2318 4472 D.
2343 4427 2398 4472 L.
2416 4424 2467 4472 9.
2491 4426 2541 4471 C.
2567 4424 2638 4471 de
2659 4424 2812 4480 inoff.
2840 4427 2963 4471 test.
2983 4424 3089 4480 illl,
3114 4420 3271 4474 28.)-

529 4486 586 4540 (“)
620 4487 739 4533 lnst.
760 4488 842 4543 (ll,
859 4487 960 4544 11.)
977 4486 1044 4533 de
1068 4487 1284 4536 militari
1301 4489 1700 4538 oeslamen10.—
1721 4492 1829 4548 Dig.
1898 4489 2103 4546 Quodsi,
2121 4493 2202 4551 qui
2228 4493 2453 4542 testatur,
2475 4487 2611 4532 miles
2635 4498 2732 4532 non
2752 4491 2816 4532 sit
2838 4521 2853 4542 ‚
2877 4499 2928 4533 m
2950 4486 3271 4533 castrensibus

465 4549 647 4607 (xxix,
674 4548 741 4605 1.)
762 4557 809 4595 et
829 4549 946 4596 Cod.
973 4551 1088 4608 (Vl,
1107 4550 1207 4609 ΩΙ.)
1230 4551 1297 4598 de
1334 4554 1654 4600 testamento
1694 4554 1830 4601 mill·
1891 4552 2092 4608 quidem
2116 4556 2251 4601 bonis
2272 4552 2401 4596 idem
2418 4561 2513 4596 nou
2535 4547 2686 4594 babet
2709 4551 3053 4608 privilegium,
3072 4550 3121 4593 in
3139 4544 3272 4604 quasi

466 4609 590 4655 tari.
1890 4617 2217 4662 castrensibus
2237 4614 2381 4660 babet
2405 4647 2420 4671 ‚
2459 4616 2809 4671 praeterquam
2851 4615 2890 4658 si
2931 4615 3142 4657 clericus
3179 4603 3269 4654 sit!

527 4670 573 4727 1)
607 4672 684 4716 Pr.
707 4673 743 4717 1.
765 4671 910 4730 quib.
936 4684 1043 4719 non
1063 4685 1229 4728 perm.
1266 4672 1377 4727 sac.
1402 4680 1522 4721 test.
1547 4701 1609 4710 —-
1631 4678 1823 4723 caeter.
1890 4674 2005 4729 Οἱς
2027 4676 2078 4723 6.
2109 4680 2145 4725 l.
2167 4677 2233 4724 de
2255 4675 2442 4722 exher.
2465 4673 2678 4721 liberor.
2718 4698 2775 4706 —
2812 4677 2866 4721 L.
2894 4671 2977 4718 17.
3000 4675 3057 4720 C.
3078 4672 3128 4717 Ιι.
3151 4674 3185 4716 t.
3212 4692 3265 4701 ·-

462 4732 562 4776 vid.
587 4741 632 4787 a)
651 4735 677 4787 S
695 4732 742 4778 ὃ.
770 4735 806 4779 l.
833 4736 884 4780 1..
906 4733 954 4781 4.
979 4738 1035 4783 D.
1058 4737 1110 4781 Ιι.
1133 4738 1173 4783 t.
1203 4762 1255 4769 —
1284 4738 1358 4782 Cr.
1382 4739 1408 4792 S
1426 4737 1537 4785 640.
1562 4745 1665 4785 not.
1694 4736 1742 4785 4.
1768 4764 1826 4773 -
1891 4738 1943 4782 L.
1963 4737 2045 4784 57.
2070 4741 2122 4785 C.
2145 4739 2211 4785 de
2229 4738 2377 4793 inoff.
2414 4740 2533 4784 lese.
2560 4760 2622 4769 --
2666 4738 2806 4791 Quod
2829 4737 3033 4794 quidem
3066 4736 3155 4790 jus
3173 4733 3261 4778 No-

463 4794 513 4848 b)
538 4796 592 4837 L.
619 4793 695 4839 11.
720 4806 792 4851 pr.
821 4797 872 4842 D.
898 4796 949 4843 Ιι.
974 4802 1078 4843 2.-
1105 4800 1157 4843 1..
1178 4800 1258 4844 52.
1285 4801 1311 4854 S
1334 4798 1381 4845 8.
1405 4802 1459 4846 D.
1483 4801 1553 4848 de
1569 4802 1697 4847 don.
1721 4802 1823 4849 int.
1891 4801 2017 4846 vella
2039 4799 2152 4849 115.
2179 4802 2423 4847 sublatum
2445 4811 2550 4845 esse
2565 4798 2846 4846 videtur.—-
2868 4798 2947 4845 Cf.
2976 4795 3266 4845 Waoemer

462 4856 614 4926 V.·et
639 4857 700 4901 U.
723 4857 905 4913 (XXlV,
921 4861 940 4903 1
955 4859 1113 4914 .)-Αι
1129 4860 1208 4906 hic
1230 4872 1423 4920 quoque
1445 4862 1508 4909 cf.
1530 4866 1659 4922 quod
1680 4875 1826 4920 supra
1893 4861 1943 4906 in
1963 4863 2265 4919 ephemerid.
2310 4863 2436 4907 Tul».
2478 4864 2513 4910 l.
2556 4876 2607 4922 p.
2636 4862 2712 4908 11.
2739 4867 2789 4908 et
2811 4860 3070 4909 Auctoris
3086 4858 3261 4906 contin.

460 4919 701 4975 scriptum
720 4925 793 4965 est
814 4921 840 4975 5
861 4918 973 4967 040.
999 4928 1102 4969 not.
1128 4925 1236 4969 9.-
1254 4920 1304 4982 c)
1339 4926 1386 4970 t..
1413 4926 1490 4971 11.
1516 4927 1543 4979 5
1562 4927 1608 4972 1.
1633 4928 1686 4973 n.
1711 4925 1761 4971 Ιι.
1789 4932 1826 4971 e.
1894 4924 2079 4972 xxxv.
2108 4940 2156 4985 p.
2181 4919 2447 4973 195-219.
