3544 5506
1178 381 1309 422 cn.
1351 381 1423 423 11.
1465 381 1543 423 DE
1578 383 1807 425 ‘ruunt
1845 384 1917 425 m·
1956 384 2148 427 cunA.
2218 397 2221 401 “
2963 378 3067 434 831

263 495 581 548 nostrates
599 494 833 548 vocant
853 531 870 564 ,
895 488 1395 565 haudquaquam
1426 493 1635 551 aliena
1673 501 1769 553 est
1802 511 1839 551 a
1881 501 2319 556 Romanorum
2353 498 2644 557 moribus
2664 507 2863 574 atque
2889 504 3071 562 insti-

260 591 410 648 tutis
435 590 582 662 (not
616 587 737 661 4.).
769 595 874 649 Est
901 597 1121 650 autem
1143 599 1428 664 potestas
1455 594 1623 666 apud
1657 608 1768 651 eos
1797 597 2178 668 plerumque
2209 597 2652 667 magistratus.
2679 616 2955 672 quorum
2971 603 3075 676 jn-

258 682 609 744 risdictioni
627 686 961 759 subjicitur
981 682 1031 744 is
1046 728 1062 756 ,
1079 688 1161 745 de
1183 687 1367 760 cujus
1383 689 1484 746 vel
1506 689 1800 760 personis
1820 690 1920 748 vel
1940 691 2134 747 rebus
2154 691 2409 749 tuendis
2432 688 3074 770 administrandisque

258 785 592 856 quaeritur
620 785 694 857 ⁷).
726 785 828 842 llis
858 785 1053 856 igitur
1098 787 1458 858 praemissis
1490 787 1626 860 jam
1672 789 1753 846 de
1791 784 2051 858 singulis
2079 790 2159 846 ad
2190 798 2641 860 argumentum
2675 796 3074 867 propositum

249 879 685 951 spectantibus
708 881 792 937 ita
822 877 1171 953 exposituri
1195 897 1415 940 sumus
1438 921 1454 946 ,
1482 888 1554 938 ut
1582 883 1794 954 primo
1821 883 2078 953 quidem
2102 884 2426 942 minorum
2453 888 2720 944 tutelam
2743 903 2821 947 ac
2848 905 3070 950 curam

256 979 757 1045 pertractemus,
812 990 1050 1048 easque
1095 992 1226 1033 una
1273 972 1583 1035 orationis
1611 977 1779 1035 serie
1808 979 2322 1049 complectamur
2351 997 2368 1034 ε
2396 981 2634 1053 quippe
2661 997 2831 1054 quae
2875 1000 3074 1058 argu-

250 1073 447 1130 menti
477 1079 543 1130 et
571 1074 858 1145 pondere
880 1080 948 1131 et
978 1075 1391 1135 similitudine
1421 1076 1590 1134 inter
1613 1090 1685 1134 se
1727 1084 1879 1135 sunt
1917 1077 2519 1155 conjunctissimae3
2550 1077 2696 1139 dein
2729 1097 3073 1155 pergamus

253 1155 335 1227 aii
359 1169 642 1242 reliquas
661 1184 969 1228 curarum
996 1170 1267 1242 species.

937 1329 1106 1364 sacrm
1138 1329 1176 1364 1.
1213 1329 1276 1364 ΒΚ
1309 1329 1599 1364 1111038801
1632 1330 1825 1365 “torua
1859 1331 2087 1382 euntque
2121 1333 2375 1368 manunt.

1009 1454 1203 1526 5577.
1233 1459 1552 1519 Notionum
1581 1458 1738 1517 inter
1768 1476 1825 1517 so
1848 1461 2203 1538 comparatio
2229 1462 2326 1536 (*).

329 1599 592 1657 Tutelae
631 1615 865 1657 munus
904 1599 1186 1674 itemque
1226 1614 1423 1658 curae
1462 1599 1634 1656 circa
1678 1613 1788 1657 eas
1821 1595 2111 1658 similiter
2156 1606 2450 1658 versatur
2493 1616 2799 1673 personas
2829 1643 2845 1672 ,
2896 1620 3066 1678 quae

246 1703 518 1769 propter
539 1705 814 1757 aetatem
837 1715 904 1757 se
926 1714 1170 1772 suaque
1194 1680 1451 1770 negotia
1481 1699 1646 1756 tueri
1673 1705 2012 1770 nequeunt
2038 1697 2104 1773 ¹).
2139 1699 2229 1756 Ac
2255 1699 2484 1757 tutoris
2507 1695 2766 1772 quidem
2787 1702 3066 1762 officium

247 1795 331 1852 ad
353 1798 523 1855 solos
559 1798 924 1869 impuberes
954 1799 1049 1856 sui
1072 1798 1237 1872 Juris
1264 1793 1309 1871 ²)
1356 1803 1642 1871 spectat3
1672 1803 1938 1855 curator
1963 1799 2059 1855 sui
2108 1797 2261 1874 juris
2301 1797 2664 1856 hominibus
2688 1799 2754 1857 in
2781 1803 3065 1861 secunda

248 1900 462 1953 aelate
498 1895 558 1974 (§
594 1899 729 1955 178.
762 1903 901 1955 not.
933 1898 1034 1968 5.)
1073 1897 1433 1955 constitutis
1469 1896 1607 1953 dari
1634 1897 1831 1964 solet,
1871 1897 2163 1968 quamvis
2193 1911 2688 1969 nonnumquam
2720 1899 2864 1968 flat,
2894 1906 2966 1956 ut
3000 1908 3067 1958 et

244 1998 531 2051 tutorem
562 1995 870 2054 babentes
896 2037 912 2064 ,
945 2003 1010 2055 et
1040 2003 1289 2068 patrem
1309 2038 1326 2069 ‚
1358 1995 1543 2068 cujus
1579 1997 1640 2052 in
1672 2002 1990 2067 potestate
2019 2002 2168 2053 sunt
2190 2040 2206 2068 ,
2248 2004 2616 2055 curatorem
2646 1999 2961 2076 accipiant
2988 1997 3062 2073 ³).

244 2084 596 2148 Praeterea
628 2097 977 2164 utrumque
1007 2092 1220 2148 differt
1246 2106 1477 2147 munus
1506 2089 1696 2147 officii
1718 2133 1734 2158 ‚
1770 2107 1917 2148 eum
1941 2091 2181 2148 ambitu
2206 2131 2222 2155 ‚
2256 2097 2389 2148 tum
2422 2096 2754 2162 potestate.
2785 2095 3067 2166 Namque

243 2195 618 2246 curatorum
640 2196 768 2257 est,
796 2206 945 2249 cum
975 2189 1418 2248 administrare
1445 2190 1763 2247 minorum
1796 2190 1986 2259 bona,
2002 2196 2139 2247 tum
2168 2205 2321 2248 vero
2347 2191 2520 2261 quod
2552 2190 2635 2246 ab
2675 2191 2821 2263 ipsis
2851 2193 3062 2262 agitur

248 2281 516 2354 adultis,
545 2291 861 2357 quatenus
885 2282 1146 2358 quidem
1169 2286 1250 2343 ad
1281 2299 1417 2342 rem
1441 2284 1819 2342 familiarem
1856 2292 2139 2359 spectat,
2171 2286 2435 2343 consilio
2465 2300 2582 2342 suo
2608 2300 2831 2356 regere
2859 2294 2924 2344 et
2954 2289 3059 2345 su·-

248 2392 428 2436 mare
456 2394 771 2438 consensu
800 2378 869 2453 ⁴).
898 2385 1132 2440 Contra
1152 2395 1310 2438 vero
1338 2386 1624 2438 tutorum
1660 2379 1991 2452 provincia
2013 2427 2030 2454 ,
2057 2383 2203 2439 licet
2231 2382 2613 2452 plerumque
2638 2381 2831 2438 etiam
2861 2384 3061 2440 admi-

243 2474 557 2533 nistrandi
589 2475 959 2534 facultatem
986 2482 1182 2549 atque
1212 2475 1492 2533 officinm
1522 2477 2025 2547 complectatur,
2055 2477 2243 2532 latius
2267 2482 2481 2533 tamen
2507 2482 2716 2547 patet,
2750 2454 3059 2549 siquidem

242 2587 319 2629 ea
342 2588 601 2646 quoque
616 2616 633 2649 ,
658 2589 826 2648 quae
850 2577 928 2632 ad
952 2589 1291 2647 personam
1314 2580 1465 2631 sunt
1484 2572 1818 2630 reserenda
1842 2575 2086 2646 pupulli
2105 2616 2121 2641 ,
2148 2574 2452 2646 prospicit
2467 2580 2648 2631 tutor
2666 2590 2743 2632 ac
2767 2578 3062 2634 modera-

246 2674 356 2724 tur
396 2669 479 2741 ε5),
519 2676 653 2727 tum
695 2673 887 2728 etiam
931 2667 1204 2742 negotiis
1254 2686 1290 2727 a
1335 2669 1579 2742 pupillo
1630 2668 1997 2727 factitandis
2040 2670 2471 2740 integritatem
2515 2670 2836 2741 quandam
2884 2671 3062 2728 addit

245 2770 636 2827 auctoritate
656 2786 773 2828 sua
795 2776 860 2828 et
887 2772 1058 2828 velut
1080 2766 1546 2829 absolutionem
1567 2765 1635 2839 ⁶).
1680 2771 1884 2840 Atque
1914 2768 2075 2827 haec
2103 2769 2336 2826 tutoris
2363 2784 2510 2827 cum
2540 2763 2759 2841 pupilli
2784 2783 3060 2841 persona

242 2867 619 2940 conjunctio
641 2876 706 2927 et
735 2870 915 2942 quasi
938 2870 1190 2942 paterni
1216 2869 1379 2942 juris
1403 2869 1644 2939 imago,
1681 2862 2168 2926 famosissimam
2193 2864 2366 2925 illam
2398 2867 2593 2925 Servii
2625 2868 3058 2927 definitionem

243 2962 532 3024 elicuisse
570 2967 863 3025 videtur:
889 2970 1155 3026 tutelam
1195 2982 1333 3025 esse
1368 2968 1491 3023 vim
1524 2982 1600 3024 ac
1630 2973 2013 3038 potestatem
2048 2968 2110 3024 in
2146 2967 2356 3038 capite
2391 2966 2594 3024 libero
2634 2967 2716 3023 ad
2743 2969 3056 3025 tuendum

243 3075 394 3116 eum
417 3104 432 3129 ‚
465 3063 572 3133 qui
594 3070 859 3135 propter
886 3069 1164 3120 aetatem
1197 3078 1377 3119 suam
1403 3069 1630 3131 sponte
1658 3076 1725 3117 se
1758 3060 2104 3118 defendere
2135 3067 2415 3133 nequeat
2435 3101 2451 3127 ‚
2472 3061 2621 3133 jure
2648 3057 2810 3118 civili
2836 3063 3056 3121 datam

243 3175 324 3218 ac
351 3162 722 3233 permissam
749 3157 818 3227 Ἴ).
850 3158 1077 3235 Neque
1106 3178 1265 3220 vero
1305 3162 1508 3219 invitis
1537 3167 1874 3219 curatores
1916 3162 2155 3218 dantur
2191 3160 2698 3219 adolescentibus
2718 3203 2734 3235 ,
2764 3167 3055 3233 praeter-

306 3344 357 3403 7)
392 3348 444 3393 L.
462 3360 547 3394 un.
569 3352 621 3396 C.
648 3347 740 3395 ubi
753 3353 1018 3404 petantur
1038 3353 1242 3395 tutores
1276 3349 1365 3395 ve!
1393 3351 1611 3396 curato·
1677 3343 1723 3391 1.
1730 3347 1823 3402 )-
1855 3347 1908 3393 L.
1932 3346 1979 3391 1.
2004 3351 2054 3391 et
2079 3347 2129 3392 L.
2154 3342 2202 3391 8.
2228 3344 2278 3392 C.
2298 3342 2366 3389 de
2389 3346 2536 3399 nupt.
2560 3343 2636 3399 (V,
2658 3338 2790 3399 4.)-
2813 3345 2865 3392 L.
2887 3342 2965 3389 20.
2992 3343 3047 3390 D.

240 3406 351 3455 res.
358 3410 435 3465 (V
454 3412 533 3456 32.
542 3412 672 3463 )—L.
693 3412 739 3457 1.
762 3411 858 3464 §2-
887 3414 938 3457 D.
961 3413 1029 3458 de
1051 3412 1212 3457 tutor.
1239 3415 1293 3457 et
1314 3415 1490 3457 eur-at.
1515 3410 1612 3456 da·
1677 3407 1743 3453 de
1763 3411 1825 3456 R.
1856 3411 1914 3454 N.
1941 3409 2126 3466 (xxm,
2151 3407 2222 3463 2.)
2244 3430 2301 3439 —-
2326 3406 2471 3463 [Quos
2507 3407 2706 3464 quidem
2729 3408 2859 3452 locos
2880 3416 3049 3452 recen·

242 3470 337 3518 eis.
366 3472 551 3527 (xxvi,
572 3471 620 3519 5.
630 3485 642 3525 )
667 3497 721 3506 -
742 3474 794 3518 L.
819 3472 866 3518 5.
889 3476 915 3529 s
938 3475 1013 3521 12.
1051 3475 1102 3519 D.
1129 3473 1195 3518 de
1218 3472 1328 3519 reb.
1359 3484 1497 3533 eoru,
1522 3469 1618 3530 qui
1679 3472 1828 3516 tiores
1844 3471 2042 3529 quidam
2062 3472 2126 3525 (v.
2145 3481 2188 3514 c.
2212 3470 2383 3514 Haase
2406 3470 2598 3514 emen-r.
2622 3469 2671 3513 d.
2697 3468 2840 3525 Eheg.
2866 3480 2913 3526 p.
2941 3468 3051 3515 127.

243 3532 351 3578 sub
369 3536 465 3578 tut.
493 3536 580 3579 rel.
587 3557 649 3567 —
675 3535 724 3579 L.
750 3532 829 3580 30.
853 3537 950 3590 31.
977 3538 1030 3581 D.
1049 3536 1117 3580 de
1135 3540 1382 3581 excusat.
1409 3535 1617 3591 (xxvii,
1682 3538 1730 3576 et
1763 3529 1999 3586 Rudorff
2033 3533 2069 3576 l.
2110 3544 2156 3588 p.
2183 3531 2246 3575 322
2268 3532 2393 3587 sqq.)
2415 3532 2476 3575 ad
2501 3531 2675 3575 tutoris
2704 3533 3046 3576 administran-

244 3595 294 3639 1.
302 3595 419 3647 )(cf.
440 3593 602 3648 3107.
626 3603 731 3642 not.
755 3592 840 3652 8).
879 3621 940 3629 -
972 3597 1045 3642 Cf.
1074 3598 1121 3641 L.
1148 3594 1226 3641 27.
1252 3607 1325 3653 pr.
1349 3595 1537 3642 detut.
1565 3599 1620 3641 el

245 3667 372 3702 cur.
396 3657 509 3702 dat.
531 3659 712 3715 (XXVI,
734 3655 779 3702 5.
786 3660 802 3714 )
824 3682 881 3690 —-
909 3660 962 3704 J.
990 3662 1045 3703 G.
1076 3657 1345 3705 Helneecii
1371 3660 1422 3703 D
1451 3662 1512 3702 «tc
1535 3669 1616 3702 su-

244 3729 412 3774 piema
430 3721 700 3776 principum
716 3722 1176 3777 magistratuumque
1197 3723 1348 3766 tutela
1368 3720 1437 3778 (in
1449 3730 1616 3777 opusc.

243 3779 368 3838 Syll.
393 3791 551 3828 exerc.
578 3784 736 3835 xlx.).
760 3781 1062 3837 Rudorff'l'.
1083 3784 1119 3827 1.
1145 3784 1171 3837 s
1194 3780 1244 3827 2.

842 3906 868 3959 S
901 3902 1015 3956 577.

1683 3593 1729 3638 (11
1754 3596 2042 3640 facultatem
2081 3601 2227 3650 atque
2259 3591 2473 3637 officium
2505 3594 2605 3637 sola
2642 3592 2921 3637 referendos
2941 3604 3046 3637 esse

1681 3664 1877 3713 putant.
1920 3657 2012 3701 Sed
2055 3654 2174 3700 haec
2214 3656 2450 3699 sententia
2475 3654 2598 3710 Lege
2615 3652 2694 3700 90.
2729 3654 2782 3699 D.
2807 3654 2874 3700 de
2896 3656 2957 3700 R.
2982 3657 3046 3703 Ν.

1685 3791 1785 3825 non
1809 3781 2069 3836 pertinere,
2095 3779 2243 3823 nubat
2264 3778 2444 3833 pupilla
2464 3790 2525 3822 an
2547 3788 2643 3822 non
2668 3792 2689 3815 n
2717 3778 2847 3823 dicat
2870 3778 3043 3823 Paulus

1687 3855 1712 3881 u
1731 3843 1862 3899 quia
1882 3839 2107 3895 officium
2129 3841 2246 3895 ejus
2264 3839 2319 3885 in
2340 3837 2798 3886 administratione
2821 3839 3047 3897 neqolio·

1684 3914 1804 3948 rum
1832 3908 2059 3955 constat.
2080 3917 2102 3940 n
2150 3904 2213 3948 Ex
2247 3913 2346 3958 quo
2367 3906 2527 3946 tamen
2549 3905 2759 3946 tutorem
2801 3911 2909 3945 non
2943 3900 3048 3947 nisi

1682 3975 1920 4022 personae
1941 3964 2046 4010 dari
2068 3964 2237 4020 colligi
2272 3974 2371 4008 non
2393 3964 2555 4008 debet.
2581 3985 2639 3994 —-
2678 3964 2784 4009 Vid.
2811 3968 2915 4008 not.
2939 3973 3041 4022 seq.

313 4026 374 4082 Γ)
408 4027 528 4072 inst.
552 4028 608 4083 (l,
631 4026 728 4083 13.)
751 4028 820 4075 de
840 4025 1021 4073 tutelis
1042 4030 1090 4071 et
1114 4025 1170 4083 (Ι,
1189 4025 1289 4084 53.)
1310 4027 1377 4074 de
1395 4030 1614 4073 cue-ato·
1682 4028 1796 4072 —E.
1821 4028 1878 4072 G.
1902 4026 1920 4084 ]

1683 3719 2007 3775 improbatur,
2047 3718 2224 3774 quippe
2267 3727 2361 3772 qna
2409 3718 2510 3760 «ael
2551 3714 2766 3761 officium
2807 3718 3047 3763 curatoris
3145 3732 3154 3741 ‘

245 4088 591 4146 ribam—Diffi
618 4092 871 4147 (xxvia.)
895 4089 964 4134 de
985 4087 1312 4135 lutetia—de
1332 4086 1505 4134 Laetu-
1522 4088 1609 4134 ub.

246 4150 331 4195 die
377 4153 513 4196 Rom.
544 4151 745 4210 Begriffe
767 4164 860 4197 von
899 4152 1040 4195 Tutel
1079 4161 1126 4195 u.
1151 4153 1344 4195 Cur-atel
1392 4151 1611 4205 (Magn.

243 4213 327 4257 111.
355 4213 435 4257 Nr.
463 4216 499 4259 l.
523 4220 573 4257 et
591 4213 815 4270 XlV.).-
837 4212 1119 4267 Schweppe
1140 4215 1202 4258 de
1225 4214 1394 4258 eodem
1416 4223 1606 4268 argum.

243 4272 313 4328 (in
333 4276 631 4331 ejusjnrist.
657 4277 842 4330 Manat.
868 4276 947 4319 Νι.
968 4273 1110 4333 vlt).

317 4334 362 4390 1)
388 4338 465 4381 Pr.
493 4340 526 4383 Ι.
549 4336 615 4382 de
645 4335 1004 4383 curatoribus.

307 4395 434 4452 9)[,.
455 4396 503 4444 6.
528 4398 621 4451 34.
649 4401 703 4444 D.
724 4398 775 4442 lt.
803 4402 840 4442 1.
855 4397 1097 4442 —Caeter.
1124 4396 1223 4441 vid.
1247 4395 1298 4440 L.
1324 4396 1413 4441 ult.
1433 4395 1530 4451 89.
1554 4395 1607 4441 C.

238 4457 310 4503 de
343 4462 483 4505 sene.
505 4472 648 4516 pass.
684 4462 736 4506 el
768 4458 1045 4506 restitutis.
1070 4460 1181 4511 (lx.
1201 4455 1364 4514 5l.--)
1378 4460 1469 4502 Nec
1493 4468 1608 4502 ven·

246 4521 309 4564 tri
335 4528 495 4575 potest
517 4528 649 4567 tutor
672 4522 795 4571 dari.
820 4528 1016 4565 curator
1036 4527 1210 4580 potest.
1217 4522 1329 4566 —-1..
1353 4518 1435 4566 90.
1462 4531 1535 4574 pr.
1554 4520 1608 4564 D.

240 4582 437 4702 deotgu.
479 4587 534 4629 et
566 4595 681 4631 cur.
706 4585 819 4629 dal.
846 4583 1047 4644 (XXVl,
1090 4582 1141 4634 ὅ,
1166 4586 1182 4641 )
1218 4608 1277 4616 -
1310 4579 1611 4636 Rudorffl.

258 4658 276 4687 ἱ

308 4704 534 4763 asmo.
559 4712 661 4752 not.
683 4707 731 4751 2.
755 4704 938 4750 —Vid.
962 4710 1012 4751 et
1030 4704 1333 4763 inframso
1359 4708 1461 4751 not.
1487 4704 1537 4750 2.
1564 4705 1611 4750 in

244 4768 283 4813 f.
310 4773 485 4815 etnot.
508 4767 557 4814 7.
567 4766 779 4824 -35811
805 4772 906 4812 not.
932 4767 982 4814 9.

307 4829 358 4885 4)
377 4832 455 4877 c?
478 4831 602 4876 infra
625 4828 775 4884 9591.
804 4835 1017 4877 context.
1044 4831 1102 4876 ad
1128 4835 1229 4876 not.
1250 4826 1409 4888 5sqq.

304 4891 432 4945 5‚1.
458 4893 613 4938 υΙι.(.
629 4891 863 4938 denual.
882 4896 1087 4947 praest.
1107 4893 1182 4947 (V,
1203 4892 1447 4947 50.)(vid.
1463 4901 1609 4947 supra

241 4953 400 5011 355⁴.
426 4954 489 5000 ad
511 4960 615 5001 not.
635 4952 721 5012 7.)
747 4955 873 5000 -L.
897 4953 947 5002 o.
972 4955 1024 4998 D.
1048 4954 1116 5000 de
1134 4956 1367 5011 sponsa&
1389 4955 1567 5009 (xxlll
1595 4985 1610 5011 ,

1740 4087 1887 4147 6)(31.
1910 4086 2037 4134 intra
2080 4087 2106 4141 S
2146 4083 2257 4132 591.
2282 4085 2494 4139 -Quod
2516 4084 2713 4143 quidem
2736 4084 3041 4131 auctoritatis

1676 4149 2060 4209 interponendae
2088 4146 2302 4192 officium
2335 4148 2455 4192 tanti
2499 4148 2720 4192 fecerunt
2742 4148 2864 4201 iuris
2885 4148 3042 4193 nostrl

1676 4218 1930 4267 auctores,
1952 4216 2005 4255 ut
2027 4210 2131 4265 ejus
2153 4212 2225 4254 vel
2247 4209 2458 4253 maxime
2481 4211 2716 4254 rationem
2735 4209 2972 4255 habereut
2993 4212 3042 4255 in

1675 4276 1892 4320 tutorum
1915 4244 1989 4317 ⁹vel
2017 4272 2247 4316 facultate
2271 4273 2340 4314 vel
2366 4272 2579 4315 muneris
2606 4271 3040 4317 rationedetinien·

1674 4336 1755 4391 da,
1778 4348 1824 4380 v.
1850 4346 1894 4380 e.
1919 4335 2042 4379 1..1.
2061 4333 2086 4385 S
2107 4330 2155 4377 5.
2183 4335 2234 4377 D.
2256 4332 2490 4378 Ιι.1.-1,.
2517 4331 2596 4379 49.
2622 4336 2676 4381 D.
2699 4333 2765 4380 de
2789 4333 3036 4381 amede.

1673 4396 1858 4453 (xxm,
1882 4398 2021 4451 2.)--·
2041 4396 2295 4439 Caeterum
2320 4394 2380 4437 de
2399 4406 2457 4437 eo
2473 4428 2486 4451 ,
2509 4398 2640 4452 quod
2659 4396 3000 4451 vulgojactant
3023 4428 3040 4453 ‚

1675 4462 1884 4504 tutorem
1906 4456 2009 4502 dari
2034 4461 2578 4513 personat-‚curatorem
2607 4458 2674 4501 rei
2699 4458 2914 4513 (propter
2936 4457 2960 4511 S
2986 4454 3034 4503 4.

1675 4520 1774 4568 inf
1812 4516 3040 4577 [91111631.1η1.άαι·1ροεειιη1.·-1..14.υ.άε

1679 4586 1800 4627 test.
1828 4584 1925 4627 tut.
1952 4581 2125 4625 XXVl.
2150 4581 2195 4624 2.
2203 4584 2247 4635 ),
2274 4582 2367 4626 vid.
2400 4581 2622 4627 Loeltrl.
2645 4582 2675 4624 l.
2697 4593 2745 4637 p.
2769 4578 2972 4626 15-94.
2991 4586 3036 4624 et

1676 4660 1724 4706 p.
1747 4642 1859 4691 470.
1885 4642 1995 4690 471.
2028 4648 2075 4686 et
2117 4642 2351 4701 δαυιριυ·
2389 4644 2535 4688 Bet-ut
2571 4654 2771 4687 unsel-er
2813 4642 2916 4687 Zeit
2959 4642 3040 4687 i‘ttr

1676 4705 2044 4764 Gesetzgebung
2094 4718 2143 4762 p.
2181 4702 2269 4751 103
2302 4717 2409 4762 sqq.
2445 4728 2502 4737 —
2537 4703 2774 4761 Rudorff
2795 4705 2834 4750 1.
2891 4716 2941 4762 p.
2975 4703 3048 4751 40.

1672 4784 1693 4818 s

1696 4781 1780 4876 qg
1763 4831 1842 4887 11.
1857 4831 1902 4874 1.
1928 4841 2002 4886 pr.
2018 4830 2070 4874 D.
2089 4828 2138 4874 lt
2146 4832 2183 4873 1.
2195 4829 2318 4873 —De
2339 4828 2557 4885 quoloco
2573 4829 2642 4872 vet
2668 4828 3036 4883 interpretanda

1674 4894 1744 4937 vel
1758 4891 2213 4939 emendentlomulti
2233 4890 2435 4935 subinde
2450 4889 2750 4936 laborarunt.
2757 4891 2793 4934 V
2797 4891 2862 4935 ld.
2878 4893 2968 4935 seri
2976 4903 3033 4951 p-

1677 4958 1805 5001 tolca
1826 4967 1849 5000 a
1875 4953 2122 5001 lVaIclu'o
2147 4953 2207 4999 ad
2228 4951 2497 4999 Ecltlaeamii
2514 4954 2579 4999 11·
2572 4964 2677 5001 ϊ.ιιι
2683 4953 2787 5000 Lib.
2812 4953 2848 4999 t.
2874 4952 2900 5006 ς
2923 4903 3033 5002 tot
