3544 5506
963 357 1097 403 cn.
1136 357 1280 406 xm.
1317 359 1481 411 oum.
1522 359 1673 405 non.
1714 361 1889 406 rou.
1929 362 2382 408 onum-riom.
2963 356 3069 412 44η

258 470 649 545 plerumque
675 470 854 531 nulla
873 475 972 529 est
989 509 1006 538 ,
1028 469 1145 529 nisi
1169 466 1366 530 etiam
1393 473 1720 532 consensit
1754 474 2013 534 debitor
2033 470 2099 541 ³).
2131 476 2374 548 Duplex
2395 481 2613 534 autem
2654 475 2886 535 bat-mu
2918 460 3072 539 con-

258 566 638 628 ventionum
670 565 965 628 Romano
995 567 1147 640 iure
1172 569 1464 627 cernitur
1488 580 1687 640 genus
1710 584 1726 626 ε
1748 569 2024 627 alterum
2045 607 2065 638 ,
2108 570 2402 628 omnium·
2423 570 2881 642 obligationum
2906 584 3075 632 com·

260 678 491 742 mune3
524 666 802 724 alterum
840 672 1165 735 certarum
1206 668 1539 741 proprium
1560 710 1577 739 ‚
1620 668 1865 727 scilicet
1894 682 1970 726 ex
1992 682 2073 726 eo
2116 667 2510 740 profectum,
2542 672 2873 742 tamquam
2903 674 3075 743 prin·
3134 656 3146 667 ⁶

258 762 459 835 cipio,
493 769 609 836 ut,
656 770 850 837 prout
887 760 1172 838 quidque
1214 772 1624 826 contractum
1666 767 1786 837 sit,
1826 768 1913 825 ita
1932 774 1999 825 et
2033 767 2188 825 solvi
2211 768 2445 826 debeat
2472 763 2540 841 ⁴).
2574 771 2712 844 Quo
2751 765 2818 826 in·
2839 785 3075 840 genere

257 857 412 917 item
440 861 613 919 duae
637 867 823 918 erant
850 860 1096 920 formae
1134 880 1150 918 ε
1178 878 1309 922 una
1344 863 1886 935 acceptilationis,
1912 877 2080 935 quae
2108 864 2364 935 quidem
2393 864 2654 936 propria
2685 860 2828 923 erat
2846 862 3076 925 verbo—

259 967 403 1010 rum
433 954 836 1027 obligationis
876 956 962 1031 ⁵);
999 958 1205 1015 altera
1233 956 1534 1029 simplicis
1557 956 1879 1017 dissensus
1913 955 2177 1030 (vocant
2201 963 2498 1015 mutuum
2536 954 2958 1033 dissensum),
2992 963 3079 1020 ad

255 1050 394 1125 elus
421 1044 675 1125 generis
708 1055 1128 1127 obligationes
1158 1055 1487 1128 pertinens
1508 1096 1527 1132 ,
1559 1070 1727 1128 quae
1767 1070 2084 1114 consensu
2116 1055 2593 1114 contrahuntur
2618 1055 2695 1129 θ).
2729 1059 3074 1117 Commune

257 1156 477 1211 autem
513 1154 798 1214 omnium
827 1155 1284 1226 obligationum
1319 1157 1421 1215 vel
1453 1155 1883 1213 tollendarum
1926 1156 2024 1213 vel
2049 1140 2550 1213 'minuendarum
2576 1150 3074 1216 instrumentum

256 1256 350 1307 est
374 1258 641 1323 pactum
670 1254 751 1313 de
780 1267 911 1312 non
941 1255 1221 1326 petendo
1239 1297 1255 1329 ,
1285 1253 1440 1313 alias
1469 1255 1607 1326 ipso
1628 1253 1778 1326 iure
1796 1295 1813 1327 ‚
1850 1254 2004 1311 alias
2036 1268 2154 1326 per
2181 1254 2620 1325 exceptionem
2649 1255 2879 1312 tollens
2910 1254 3072 1312 obli-

257 1348 549 1418 gationes
578 1348 649 1425 ⁷).
683 1355 820 1410 Jam
852 1367 1008 1411 vero
1034 1354 1368 1412 exsulante
1402 1368 1440 1412 e
1483 1352 1638 1412 soris
1676 1352 1913 1412 nostris
1957 1353 2446 1425 acceptilatione
2470 1395 2486 1425 ,
2517 1368 2684 1426 quae
2710 1354 2792 1410 de
2819 1353 3072 1425 reliquo

250 1444 399 1518 jure
426 1446 663 1507 sorensi
692 1450 1061 1523 disciplinae
1096 1452 1371 1510 maxime
1399 1452 1796 1510 conveniunt
1818 1493 1835 1525 ‚
1863 1464 1985 1508 nee
2017 1450 2164 1508 alibi
2202 1457 2314 1509 aut
2337 1453 2469 1526 jam
2507 1456 2656 1509 sunt
2680 1466 2718 1508 a
2747 1450 2932 1508 nobis
2960 1465 3072 1511 ex-

255 1544 507 1625 posita,
557 1556 672 1608 aut
697 1549 863 1608 inira
899 1546 1095 1611 etiam
1140 1556 1547 1624 exponentur
1582 1546 1661 1620 ⁸),
1705 1550 2005 1609 brevibus
2043 1551 2571 1623 complectamur.
2612 1549 2809 1622 igitur
2842 1556 3074 1610 mutuo

255 1640 547 1701 dissensu
574 1645 894 1704 tolluntur
931 1645 1351 1718 obligationes
1373 1693 1388 1719 ‚
1418 1647 1593 1703 unde
1606 1645 1932 1718 utrimque
1946 1628 2185 1717 aliquid
2213 1645 2670 1718 praestandum
2690 1651 2787 1702 est
2804 1646 2968 1715 ‚scil.
2998 1659 3073 1704 re

255 1735 453 1798 etiam
483 1740 732 1814 integra
772 1741 854 1819 ⁹),
899 1745 1021 1803 hoc
1057 1751 1292 1819 pacto,
1337 1751 1443 1818 ut,
1488 1743 1539 1803 si
1589 1745 1848 1816 quidem
1890 1758 1929 1801 a
1975 1744 2231 1801 nemine
2270 1744 2481 1801 adhuc
2525 1757 2629 1801 res
2678 1742 3070 1814 intercessit,

258 1836 551 1909 quamvis
597 1837 682 1896 de
727 1838 1042 1898 alterutro
1087 1845 1336 1897 tantum
1383 1845 1697 1910 concepta
1741 1838 1823 1896 sit
1865 1837 2259 1896 liberationis
2308 1833 2683 1906 conventio,
2717 1843 2950 1919 dtamen
2990 1838 3075 1895 ad

257 1939 612 2008 utrumque
640 1936 934 1996 liberatio
960 1933 1279 2012 pertineat
1319 1934 1428 2015 ¹⁰),
1464 1937 1559 1995 sin
1602 1937 1684 1993 ab
1711 1938 1919 1995 altero
1963 1950 2067 1994 res
2098 1936 2443 2009 praestita,
2476 1935 2557 1994 ab
2598 1949 2808 2007 eoque
2844 1941 3069 2007 postea

260 2030 549 2089 remissio
573 2031 945 2105 simpliciter
971 2031 1139 2091 iacta
1159 2033 1273 2107 sit,
1300 2046 1430 2090 non
1450 2032 1566 2089 nisi
1598 2030 1764 2088 alter
1787 2030 2099 2088 liberetur
2122 2026 2213 2105 ¹¹).
2238 2030 2467 2106 Quodsi
2491 2029 2837 2102 praestatio
2857 2036 2968 2086 aut
2990 2031 3073 2087 ab

257 2130 580 2188 alterutro
605 2137 719 2188 aut
745 2132 827 2189 ab
855 2139 1134 2204 utroque
1165 2146 1328 2204 pure
1359 2137 1577 2190 secuta
1611 2129 1690 2187 sit
1709 2172 1726 2203 ,
1774 2135 2130 2202 posteaque
2167 2134 2240 2184 ut
2268 2143 2305 2185 a
2339 2133 2675 2186 contractu
2707 2127 3074 2185 discedatur

257 2220 673 2296 convenerit,
708 2241 838 2284 non
865 2231 995 2284 tam
1023 2233 1340 2284 verterem
1366 2225 1820 2296 obligationem
1853 2223 2141 2299 solvisse,
2166 2237 2358 2295 quam
2381 2224 2462 2280 de
2487 2235 2657 2280 novo
2683 2222 3072 2281 contraxisse

258 2330 481 2397 partes
506 2325 809 2383 videntur
836 2322 926 2400 ¹²).
964 2329 1300 2385 Caeterum
1334 2330 1523 2397 pacta
1558 2325 1640 2382 de
1670 2338 1806 2381 non
1834 2322 2152 2396 petendo,
2195 2322 2244 2379 si
2276 2321 2533 2392 quidem
2574 2320 2640 2376 in
2681 2334 2817 2377 rem
2862 2321 3074 2378 conci-

259 2419 527 2493 piuntur
554 2419 617 2496 (ς
652 2422 797 2479 554.
831 2428 971 2482 not.
1009 2424 1069 2480 1.
1097 2419 1140 2494 ),
1173 2420 1505 2493 omnibus,
1538 2419 1620 2476 ad
1665 2433 1828 2491 quos
1859 2432 1936 2476 ea
1977 2432 2080 2475 res
2111 2417 2422 2489 pertinet,
2454 2417 2831 2488 plerumque
2863 2411 2929 2487 ¹⁸)
2958 2422 3072 2473 aut

259 2525 503 2577 nocent
530 2525 643 2576 aut
670 2526 941 2592 prosunt
961 2516 1052 2592 ¹⁴).
1082 2523 1324 2597 Quare,
1353 2535 1501 2579 eum
1534 2519 1597 2575 id
1626 2518 1837 2589 agitur
1873 2514 2234 2592 hujusmodi
2258 2517 2457 2588 pactis
2475 2558 2490 2582 ‚
2520 2521 2593 2572 ut
2621 2529 2821 2573 onera
2847 2515 2939 2572 rei
2965 2530 3072 2573 co·

260 2613 594 2673 haerentia
615 2612 1047 2687 remittantur,
1067 2615 1235 2687 pacti
1261 2615 1552 2687 exceptio
1575 2615 1767 2671 etiam
1780 2608 2203 2684 singularibus
2216 2612 2686 2669 successoribus
2704 2610 2964 2682 prodest
2978 2606 3068 2681 ¹⁵).

262 2713 496 2789 Quodsi
530 2721 749 2773 tamen
791 2729 970 2774 mera
1007 2709 1168 2788 juris
1206 2714 1404 2773 civilis
1442 2714 1694 2774 ratione
1732 2706 2111 2785 impeditur,
2144 2725 2275 2784 quo
2309 2710 2518 2768 minus
2556 2707 2727 2782 pacti
2772 2709 3068 2780 exceptio

262 2810 477 2868 locum
510 2809 784 2887 habeat,
817 2812 947 2870 doli
979 2806 1273 2883 exceptio
1302 2810 1472 2868 utilis
1495 2809 1619 2868 erit
1646 2806 1731 2876 ¹⁶).
1766 2812 2615 2880 Preatereanonnumquam
2644 2809 2711 2863 et
2748 2803 2812 2860 in
2846 2817 3066 2875 perso-

262 2921 411 2964 nam
440 2912 706 2979 paetum
733 2906 827 2963 his
853 2905 1177 2979 proficiet,
1223 2905 1330 2978 qui
1362 2904 1474 2977 ipsi
1507 2904 1674 2977 pacti
1705 2919 1837 2962 non
1861 2908 2013 2960 sunt
2048 2897 2143 2969 ¹⁷).
2174 2934 2257 2945 --
2287 2904 2721 2978 Quaecunque
2746 2904 2962 2957 autem
2986 2900 3067 2957 de

262 2996 630 3077 hujusmodi
659 3002 858 3074 pactis
900 3002 1072 3060 dicta
1112 3008 1262 3061 sunt
1287 3042 1307 3074 ‚
1358 3001 1552 3059 etiam
1593 3001 1658 3057 in
1689 2998 2111 3073 JurisJurandi
2154 2997 2598 3070 exceptionem
2632 2995 3022 3055 conveniunt
3044 3039 3061 3066 ,

262 3096 502 3176 quippe
524 3102 631 3160 cui
660 3101 947 3160 similiter
977 3106 1238 3173 pactum
1259 3101 1341 3158 de
1368 3114 1500 3157 non
1524 3099 1803 3172 petendo
1833 3097 1978 3155 insit
1999 3092 2086 3172 ¹⁸).

848 3268 961 3340 §47
967 3272 1026 3329 4.
1056 3265 1126 3346 Β)
1154 3256 1403 3335 Νούμίίο
1424 3262 1519 3346 (¹⁹).
1552 3264 1609 3343 1)
1629 3264 1775 3344 Ejus
1802 3262 1959 3323 notio
1978 3269 2035 3321 ot
2054 3251 2260 3338 qemi-‘a
2285 3276 2534 3319 summa.

340 3430 615 3495 Novatlo
640 3433 739 3489 est
760 3428 1159 3503 obligationis
1182 3427 1476 3486 mutatio.
1509 3429 1631 3486 Est
1645 3431 1861 3484 autem
1893 3421 2254 3482 novationis
2284 3417 2520 3493 duplex
2537 3417 2713 3477 velut
2743 3432 3066 3476 summum

321 3584 373 3644 δ)
406 3590 524 3645 Arg.
549 3587 602 3632 1..
621 3583 702 3634 01.
726 3585 835 3634 init.
860 3587 914 3632 D.
938 3583 1006 3632 de
1023 3584 1300 3632 solua—1..
1322 3579 1373 3630 9.
1408 3593 1483 3641 pr.
1516 3581 1570 3627 ln
1588 3581 1625 3628 1.
1756 3578 1836 3637 10)
1868 3579 1919 3626 1..
1941 3578 2031 3624 ult.
2056 3578 2113 3623 D.
2137 3575 2205 3623 de
2226 3571 2465 3631 acceptu.
2490 3573 2669 3633 (XLVI,
2689 3570 2816 3631 4.)-
2838 3573 2891 3620 1..
2912 3571 2960 3620 5.
2985 3584 3062 3632 pr.

264 3647 317 3695 1..
340 3647 423 3697 17.
448 3651 505 3695 D.
527 3646 599 3694 de
619 3647 807 3695 donae.
830 3647 1055 3705 (xxxix,
1077 3645 1146 3703 5.)
1170 3671 1230 3680 -
1249 3646 1412 3704 Neque
1430 3650 1631 3691 contra·
1694 3644 1751 3689 D.
1777 3641 1846 3689 de
1866 3652 2002 3688 reso.
2028 3639 2187 3686 vend.

263 3711 336 3757 ria
356 3718 434 3759 est
451 3712 505 3757 1..
530 3707 610 3756 26.
631 3712 688 3756 D.
711 3710 780 3756 de
798 3708 1178 3767 probatmxu,
1195 3705 1264 3764 3.)
1285 3708 1492 3765 ,quippe
1506 3716 1632 3766 quae
1761 3705 1841 3761 11)
1864 3699 2009 3750 1,.50.
2026 3703 2079 3747 D.
2108 3700 2326 3756 depace.
2350 3697 2441 3755 (cf.
2468 3699 2565 3743 Gn.
2591 3692 2835 3743 For-nerii
2853 3695 2957 3743 Lib.
2983 3698 3064 3744 ill.

258 3771 370 3827 lure
388 3771 627 3830 singulari
666 3773 868 3819 nitatur.
905 3794 966 3803 -—
988 3771 1099 3816 vid.
1142 3765 1302 3816 0112·ch
1342 3768 1493 3815 Pand.
1532 3769 1632 3814 xv.
1697 3768 1862 3814 select.
1888 3778 1932 3813 c.
1958 3762 2006 3809 5.
2031 3763 2178 3819 apud.
2204 3764 2377 3809 ouon.
2403 3761 2463 3806 ll.
2490 3771 2539 3817 p.
2562 3755 2687 3815 87.).

264 3844 312 3891 p.
339 3830 612 3882 tlt—113.
634 3839 685 3881 et
706 3836 826 3880 xlii.
851 3845 899 3892 p.
923 3828 1194 3878 zoi—596.
1221 3834 1269 3875 et
1290 3830 1445 3887 Kruy
1475 3829 1627 3876 Lehre
1753 3828 1832 3884 12)
1865 3827 1985 3873 Cod.
2010 3824 2112 3881 (lv,
2135 3821 2240 3879 45.)
2262 3820 2489 3884 Quando
2525 3819 2611 3866 Ιὶσ.
2649 3817 2728 3865 ab·
2748 3822 2870 3865 emt.
2892 3817 3068 3867 disce-

264 3897 374 3944 md.
391 3899 716 3953 compens.p.
740 3892 851 3942 268.
872 3892 1121 3951 acme-Cf.
1149 3891 1297 3939 etlam
1317 3891 1458 3938 Friez
1480 3890 1625 3937 Arcb.
1691 3890 1837 3937 der-e.
1861 3914 1922 3923 —
1941 3891 1994 3935 i..
2018 3887 2065 3931 2.
2082 3885 2133 3930 in
2155 3886 2193 3930 1.
2219 3887 2272 3930 Ι).
2298 3885 2365 3931 de
2385 3893 2524 3930 reso.
2547 3879 2705 3927 vend.
2733 3905 2789 3913 —
2810 3881 2863 3926 1..
2888 3878 2968 3927 58.
3004 3883 3060 3930 D.

265 3957 305 4005 1.
324 3959 420 4005 civ.
443 3960 522 4005 Pr.
546 3957 669 4002 Vlll.
693 3969 773 4003 nr.
797 3959 899 4004 xv.
1690 3953 1760 4000 de
1782 3955 1923 4006 pace.
1950 3975 2011 3984 —
2033 3947 2145 3993 Vid.
2186 3946 2394 3995 Weber
2430 3943 2492 3989 ad
2533 3939 2825 3996 Hoeprner.
2854 3945 2881 3998 s
2922 3942 3062 3991 1000.

322 4017 374 4078 4)
406 4022 463 4068 Ι..
503 4016 585 4066 80.
630 4020 685 4064 D.
724 4018 793 4065 de
827 4018 983 4065 solut.
1018 4039 1074 4047 —
1096 4015 1151 4061 i..
1191 4012 1272 4061 35.
1317 4015 1370 4059 D.
1412 4011 1480 4060 de
1516 4024 1626 4072 req.
1692 4017 1798 4060 not.
1820 4011 2012 4059 3.-01.
2033 4016 2085 4058 et
2100 4019 2246 4066 supra
2269 4007 2295 4061 s
2323 4003 2551 4054 345.ηο1.
2576 4001 2655 4049 10.

324 4079 375 4140 5)
409 4080 720 4141 Dig.(x1.vl,
740 4079 808 4136 4.)
822 4077 1168 4133 etCod.(Vlll‚
1188 4074 1288 4133 44.)
1309 4075 1376 4122 de
1403 4075 1630 4131 aoeepci·
1765 4071 1845 4131 13)
1878 4073 2000 4118 Nam
2033 4072 2132 4119 vid.
2166 4071 2218 4116 1..
2252 4065 2334 4116 27.
2369 4079 2446 4126 pr.
2482 4066 2537 4112 l).
2576 4063 2647 4110 de
2672 4066 2815 4119 pact.
2849 4067 2900 4112 et
2932 4064 3061 4113 infra

260 4145 479 4192 huone.
504 4167 565 4177 -
583 4144 610 4198 ς
634 4142 739 4188 1.1.
762 4141 815 4189 Ιι.
842 4145 879 4188 1.
906 4165 965 4175 --
984 4140 1062 4187 Cl'.
1089 4142 1137 4196 a)
1163 4140 1214 4186 Ι..
1237 4136 1286 4183 8.
1317 4149 1393 4195 pr.
1434 4139 1488 4183 D.
1511 4136 1563 4182 Ιι.
1590 4140 1629 4182 e.
1694 4136 1721 4190 S
1741 4133 1852 4182 493.
2154 4151 2158 4160 ·
2737 4179 2745 4188 ,

260 4209 309 4264 (S
327 4205 441 4254 114.
461 4210 565 4254 not.
583 4201 803 4260 7.).-1..
827 4201 876 4251 5.
900 4215 974 4261 pr.
999 4202 1052 4248 in
1074 4201 1111 4247 f.
1136 4203 1189 4247 D.
1213 4200 1280 4246 de
1298 4208 1436 4245 reso.
1464 4197 1625 4245 vend.
1758 4195 1836 4253 14)
1867 4196 1919 4242 1..
1941 4193 2021 4243 21,
2047 4194 2097 4241 in
2120 4195 2158 4241 1.
2182 4195 2233 4238 et
2254 4201 2359 4248 arg.
2381 4189 2433 4235 1..
2453 4185 2534 4234 5⁷.
2559 4189 2585 4243 s
2610 4187 2656 4232 1.
2680 4186 2748 4233 de
2764 4191 2913 4242 pact.

260 4269 451 4325 (xviii,
472 4265 613 4324 5.)-
638 4265 687 4321 b)
711 4267 762 4313 Ι..
788 4265 866 4315 19.
890 4265 918 4320 s
942 4263 988 4310 1.
1010 4261 1262 4318 θοὰ-ο)
1285 4262 1350 4308 De
1373 4260 1629 4318 Aquiliana
1758 4256 1836 4314 15)
1869 4258 1919 4303 1..
1941 4253 2021 4306 17.
2041 4259 2067 4312 S
2087 4256 2137 4304 5.
2160 4257 2214 4301 D.
2238 4253 2307 4299 de
2326 4253 2465 4308 pace.

258 4340 382 4376 vero
420 4328 736 4388 stipulatione
766 4331 792 4384 ς
825 4331 873 4375 2.
908 4327 945 4373 i.
969 4327 1022 4372 1..
1048 4326 1139 4371 ull.
1167 4323 1223 4369 C.
1254 4323 1309 4370 la.
1333 4325 1372 4370 t.
1393 4346 1453 4356 —
1475 4323 1633 4381 Enyo
1760 4319 1837 4378 16)
1871 4320 1923 4365 Ι..
1949 4315 2029 4368 10.
2053 4319 2103 4365 in
2122 4319 2159 4365 f.
2184 4318 2236 4363 1..
2258 4312 2337 4361 16.
2370 4324 2446 4372 pr.
2469 4315 2524 4361 1..
2544 4313 2623 4360 21.
2643 4315 2670 4368 S
2691 4313 2736 4358 1.
2761 4315 2812 4357 et
2831 4311 2880 4357 2.
2906 4312 2960 4358 1..
2980 4309 3060 4360 25.

258 4391 459 4441 civilist.
475 4393 663 4447 nagan.
687 4389 745 4436 ll.
770 4390 980 4438 nulllx.
1696 4384 1723 4438 s
1740 4381 1789 4429 2.
1818 4383 1869 4427 1..
1893 4378 1973 4427 26.
2001 4384 2056 4427 D.
2079 4379 2147 4426 de
2162 4380 2310 4434 pact.

324 4454 379 4513 6)
408 4456 436 4510 s
457 4455 545 4500 ult.
569 4454 605 4497 l.
624 4451 680 4496 Ιι.
698 4454 739 4499 t.
760 4477 820 4487 —
838 4454 889 4498 1..
912 4449 994 4496 80.
1019 4449 1075 4493 D.
1095 4445 1165 4493 de
1181 4447 1339 4495 solut.
1760 4441 1839 4501 17)
1873 4443 1982 4489 vid.
2004 4442 2367 4494 Uebersetzung
2381 4436 2431 4483 d.
2446 4437 2545 4484 Tit.
2558 4435 2620 4483 de
2639 4431 2862 4494 panum.
2884 4437 2988 4482 not.
3007 4435 3062 4482 b.

324 4515 377 4574 7)
407 4515 481 4564 Cf.
509 4527 556 4562 v.
583 4526 629 4560 c.
654 4514 709 4559 1..
739 4511 818 4560 17.
843 4517 870 4570 s
891 4515 939 4560 1.
971 4510 1020 4556 Ξ.
1048 4510 1102 4555 D.
1125 4508 1192 4554 de
1217 4511 1363 4565 pact.
1388 4531 1442 4542 -·
1471 4505 1525 4552 Ι..
1547 4503 1631 4554 95.
1693 4512 1742 4553 et
1757 4507 1839 4554 ΒΞ.
1862 4508 1968 4552 not.
1993 4515 2040 4554 a.
2061 4505 2128 4561 (p.
2150 4499 2230 4550 48.
2254 4496 2375 4561 sq.).
2771 4556 2785 4570 .

258 4581 292 4635 ς
306 4577 360 4627 4.
383 4581 438 4625 D.
459 4578 529 4624 de
549 4575 712 4622 solut.
736 4601 797 4610 —
817 4577 843 4631 ς
862 4577 910 4621 ὅ.
931 4576 968 4620 1.
985 4571 1055 4618 de
1074 4569 1494 4626 exceptionibus.
1764 4567 1840 4626 18)
1875 4570 1927 4615 1..
1951 4566 1997 4612 1.
2022 4567 2050 4621 8
2068 4563 2118 4612 ὃ.
2141 4566 2195 4611 D.
2217 4573 2451 4621 quarum
2472 4571 2652 4609 rerum
2672 4560 2814 4607 acteo
2835 4568 2944 4606 non
2962 4557 3057 4606 da-

326 4639 433 4750 gges
456 4640 568 4685 172.
611 4641 663 4683 et
698 4636 823 4685 inira
843 4638 869 4692 S
888 4633 999 4685 477.
1032 4638 1139 4680 tum
1161 4633 1267 4680 Lib.
1290 4633 1347 4680 V.
1386 4633 1506 4692 Cap.
1546 4631 1629 4679 lll.
1695 4639 1804 4683 tur.
1825 4630 2002 4689 (xmv,
2021 4626 2091 4686 5.)
2113 4650 2169 4660 —-
2188 4625 2297 4673 vid.
2318 4630 2370 4672 et
2394 4623 2552 4680 5151.
2572 4625 2676 4669 not.
2697 4620 2747 4668 0.

256 4763 570 4875 exi-⁵42¹&
587 4759 757 4882 1¹..5'f's
780 4765 906 4873 ἷζῖ.
928 4763 998 4873 2⁶
1016 4756 1334 4872 fibs{.⁹ae}er?0'1.
1354 4757 1636 4883 ῗῖνῗῧῗῖ)
1763 4803 1830 4874 (⁸5
1859 4811 1963 4870 mg.
2005 4810 2183 4870 (uvi,
2211 4806 2283 4867 2.)
2307 4805 2426 4855 coa.
2452 4804 2594 4862 (vm,
2617 4800 2717 4860 ⁴2.)
2738 4802 2806 4852 de
2827 4799 3063 4851 novatio-

259 4888 391 4941 (not.
414 4889 533 4948 12).
1702 4879 1809 4928 nib.
1842 4879 1897 4924 et
1929 4869 2291 4935 detestationis.
2312 4894 2374 4906 --
2396 4866 2631 4920 Rea-nab.
2665 4865 2971 4932 Βήεσοηζαε
3002 4866 3065 4917 de
