3544 5506
3011 330 3125 389 ³49

305 459 520 531 agitur
541 501 557 527 ‚
602 459 903 532 pertinet.
942 462 1156 532 Neque
1192 473 1350 518 vero
1382 454 1445 517 id
1485 473 1742 530 semper
1783 474 1918 517 uno
1962 459 2181 518 modo.
2226 457 2389 516 Nam
2427 456 2487 531 1)
2519 457 2683 517 citra
2721 458 3124 531 obligationis

306 571 566 615 causam
592 556 836 615 domini
855 599 875 626 ,
902 556 1074 629 iique
1092 597 1110 630 ,
1135 556 1244 628 qui
1267 555 1506 617 habent
1530 555 1638 627 jus
1660 555 1726 612 in
1756 569 1830 613 re
1857 555 2073 613 aliena
2090 556 2399 612 damnum
2432 553 2525 612 rei
2557 569 2712 612 casu
2741 556 2845 612 vel
2876 540 3125 627 perem-

308 661 416 714 tae
453 657 557 713 vel
603 651 667 714 in
701 655 984 715 deterius
1008 661 1296 714 mutatae
1337 655 1623 713 sentiunt
1648 651 1724 725 ³).
1760 653 1994 731 Quodsi
2022 654 2083 727 Ξ)
2115 660 2297 712 certa
2322 652 2539 725 aliqua
2573 654 2815 726 species
2857 654 2924 711 in
2960 653 3122 716 obli-

306 751 626 825 gationem
650 752 931 810 deducta
957 756 1054 811 eat
1070 791 1088 819 ‚
1121 765 1264 809 eam
1289 746 1449 809 solvi
1469 746 1750 824 creditor
1770 751 2023 822 exigere
2047 751 2307 821 quidem
2331 765 2462 808 non
2487 756 2736 822 potest,
2764 750 2876 808 aed
2903 750 3122 823 aequi-

305 852 423 908 tati
445 851 840 910 conveniens
865 857 983 920 est,
1019 867 1146 910 non
1175 850 1375 923 magis
1401 851 1675 909 alterum
1698 846 1787 918 id,
1814 851 1991 923 quod
2011 849 2069 907 ei
2092 856 2488 923 praestatum
2509 852 2607 907 vel
2634 851 3115 922 praestandum,

304 948 586 1009 retinere
613 949 710 1007 vel
739 954 961 1020 petere
994 962 1179 1019 posse
1205 942 1273 1020 ⁴).
1309 950 1603 1009 Attamen
1634 947 1698 1004 in
1731 947 2014 1005 emtione
2036 946 2402 1005 venditione
2431 960 2624 1004 omne
2651 946 3007 1019 periculum
3035 947 3119 1007 ad

304 1057 476 1104 eum.
504 1046 615 1117 qui
642 1044 996 1103 dominium
1020 1044 1353 1116 acquirere
1382 1044 1566 1115 velit,
1589 1048 1905 1115 spectare,
1924 1043 2075 1116 jure
2103 1039 2394 1101 Romano
2425 1047 2682 1100 constat
2695 1038 2769 1117 ⁵).
2802 1044 2863 1115 5)
2884 1039 3119 1119 Quodsi

304 1148 417 1199 aut
450 1156 670 1199 rerum
698 1140 1093 1213 fungibilium
1120 1142 1513 1214 quantitates
1535 1140 1898 1216 debentur,
1945 1143 2057 1198 aut
2097 1153 2175 1196 ex
2204 1134 2331 1196 alio
2375 1153 2593 1196 rerum
2639 1153 2875 1210 genere
2916 1155 3118 1212 quae-

306 1241 492 1313 dam,
528 1241 768 1303 scilicet
809 1241 1144 1314 speciebus
1187 1241 1480 1299 nondum
1502 1240 1814 1309 definitis,
1848 1240 1912 1297 in
1952 1240 2341 1310 obligatione
2367 1247 2516 1297 sunt
2555 1240 2921 1298 omnimodo
2952 1241 3120 1313 peri-

306 1340 524 1399 culum
555 1340 821 1398 sustinet
851 1338 1107 1397 debitor
1132 1334 1201 1413 6).
1251 1339 1309 1409 4)
1355 1341 1424 1400 ln
1466 1336 1619 1395 iacti
1648 1336 2146 1409 obligationibus
2179 1337 2285 1412 jus
2330 1332 2513 1395 civile
2543 1332 2849 1395 debitoris
2886 1352 3122 1396 causae

308 1439 506 1510 magis
540 1439 746 1510 favet,
769 1447 878 1516 ut,
918 1440 1170 1513 quoties
1197 1455 1312 1513 per
1334 1455 1482 1498 eum
1515 1454 1646 1496 non
1679 1438 1857 1498 stetit
1885 1479 1901 1506 ‚
1949 1438 2056 1511 qui
2080 1438 2289 1496 minus
2312 1438 2687 1510 impleretur
2714 1433 3046 1511 obligatio,
3082 1453 3121 1496 a

307 1537 634 1594 creditore
663 1552 847 1595 casus
868 1536 1272 1608 recipiendus
1303 1531 1381 1593 sit
1405 1531 1454 1609 ⁷)
1475 1576 1491 1604 ‚
1533 1535 1650 1592 nisi
1681 1540 1795 1592 aut
1829 1550 1905 1593 ex
1937 1550 2017 1594 eo
2047 1549 2282 1606 genere
2305 1536 2384 1592 sit
2414 1541 2787 1593 contractus
2813 1577 2830 1609 ‚
2876 1541 2953 1591 ut·
2975 1533 3121 1611 jure

310 1628 681 1704 poenitendi
707 1633 803 1690 uti
835 1629 1023 1691 liceat
1055 1628 1356 1690 creditori
1374 1627 1441 1705 ⁸),
1472 1638 1583 1689 aut
1622 1632 1704 1688 ab
1731 1632 1859 1689 alio
1899 1632 2264 1690 mercedem
2307 1631 2562 1688 debitor
2601 1631 2845 1706 accepit
2867 1634 2918 1703 ⁹)
2944 1678 2960 1704 ,
3002 1636 3120 1688 aut

309 1730 506 1786 talem
533 1724 896 1787 adhibuerit
919 1734 1287 1787 contractus
1310 1727 1583 1785 sormam
1608 1727 1657 1784 is
1675 1770 1691 1796 ,
1726 1726 1835 1799 qui
1866 1721 2114 1786 factum
2138 1726 2473 1803 stipulatus
2500 1733 2629 1796 est,
2664 1740 2830 1798 quae
2852 1725 3118 1798 efficiat,

312 1836 380 1885 ut
414 1827 585 1887 facto
624 1844 754 1888 non
796 1829 1136 1903 praestito,
1171 1843 1386 1900 neque
1429 1827 1711 1901 pretium
1751 1827 1924 1900 peti,
1958 1841 2170 1901 neque
2198 1826 2476 1885 solutum
2500 1826 2761 1885 retineri
2798 1832 2992 1900 queat
3015 1822 3117 1898 ¹⁰).

881 346 1021 391 CAr.
1062 346 1160 389 111.
1201 345 1278 391 DE
1316 345 1594 395 cuntur.
1636 345 1952 400 mxuma,
1994 345 2058 389 Vl
2100 344 2239 393 Am.
2279 343 2553 387 mern.

368 2040 418 2102 5)
439 2044 494 2091 1..
517 2042 599 2096 23.
621 2045 674 2092 in
690 2045 729 2092 i.
753 2046 809 2093 D.
825 2043 897 2093 de
916 2056 1028 2105 req.
1053 2048 1171 2103 jur.
1196 2068 1256 2081 —-
1287 2048 1313 2102 S
1331 2044 1382 2093 5.
1406 2046 1459 2099 in
1478 2047 1518 2094 f.
1538 2048 1580 2095 l.
1602 2047 1674 2096 de
1736 2046 2229 2109 (xxxv,3.)—L.5li.
2253 2051 2280 2105 ς
2295 2047 2346 2096 7.
2372 2050 2426 2095 D.
2441 2046 2698 2094 deconer.
2718 2041 3034 2100 emt.(xvltl,
3049 2041 3119 2099 1.)

308 2106 407 2157 loc.
432 2108 782 2156 σκοπῶ-Ι..
807 2108 853 2156 1.
875 2109 901 2163 S
923 2105 971 2155 4.
998 2110 1051 2156 D.
1075 2109 1144 2155 de
1167 2111 1224 2155 0.
1247 2114 1302 2155 ce
1319 2111 1387 2156 A.
1407 2110 1586 2170 (XLIV,
1605 2109 1675 2169 7.)
1802 2111 1850 2170 7)
1872 2115 1906 2161 L
1930 2109 2009 2159 19.
2029 2116 2050 2165 ς
2071 2109 2118 2159 9.
2151 2114 2204 2163 D.
2229 2112 2329 2159 loc.
2356 2109 2514 2161 cond.
2541 2110 2558 2166 (
2585 2108 2698 2164 Ulp.
2724 2120 2749 2147 ιι
2771 2107 2891 2151 Cum
2914 2105 3116 2162 quidam

313 2170 424 2216 -L.
453 2167 532 2216 12.
550 2170 606 2216 C.
630 2171 730 2217 loc.
752 2171 911 2217 cond.
935 2172 1035 2228 (lv,
1052 2168 1228 2229 65.)-
1252 2173 1304 2217 L.
1327 2169 1377 2218 5.
1398 2172 1425 2227 S
1442 2173 1490 2218 2.
1517 2172 1569 2218 1..
1598 2170 1676 2220 24.
1745 2181 1978 2233 exceptor
2012 2185 2185 2231 operas
2229 2185 2340 2219 suas
2378 2176 2612 2230 locasset,
2635 2170 2811 2216 deinde
2834 2169 2874 2213 is
2890 2200 2906 2221 ,
2928 2166 3011 2224 qui
3035 2177 3119 2212 eas

307 2242 384 2289 pr.
405 2233 459 2278 D.
480 2232 626 2290 quib.
646 2233 783 2279 mod.
811 2233 1013 2288 neustr.
1034 2236 1203 2281 amitt.
1226 2234 1357 2293 (vll,
1378 2231 1447 2291 4.)
1475 2259 1521 2268 -
1554 2236 1607 2281 L.
1630 2235 1678 2283 6.
1744 2237 2078 2296 conduxerat,
2100 2237 2383 2285 decessisset
2409 2270 2425 2295 ,
2470 2237 2591 2292 imp.
2627 2232 2901 2279 Antoninus
2924 2241 3035 2275 cum
3057 2230 3113 2275 D·

308 2293 360 2339 C.
385 2292 611 2356 depiqn.
630 2298 733 2342 act.
759 2294 856 2355 (lv,
880 2294 981 2352 2⁴.)
1014 2322 1075 2330 —
1109 2297 1183 2343 Ct'.
1224 2298 1275 2343 C.
1310 2298 1377 2349 H.
1403 2298 1682 2358 Breuninq
1745 2300 1925 2346 Severo
1965 2299 2212 2357 rescripsit
2254 2298 2318 2346 ad
2360 2298 2575 2344 libellum
2614 2293 2884 2352 exceptoris
2916 2292 2964 2337 in
2996 2291 3117 2337 haec

308 2355 470 2414 (resp.
492 2356 855 2414 Duczewskr)
888 2360 951 2406 de
979 2370 1119 2405 casus
1146 2359 1476 2418 praestatione
1509 2364 1526 2417 (
1550 2360 1679 2419 Lips.
1745 2362 1893 2409 verba
1919 2378 1931 2409 ε
1956 2374 2077 2409 cum
2114 2373 2219 2418 per·
2256 2364 2307 2408 le
2343 2372 2451 2408 non
2485 2358 2691 2407 stetisse
2715 2365 2958 2414 proponas
2980 2387 2995 2409 ‚
3018 2365 3118 2411 quo

311 2415 453 2466 1768.
479 2417 549 2483 4.)
570 2422 596 2475 ς
618 2419 668 2467 5.
693 2419 743 2468 4.
1743 2426 1905 2472 minus
1930 2428 2115 2473 locatas
2132 2436 2305 2481 operas
2340 2425 2550 2469 Antonio
2574 2419 2772 2479 Aquilae
2793 2420 3011 2465 solveres
3032 2449 3048 2473 ,
3069 2415 3119 2463 si

376 2479 466 2537 4)[
499 2483 701 2530 Dissent.
741 2483 1036 2534 Waecltter·
1075 2482 1216 2532 Arch.
1258 2484 1296 2530 i.
1336 2482 1428 2529 civ.
1463 2483 1540 2529 Pr.
1575 2484 1676 2531 XV.
1740 2486 1923 2535 eodem
1957 2500 2105 2534 anno
2128 2486 2399 2533 mercedes
2428 2484 2497 2531 ab
2515 2484 2619 2531 alio
2637 2493 2744 2528 non
2763 2477 3031 2536 accepisti,
3056 2478 3117 2524 n-

314 2542 438 2591 diss.
470 2545 527 2590 Vl
568 2552 617 2592 et
638 2547 733 2604 lx,
774 2547 892 2604 qui,
934 2546 1113 2602 rejecta
1148 2548 1314 2604 regula
1346 2546 1428 2592 illa
1452 2560 1478 2590 u
1513 2557 1679 2594 casum
1741 2550 1856 2596 dem
1887 2554 2166 2597 contractus
2207 2549 2396 2605 impleri
2432 2557 2642 2606 aequum
2667 2548 2829 2599 esta»)
2876 2567 2936 2576 -
2959 2542 3010 2586 1..
3032 2537 3115 2588 58.

315 2609 457 2651 sentit
477 2607 705 2655 dominus
725 2626 748 2650 n
774 2610 837 2655 ad
859 2620 940 2655 eas
963 2613 1226 2668 provocat,
1247 2620 1368 2668 quas
1408 2609 1458 2655 L.
1491 2606 1599 2655 155.
1621 2611 1675 2657 D.

308 2666 379 2714 de
408 2680 519 2732 req.
551 2675 668 2731 jur.
699 2688 723 2712 u
748 2672 1118 2729 impossibilium
1154 2672 1291 2720 nulla
1327 2671 1601 2727 obligatio„
1627 2675 1677 2718 et

307 2730 361 2784 L.
382 2730 463 2779 23.
491 2734 545 2780 D.
565 2731 686 2783 eod.
726 2745 898 2780 «casus
916 2747 943 2782 a
965 2737 1100 2783 nutto
1120 2739 1427 2792 praestantur
1440 2749 1465 2775 n
1476 2734 1678 2793 legimus

303 2793 371 2852 (p.
397 2793 489 2841 116
514 2802 660 2856 sqq.).
705 2797 793 2856 Qui
816 2797 1015 2856 quidem
1045 2798 1137 2844 loci
1169 2796 1288 2846 nihil
1312 2796 1521 2854 probant
1544 2830 1561 2854 ,
1585 2799 1677 2846 nisi

304 2857 356 2901 id
378 2891 393 2913 ,
415 2859 550 2917 quod
580 2859 902 2906 libentissime
943 2858 1255 2906 concedimus
1275 2892 1291 2915 ‚
1315 2860 1677 2916 promittentem

304 2919 524 2980 liberari3
546 2933 606 2969 ex
622 2932 720 2985 quo
741 2924 876 2968 nullo
896 2923 1044 2969 modo
1064 2923 1231 2980 colligi
1254 2927 1443 2982 potest,
1465 2924 1678 2972 alterum

305 2981 578 3041 obligatum
601 2996 815 3032 manere.
844 3011 903 3019 —
922 2986 975 3032 Ε.
997 2987 1056 3033 G.
1077 2984 1095 3042 ]

365 3041 451 3102 5)[
474 3047 528 3091 L.
550 3043 602 3092 8.
627 3058 704 3105 pr.
726 3048 780 3092 D.
817 3047 886 3095 de
917 3058 1036 3105 per.
1080 3051 1137 3093 et
1166 3058 1351 3097 comm.
1393 3044 1474 3094 rei
1513 3045 1671 3096 vend.

306 3105 491 3167 (thu,
509 3106 583 3167 6.)
602 3134 657 3143 -
694 3111 758 3155 De
780 3123 838 3157 eo
860 3144 875 3172 ,
900 3122 1018 3158 num
1041 3109 1172 3157 idem
1193 3112 1349 3156 valeat
1368 3109 1418 3155 in
1440 3111 1643 3156 caeteris
1657 3144 1673 3171 ,

304 3171 483 3227 quibus
508 3171 783 3219 dominium
812 3172 1122 3227 transfertur,
1144 3171 1475 3219 contractibus
1496 3182 1674 3217 onero-

304 3235 368 3276 sis
389 3233 606 3280 maxime
624 3235 1054 3292 disputatum—et.
1090 3234 1317 3282 Tlsibaul
1341 3235 1489 3280 Pand.
1516 3233 1563 3290 (8
1575 3234 1675 3293 ed.)

305 3293 462 3354 3478.
489 3296 572 3342 Nr.
597 3297 676 3342 111.
700 3296 751 3343 2.
776 3299 826 3344 B.
850 3299 934 3357 qui
958 3298 1102 3345 bodie
1121 3300 1286 3356 negat,
1302 3302 1352 3341 et
1378 3296 1675 3346 Waeclzter·

308 3357 358 3401 in
381 3359 542 3404 doctr.
559 3358 629 3405 de
647 3359 805 3412 cond.
828 3371 875 3413 c.
899 3359 956 3407 d.
978 3372 1026 3408 c.
1053 3373 1106 3406 n.
1128 3370 1174 3405 s.
1199 3372 1248 3419 p.
1275 3355 1367 3409 128
1386 3370 1492 3416 sqq.
1526 3365 1574 3404 et
1597 3360 1672 3404 in-

307 3420 475 3476 primis
498 3422 549 3467 in
569 3422 713 3468 Arch.
739 3423 775 3469 t‘.
800 3424 893 3470 civ.
938 3424 1015 3469 Pr.
1039 3424 1072 3469 1.
1100 3423 1136 3468 1.
1171 3424 1256 3482 qui
1289 3421 1519 3468 affirmat.
1550 3420 1674 3469 Titi-

308 3480 709 3541 bautiae’opinioni
732 3485 864 3531 favet
884 3487 936 3533 1..
961 3483 1039 3532 16.
1065 3486 1119 3530 D.
1144 3484 1379 3533 decond.
1403 3494 1451 3530 c.
1477 3483 1530 3529 d.
1546 3495 1593 3531 c.
1616 3495 1671 3529 n.

307 3554 354 3588 s.
378 3547 393 3598 (
416 3547 528 3606 xil,
551 3543 639 3604 4.)
675 3547 798 3602 (sed
832 3549 928 3597 vid.
953 3549 1270 3600 ·Waeclztee·
1300 3549 1350 3593 in
1388 3545 1532 3595 Arch.
1570 3548 1606 3592 t.
1641 3548 1675 3594 1.

309 3616 356 3662 p.
373 3606 532 3667 217.);
548 3610 687 3655 alteri
707 3621 840 3668 vero,
856 3612 909 3660 L.
932 3607 982 3657 5.
1003 3613 1029 3667 s
1051 3609 1096 3657 1.
1118 3613 1173 3657 D.
1194 3609 1262 3662 de
1288 3620 1531 3667 praescr.
1555 3618 1679 3656 ver-—

311 3668 404 3716 bis.
429 3670 574 3730 (xlx,
597 3669 668 3730 5.)
710 3674 802 3719 nisi
840 3674 988 3720 verba
1034 3688 1060 3714 «ι
1094 3674 1307 3732 periculo
1343 3684 1452 3717 meo
1484 3669 1676 3718 Stichus

307 3737 398 3778 erit
418 3747 444 3774 n
469 3734 533 3778 ad
555 3739 651 3781 act.
676 3745 889 3792 praescr.
913 3735 1094 3796 verbis,
1116 3748 1243 3795 quae
1262 3735 1527 3793 amittitur,
1547 3733 1670 3779 rete-

307 3805 403 3840 ras.
424 3818 488 3827 —
520 3797 634 3844 Vid.
668 3799 736 3843 Η.
772 3798 1025 3846 Donellus
1081 3800 1355 3845 comment.
1420 3796 1521 3852 jur.
1578 3797 1671 3846 civ.

309 3856 413 3902 Lib.
436 3858 558 3904 xlv.
582 3873 627 3906 c.
646 3859 725 3906 21.
749 3858 913 3914 §8.-
930 3862 988 3907 L.
1017 3861 1330 3910 Charondas
1352 3862 1413 3907 ad
1436 3861 1489 3905 L.
1512 3855 1592 3905 23.
1617 3860 1673 3906 D.

309 3919 377 3964 de
398 3920 468 3965 V.
493 3922 550 3966 0.
575 3923 623 3967 in
648 3925 766 3969 Ouo
785 3924 910 3969 thes.
945 3923 1006 3969 T.
1031 3924 1066 3969 Ι.
1094 3935 1141 3980 p.
1162 3920 1277 3970 81⁸.
1314 3947 1370 3956 -
1404 3924 1495 3971 Jo.
1516 3921 1674 3970 Fend.

309 3982 377 4027 de
396 3983 555 4032 Retes
595 3996 760 4043 opusc.
809 3986 915 4033 Lib.
958 3987 1016 4036 11.
1052 3987 1180 4032 Sect.
1222 3988 1258 4033 1.
1298 3997 1343 4032 c.
1367 3984 1414 4031 4.
1450 3986 1530 4031 Nr.
1554 3981 1604 4030 4.
1626 3986 1676 4032 in

311 4045 528 4090 Meet-m.
564 4048 689 4094 thes.
714 4048 774 4096 Τ.
798 4049 875 4095 vt.
909 4060 960 4106 p.
999 4045 1080 4094 96.
1120 4073 1178 4082 -
1213 4045 1373 4099 θὶὔοΙε
1403 4047 1556 4094 Pand.
1587 4047 1665 4092 Vl.

308 4117 356 4163 p.
376 4104 472 4153 384
506 4116 613 4168 sqq.
648 4116 750 4157 not.
787 4108 868 4157 59.
911 4116 962 4156 et
1001 4111 1122 4157 xm.
1165 4123 1216 4169 p.
1241 4109 1458 4170 47sq.-
1476 4113 1535 4155 At
1569 4109 1669 4156 vid.

315 4169 614 4226 Waecltcee·
633 4173 776 4221 Arcb.
798 4174 832 4219 1.
854 4175 888 4220 Ι.
931 4185 982 4231 p.
1008 4171 1099 4219 toa
1120 4186 1227 4232 sqq.
1252 4179 1369 4231 etp.
1396 4169 1559 4229 aie).
1581 4172 1672 4218 Mi-

305 4241 400 4276 nus
417 4233 568 4280 etiam
594 4237 768 4292 probat
785 4233 931 4283 1..55.
949 4237 1004 4281 D.
1027 4235 1093 4283 de
1115 4238 1186 4284 V.
1214 4238 1272 4283 0.
1291 4241 1340 4282 et
1363 4237 1414 4281 L.
1439 4234 1516 4283 10.
1537 4233 1675 4285 C-de

305 4296 465 4341 cond.
487 4296 554 4344 ob
572 4308 725 4344 caus.
757 4299 870 4352 dat.
906 4299 922 4356 (
943 4299 1003 4343 lv
1018 4332 1033 4356 ,
1053 4295 1100 4344 6.
1122 4300 1139 4356 )
1169 4310 1319 4358 quam
1340 4299 1596 4354 explicaris
1613 4308 1672 4343 ex

306 4355 358 4401 1..
382 4353 432 4402 5.
456 4360 502 4414 s.
522 4360 608 4406 fin.
635 4359 771 4411 D.de
789 4360 948 4410 cond.
971 4371 1021 4407 c.
1038 4360 1093 4407 d.
1116 4373 1164 4413 c.
1190 4374 1244 4408 n.
1268 4359 1455 4412 s.—-Ct‘.
1479 4361 1546 4406 Η.
1570 4361 1674 4406 Do-

305 4420 487 4466 neltus
507 4423 540 4469 l.
572 4424 645 4478 l.S
661 4422 734 4469 to.
758 4430 808 4471 et
830 4423 990 4474 Gteck
1007 4423 1254 4472 Pand.lv.
1277 4420 1449 4483 ρ.586.
1474 4418 1673 4469 nuntii).

304 4483 500 4529 Frustra
517 4497 635 4532 vero
649 4492 951 4544 provocant,
971 4487 1056 4544 qui
1079 4489 1279 4543 negant,
1302 4487 1362 4532 ad
1383 4486 1436 4531 1..
1458 4483 1538 4532 58.
1573 4488 1599 4541 S
1624 4483 1671 4533 1.

306 4547 359 4592 D.
402 4558 505 4602 pro
542 4548 702 4596 socio.
722 4551 738 4605 (
760 4550 885 4595 xvll
909 4582 924 4604 ‚
943 4547 991 4594 Ξ.
1013 4550 1030 4607 )
1063 4550 1195 4607 (vid.
1237 4549 1541 4598 Waecliter
1558 4551 1593 4596 1.
1635 4549 1669 4594 l.

305 4622 355 4668 p.
379 4607 476 4655 207
502 4611 992 4670 sqq.).Favorabllior
1011 4613 1080 4659 eis
1111 4616 1186 4658 est
1220 4613 1273 4660 1..
1310 4609 1390 4658 55.
1436 4614 1492 4659 D.
1516 4610 1679 4661 locati

303 4673 450 4732 (xix,
471 4673 543 4730 2.)
566 4676 636 4732 (at
657 4674 754 4721 vid.
787 4673 1078 4726 Waecmer
1094 4677 1128 4720 1.
1155 4676 1189 4722 Ι.
1216 4686 1265 4733 p.
1289 4672 1385 4720 205
1410 4675 1675 4734 καφ-01.)

295 4742 347 4782 et
367 4736 544 4783 Noode
562 4736 807 4796 probabit.
836 4737 938 4793 jur.
964 4737 1067 4783 Lib.
1110 4737 1190 4786 lv.
1222 4748 1268 4785 c.
1302 4733 1350 4783 5.
1393 4737 1475 4784 Νι.
1521 4738 1559 4785 1.
1604 4762 1666 4770 -

362 4861 415 4918 6)
435 4860 572 4918 §2¹-
595 4859 739 4920 quib.
753 4860 966 4908 modae
984 4865 1155 4909 coner.
1182 4860 1455 4910 olm—LA.
1482 4864 1508 4916 s
1528 4859 1576 4909 4.
1612 4864 1668 4908 D.

297 4927 366 4975 ae
383 4930 505 4977 aee
524 4923 1074 4986 A.(xt.1v,7.)—1..50.
1095 4926 1122 4982 s
1140 4923 1188 4973 5.
1211 4928 1265 4974 n.
1279 4924 1356 4976 aa
1370 4924 1668 4991 (efflantem.

1740 2611 1858 2658 eod.
1883 2616 1898 2669 (
1922 2636 1978 2646 -
2012 2612 2220 2661 Paulus
2242 2612 2328 2658 lib.
2350 2613 2475 2667 sing.
2500 2608 2738 2668 reqular.
2779 2622 2803 2648 ιι
2828 2605 2917 2660 Qui
2943 2615 3116 2674 operas

1740 2686 1853 2720 suas
1879 2676 2087 2733 locavit,
2126 2673 2276 2720 totius
2320 2673 2550 2731 temporis
2592 2670 2864 2717 mercedem
2899 2678 3116 2722 accipere

1740 2738 1910 2798 debet,
1931 2737 1979 2785 si
1992 2748 2093 2795 per
2110 2747 2232 2785 eum
2270 2747 2378 2784 non
2405 2734 2589 2792 stetit,
2622 2743 2720 2794 quo
2749 2733 2912 2779 minus
2944 2741 3119 2790 operas

1741 2807 1972 2857 praestet.
1996 2802 2022 2857 ς
2049 2799 2093 2849 1.
2122 2800 2352 2850 Advocati
2374 2807 2588 2858 quoque
2603 2830 2622 2860 ‚
2656 2795 2703 2843 si
2725 2807 2828 2852 per
2871 2805 2963 2840 eos
3008 2803 3118 2839 non

1743 2863 1972 2921 steterit,
1995 2875 2094 2922 quo
2111 2864 2271 2912 minus
2292 2874 2488 2908 causam
2513 2864 2693 2917 agant,
2712 2857 2975 2904 honoraria
3000 2856 3112 2901 red·

1740 2930 1857 2975 dere
1877 2939 1975 2973 non
1995 2926 2272 2982 debeata»)
2306 2949 2367 2958 -
2400 2927 2455 2971 1..
2497 2923 2541 2969 1.
2580 2923 2605 2977 ς
2645 2919 2721 2967 15.
2764 2922 2819 2967 D.
2864 2917 2932 2965 de
2968 2923 3114 2967 extr.

1739 2991 1930 3052 coqui&
1975 3005 2026 3020 s
2065 2989 2115 3034 l..
2139 2985 2219 3035 15.
2239 2988 2380 3046 (Utp.
2408 3003 2432 3028 u
2457 2988 2511 3032 D.
2536 2985 2745 3030 Severus
2767 2983 2830 3028 ab
2851 2981 3116 3027 heredibus

1737 3052 1962 3098 advocati
1985 3052 2194 3098 mortuo
2216 3061 2279 3098 eo
2312 3048 2564 3107 prohibuit
2584 3082 2600 3105 ,
2622 3046 2894 3091 mercedem
2920 3044 3073 3100 repeti
3099 3058 3112 3088 ε

1736 3114 1866 3174 quia
1884 3126 1987 3171 pet·
2002 3113 2172 3168 ipsum
2194 3123 2303 3160 non
2322 3112 2550 3161 steterat
2565 3142 2580 3170 ,
2608 3120 2708 3167 quo
2727 3108 2889 3152 minus
2911 3116 3114 3153 causam

1737 3175 2094 3233 ageret.n)—L.
2119 3172 2195 3222 15.
2220 3186 2297 3233 pr.
2322 3176 2377 3220 D.
2398 3173 2466 3220 de
2485 3183 2629 3227 oper.
2649 3169 2821 3216 libert.
2843 3168 3119 3225 (xxxvttl,

1739 3238 1807 3291 1.)
1826 3238 1967 3294 (Ulp.
1993 3253 2018 3280 u
2031 3237 2366 3294 Libertus,qui
2389 3242 2498 3293 post
2517 3233 2828 3280 indictionem
2850 3240 3113 3287 operarum

1735 3299 2040 3348 valetudine
2063 3299 2362 3355 impeditur,
2380 3309 2478 3357 quo
2502 3298 2662 3343 minus
2687 3298 2897 3365 praestet
2918 3303 3114 3349 operas,

1735 3375 1836 3410 non
1873 3367 2099 3410 tenetur:
2128 3373 2228 3414 nec
2267 3360 2407 3409 enlm
2443 3362 2619 3417 potest
2651 3354 2817 3403 videre
2855 3365 2957 3411 per·
2991 3363 3113 3400 eum

1736 3429 1903 3484 stare,
1923 3436 2021 3483 quo
2045 3425 2202 3472 minus
2224 3434 2398 3483 operas
2420 3425 2650 3480 praestet.
2670 3419 2717 3477 n)
2733 3418 2856 3462 -L.
2881 3415 2927 3463 5.
2951 3428 3026 3474 pr.
3054 3418 3109 3462 D.

1736 3488 1806 3534 de
1827 3498 1876 3534 c.
1904 3499 1950 3535 c.
1979 3486 2032 3538 d.
2056 3499 2109 3537 c.
2128 3500 2182 3534 n.
2199 3498 2244 3533 s.
2269 3485 2387 3543 (vid.
2412 3490 2517 3534 not.
2543 3481 2631 3540 8.).
2647 3506 2704 3514 —
2721 3485 2775 3527 At
2799 3486 2902 3525 tota
2920 3490 3065 3525 causa
3083 3489 3114 3526 a

1740 3551 1881 3596 nobis
1903 3550 2209 3603 dissentitde
2227 3551 2386 3597 Retes
2408 3550 2441 3594 Ι.
2466 3550 2500 3594 l.
2540 3546 2645 3592 Lib.
2670 3544 2727 3589 11.
2758 3546 2883 3591 Sect.
2911 3543 2967 3587 11.
2993 3554 3038 3587 c.
3060 3538 3111 3587 7.

1741 3614 1822 3659 Nr.
1849 3610 2025 3659 8-19,
2045 3649 2060 3672 ,
2093 3625 2181 3659 nec
2198 3613 2301 3670 alii,
2321 3612 2402 3669 qui
2425 3610 2551 3656 hanc
2572 3607 2906 3668 quaestionem
2931 3608 3114 3649 tracta·

1739 3681 1884 3732 runt,
1907 3688 2103 3734 prorsus
2126 3676 2375 3722 nobiscum
2397 3666 2729 3720 consentiunt.
2756 3694 2816 3703 —
2849 3668 2923 3714 Cl'.
2951 3666 3114 3714 Glticlc

1739 3739 1892 3785 Pand.
1918 3739 1997 3789 lV.
2017 3741 2043 3796 S
2064 3736 2213 3790 526α.
2236 3751 2283 3797 p.
2309 3733 2403 3783 569
2425 3748 2531 3794 sqq.
2568 3759 2628 3768 —
2658 3736 2723 3780 De
2743 3744 2801 3777 eo
2827 3739 2939 3776 vero
2957 3762 2973 3786 ,
2994 3739 3113 3775 num

1739 3801 1911 3847 famuli
1955 3803 2244 3848 mercenarii
2286 3803 2602 3857 aegrotantes
2642 3799 2916 3842 mercedem
2950 3797 3115 3850 petere

1740 3866 1945 3922 possint,
1963 3863 2027 3910 ct.
2053 3864 2182 3910 inter
2204 3875 2255 3909 se
2278 3862 2481 3917 Leyser
2499 3860 2627 3909 med.
2649 3861 2710 3904 ad
2737 3856 2888 3905 Pand.
2912 3867 2984 3911 sp.
2999 3851 3113 3901 242.

1739 3938 1809 3972 m.
1836 3923 1883 3971 5.
1922 3951 1979 3959 —
2012 3925 2247 3974 Struben
2271 3923 2447 3973 recbtl.
2488 3923 2600 3969 Bed.
2627 3922 2710 3968 Bd.
2734 3923 2815 3968 111.
2844 3929 2919 3964 nr.
2944 3915 3027 3964 69.
3053 3941 3115 3950 -

1745 3989 1951 4036 Weber
1964 3992 2065 4039 nat.
2093 3989 2238 4035 Verb.
2256 3992 2281 4046 s
2301 3987 2409 4036 102.

1734 4111 1767 4164 ⁴
1797 4054 1843 4106 8)
1876 4052 1933 4158 ‘if
1966 4049 2015 4097 5.
2038 4062 2112 4109 pr.
2138 4052 2192 4097 D.
2215 4051 2285 4098 de
2304 4062 2352 4101 c.
2385 4060 2433 4097 ο.
2465 4048 2519 4099 d.
2551 4057 2600 4094 c.
2627 4058 2681 4093 n.
2708 4045 2873 4091 s.—L.
2902 4039 2952 4087 5.
2973 4044 2999 4099 5
3020 4043 3114 4088 1-

1772 4148 1785 4161 .
1811 4127 1874 4163 eo
1917 4148 1930 4159 .

1802 4175 1850 4234 9)
1884 4176 1937 4222 L.
1964 4171 2042 4220 19.
2079 4177 2104 4234 s
2126 4173 2173 4221 9.
2202 4175 2254 4221 D.
2276 4175 2375 4224 loc.
2396 4171 2550 4221 cond.
2576 4170 2695 4231 (vid.
2721 4175 2825 4216 not.
2847 4168 2934 4226 7.).

1802 4241 1880 4296 10)
1918 4238 2057 4283 Velut
2081 4249 2193 4283 cum
2211 4249 2266 4283 ea
2292 4239 2397 4294 lege
2417 4245 2602 4282 merces
2623 4237 3014 4291 representatur,
3039 4234 3113 4285 ut,

1735 4303 1891 4349 donec
1913 4300 2196 4358 praestitum
2218 4301 2279 4346 sit
2300 4301 2504 4356 factum,
2536 4302 2786 4354 tamquam
2808 4294 2976 4340 crediti
3009 4294 3117 4337 loco

1737 4363 1942 4424 pecunia
1965 4362 2027 4407 sit
2044 4373 2190 4419 penes
2211 4362 2548 4419 accipientem.
2574 4360 2678 4414 Quo
2699 4358 2955 4404 referenda
2980 4353 3115 4401 vide-

1739 4431 1821 4473 tur
1849 4429 1900 4471 L.
1921 4421 1999 4470 15.
2021 4426 2046 4480 S
2066 4422 2114 4470 6.
2139 4426 2237 4474 loe.
2266 4424 2405 4481 (Uip.
2433 4425 2595 4470 altem
2619 4433 2732 4467 cum
2766 4421 2967 4478 quidam
2992 4427 3116 4462 nave

1740 4490 1920 4539 amissa
1942 4492 2211 4545 vecturam,
2248 4498 2395 4546 quam
2419 4498 2506 4544 pro
2525 4490 2695 4532 mutua
2733 4482 2815 4539 (οῖ.
2843 4484 2895 4528 L.
2917 4478 2997 4527 54.
3017 4481 3044 4535 S
3064 4481 3113 4526 3.

1736 4555 1792 4598 D.
1817 4552 1884 4600 de
1904 4550 2001 4610 leq.
2035 4549 2137 4607 111.)
2162 4555 2432 4608 acceperat,
2460 4552 2765 4607 repeteretur
2791 4542 2883 4607 [al.
2921 4549 3112 4603 repete-

1738 4615 1853 4673 ret],
1878 4612 2167 4668 rescriptum
2187 4618 2259 4658 est
2276 4612 2342 4658 ab
2364 4613 2606 4658 Antonino
2629 4613 2875 4666 Augusto,
2899 4619 2995 4652 non
3021 4608 3116 4653 im-

1738 4679 1915 4724 merito
1937 4677 2306 4724 Procuratorem
2326 4674 2548 4722 Caesaris
2586 4674 2649 4720 ab
2674 4685 2733 4718 eo
2764 4676 3012 4717 vecturam
3035 4681 3116 4715 re-

1731 4747 1915 4799 petere,
1932 4750 2044 4785 cum
2067 4750 2268 4784 munere
2292 4737 2495 4784 vehendi
2516 4737 2715 4783 functus
2736 4747 2832 4780 non
2852 4735 2916 4779 sit
2941 4747 2953 4778 :
2977 4732 3111 4790 quod

1732 4804 1785 4849 in
1808 4800 2035 4848 omnibus
2059 4801 2276 4857 personis
2297 4800 2518 4846 similiter
2546 4799 2910 4846 observandum
2934 4800 3023 4841 est.
3044 4809 3071 4836 n
3096 4799 3115 4843 )

1739 4865 1844 4911 vid.
1884 4863 2087 4920 cujacii
2113 4864 2218 4909 obs.
2244 4862 2345 4909 Lib.
2370 4864 2451 4910 lll.
2475 4863 2582 4909 obs.
2609 4864 2655 4910 1.
2678 4888 2741 4897 —-
2758 4860 2996 4908 defleees
3020 4859 3051 4903 l.
3080 4858 3112 4902 Ι.

1735 4929 1818 4978 Nr.
1845 4925 1924 4978 15.
1952 4952 2005 4962 -
2034 4927 2114 4974 Os.
2139 4925 2344 4979 Aur-elii
2360 4927 2421 4976 de
2442 4926 2708 4975 variantib.
2725 4949 2783 4959 —
2800 4920 3003 4982 czqacii·
3038 4920 3114 4965 in-
