3544 5506
438 352 482 395 x
1641 344 2099 392 Annum'rmt.

448 471 562 513 nr.
600 472 642 512 1.
677 461 748 512 ne
768 456 1112 511 matrimoniis
1133 458 1186 509 et
1205 453 1568 508 contrahendis
1586 459 1639 507 et
1669 454 1852 509 dissol-

508 542 709 596 vendis.
1292 580 1295 585 .

508 625 551 677 1.
586 621 801 677 ineundi
818 619 1133 674 matrimonii
1156 620 1308 671 ratio.

575 710 634 761 A.
670 710 743 760 De
765 705 1081 759 matrimonii
1116 702 1523 768 impedimentis,
1558 703 1723 769 iisque

638 789 692 854 1)
726 786 960 851 Talibus,
989 797 1120 850 quae
1162 785 1464 850 simpliciter
1504 784 1778 848 probibent
1818 796 1850 835 a

703 870 956 935 conjugiis
995 867 1261 919 ineundis.
1325 868 1488 929 9502.

639 953 690 1015 2)
722 954 859 1013 Quae
880 952 1019 1003 inter
1063 955 1227 1002 certas
1275 960 1516 1013 personas
1553 948 1851 1013 nuptiarum

762 1031 1176 1096 coniunctionem
1218 1028 1519 1091 impediunt.

702 1115 756 1173 a)
792 1113 1125 1178 cognationis
1145 1108 1533 1173 adfinitatisque
1554 1109 1851 1173 propinqui·

766 1196 867 1246 tas.
909 1196 936 1250 S
956 1194 1073 1246 505.
1120 1193 1237 1243 504.

704 1273 764 1340 b)
800 1275 1124 1339 Reliquorum
1170 1272 1278 1335 ejus
1334 1273 1535 1337 generis
1580 1282 1851 1324 eausarum

769 1357 1098 1407 enumeratio.
1127 1358 1154 1411 ς
1175 1354 1293 1406 505.

710 1438 1021 1490 Matrimonii
1036 1434 1512 1500 impedimentorum
1524 1446 1775 1498 quaenam
1785 1433 1855 1484 sit

765 1518 864 1570 vis.
899 1520 927 1574 S
951 1516 1070 1570 506.

578 1603 635 1653 B.
670 1602 738 1650 De
756 1597 1096 1662 sponsalibus.

641 1683 693 1746 1)
728 1679 881 1733 Notio
902 1682 954 1730 et
974 1681 1159 1731 forma.
1197 1682 1359 1739 ς507.

638 1765 692 1829 2)
723 1764 809 1814 Vis
828 1762 1221 1825 sponsaliorum.
1257 1767 1285 1822 ς
1305 1763 1423 1812 508.

638 1843 696 1912 5)
731 1843 1094 1896 Dissolutiones
1117 1842 1509 1907 sponsaliorum.
1554 1843 1581 1897 8
1605 1842 1716 1893 500.

573 1931 631 1982 G.
665 1930 736 1981 De
752 1924 1100 1980 contrahendo
1117 1925 1467 1976 matrimonio.

638 2012 688 2074 1)
723 2012 1010 2060 consensus
1028 2006 1294 2070 nuptialis,

705 2093 756 2152 a)
790 2089 853 2142 de
874 2101 977 2153 quo
999 2088 1274 2140 universim
1297 2085 1589 2137 disseritur.
1612 2088 1640 2144 s
1663 2086 1784 2135 510.

703 2173 759 2238 b)
816 2171 1116 2236 Singulatim
1169 2168 1233 2219 de
1276 2169 1495 2219 aliorum
1544 2167 1598 2217 in
1655 2167 1851 2232 nuptiis

770 2251 1136 2306 contrahendis
1167 2249 1494 2301 auctoritate.
1521 2252 1548 2307 S
1566 2250 1683 2300 511.

641 2338 692 2395 2)
723 2335 1026 2398 Nuptiarum
1074 2332 1389 2383 solemnitas.
1430 2332 1594 2387 3512.

511 2418 578 2470 li.
610 2415 938 2469 Dissolvendi
959 2414 1270 2465 matrimonii
1285 2413 1438 2463 ratio.

577 2502 638 2550 A.
670 2498 788 2562 Ipso
806 2497 922 2561 jure
936 2535 950 2558 ‚
975 2497 1085 2548 tum
1107 2491 1493 2545 annullatione.
1514 2501 1542 2556 ς
1564 2495 1685 2545 515.

585 2581 641 2631 Β.
681 2578 933 2639 Divorti03

640 2663 692 2722 1)
724 2675 753 2713 e
772 2660 898 2725 iuris
917 2658 1079 2710 civilis
1098 2657 1316 2709 ratione.
1347 2661 1374 2715 s
1399 2659 1519 2707 514.

638 2741 696 2809 2)
730 2755 759 2793 e
780 2742 897 2807 iure
915 2739 1186 2791 canonico.
1230 2744 1257 2800 ς
1278 2737 1398 2789 515.

449 2840 555 2879 mr.
591 2836 659 2877 11.
695 2827 764 2874 De
787 2822 1102 2874 matrimonii
1120 2822 1171 2871 vi
1209 2823 1363 2884 atque
1383 2820 1587 2870 effectu.

510 2909 549 2959 1.
586 2905 778 2970 Dejure
796 2902 1086 2965 coniugali,
1109 2913 1210 2968 qua
1256 2900 1323 2951 ad
1364 2912 1609 2965 personas
1637 2900 1850 2966 potissi-

643 2981 785 3022 mum
809 2971 1033 3032 spectat,

573 3057 633 3103 A.
665 3052 891 3115 ipsorum
911 3048 1212 3113 conjugum.
1245 3054 1274 3110 ς
1296 3047 1415 3099 sio.

574 3136 631 3188 B.
665 3131 977 3184 Liberorum.
1019 3130 1202 3196 (Actio
1233 3128 1296 3181 de
1319 3125 1855 3194 partussagnoscendo.)

643 3217 670 3273 S
695 3211 810 3264 517.
861 3215 977 3262 518.

519 3296 586 3350 11.
620 3296 693 3349 De
712 3293 827 3359 iure
854 3290 1144 3356 conjugali,
1190 3301 1291 3354 qua
1312 3287 1377 3340 ad
1403 3299 1512 3340 rem
1552 3286 1853 3339 familiarem

578 3377 805 3444 spectat,
846 3373 1138 3449 summatim
1161 3371 1491 3437 praecipitur.
1526 3371 1555 3426 S
1572 3370 1689 3421 510.

712 3457 1017 3522 Singulatim

643 3545 702 3597 A.
720 3544 792 3592 De
812 3551 868 3591 re
888 3538 1067 3590 uxoria
1085 3575 1102 3601 ‚
1125 3540 1236 3589 tum

681 3625 734 3685 1)
770 3620 959 3685 dejure
978 3618 1194 3671 dotium.

713 3704 766 3769 a)
800 3704 944 3756 Dotis
965 3705 1019 3754 et
1036 3701 1178 3752 notio
1204 3703 1258 3752 et
1279 3700 1487 3764 species.
1522 3700 1550 3754 S
1572 3698 1688 3749 520.

712 3785 769 3852 b)
800 3787 872 3840 De
893 3784 1029 3837 dotis
1048 3781 1244 3834 dandae
1265 3781 1592 3846 obligatione.
1627 3783 1655 3839 ς
1673 3781 1790 3831 521.

716 3868 767 3933 ο)
801 3867 942 3919 Dotis
960 3865 1275 3920 constitutio.
1323 3867 1350 3922 ς
1370 3864 1486 3914 522.
1511 3862 1625 3913 525.

718 3952 773 4016 d)
806 3947 954 4001 Dotis
978 3948 1172 4010 petitio.
1209 3945 1369 4005 3524.

718 4035 766 4094 e)
801 4031 878 4084 De
893 4030 1013 4096 jure
1034 4029 1167 4081 dotis
1186 4026 1492 4079 constitutae

785 4113 838 4175 α)
870 4111 1149 4176 generatim
1170 4111 1416 4174 spectato.
1450 4108 1567 4156 525.

785 4196 839 4260 β)
871 4192 1172 4257 Singulatim

849 4272 935 4336 aa)
969 4275 1023 4325 in
1045 4273 1197 4325 rebus
1231 4266 1586 4335 corporalibus
1610 4266 1664 4317 in
1691 4264 1863 4318 dotem

900 4352 1064 4404 datis.
1098 4356 1125 4411 ς
1145 4356 1260 4405 528.
1288 4354 1406 4403 527.

863 4435 953 4496 bb)
985 4436 1390 4502 incorporalibus
1412 4432 1582 4486 rebus.
1616 4433 1643 4488 S
1660 4432 1777 4482 528.

791 4517 843 4582 γ)
876 4520 1001 4569 note
1020 4517 1182 4569 evicta
1194 4518 1274 4569 vel
1287 4518 1492 4568 amissa.
1509 4513 1662 4573 3529.

726 4603 766 4667 f)
800 4604 869 4653 ne
912 4599 1047 4650 dotis
1086 4599 1448 4650 constitutione
1487 4595 1678 4660 nuptiis
1716 4593 1868 4646 nullis

680 4731 687 4734 ,
791 4681 875 4737 vel
895 4679 1125 4733 nondum
1144 4679 1330 4731 secutis
1347 4678 1500 4730 tacta.
1537 4672 1564 4744 ς
1585 4676 1699 4727 550.

727 4767 785 4832 g)
826 4762 903 4815 De
922 4761 1039 4814 dote
1061 4758 1391 4814 restituenda.

788 4846 841 4907 α)
873 4842 1222 4896 Restitutionis
1242 4844 1295 4894 et
1336 4852 1523 4895 causae
1560 4843 1611 4892 et
1648 4840 1865 4904 tempus.

856 4932 883 4987 ς
903 4925 1022 4976 581.

2227 459 2287 522 β)
2318 456 2601 510 Petentium
2622 466 2886 521 personae.
2920 459 2949 515 s
2967 456 3084 508 552.

2226 537 2276 602 δ)
2307 540 2346 589 A
2368 538 2556 609 quibus
2577 541 2780 603 petatur
2796 537 2909 591 dos.
2939 542 2967 598 ς
2988 539 3108 590 555.
3143 582 3154 587 -

2226 620 2276 682 γ)
2305 618 2436 679 Quid
2462 618 2599 670 dotis
2617 618 2824 670 nomine
2853 616 2907 669 in
2931 618 3307 670 restitutionem

2291 703 2493 755 veniat.
2528 705 2556 760 S
2577 702 2691 754 554.
2717 703 2833 754 555.
2857 702 2975 753 556.

2230 785 2270 841 ε)
2305 782 2432 843 Quid
2456 785 2510 834 in
2524 782 2719 847 ,iudicio
2742 782 2803 834 de
2823 781 2942 834 dote
2958 780 3308 846 recuperanda

2294 865 2614 930 probandum
2628 865 2716 916 sit.
2745 868 2772 922 s
2793 850 2910 916 537'.

2229 946 2278 1009 ς)
2318 944 2398 997 De
2441 949 2532 1010 iis,
2573 959 2705 1011 quae
2743 950 2832 999 aut
2875 945 3203 1008 excipiuntur
3220 948 3311 996 aut

2290 1031 2514 1159 viegssim
2554 1033 2798 1097 petuntur
2838 1030 2894 1081 in
2940 1040 3095 1081 causa
3154 1027 3311 1080 dotis.

2290 1113 2316 1168 S
2338 1114 2369 1160 5
2404 1113 2451 1160 8.

2130 1190 2183 1254 2)
2218 1194 2287 1242 De
2310 1193 2520 1255 propter
2543 1192 2747 1255 nuptias
2771 1189 3064 1242 donatione.
3105 1193 3134 1248 ς
3157 1192 3277 1241 550.

2128 1274 2182 1336 3)
2218 1277 2285 1323 De
2330 1272 2480 1323 bonis
2526 1272 2857 1337 paraphernis
2908 1274 2965 1323 et
3015 1272 3313 1336 receptitiis.

2227 1358 2255 1411 S
2273 1354 2390 1407 540.

2100 1442 2155 1494 Β.
2188 1440 2533 1491 Divortiorum
2557 1439 2895 1491 incommoda.
2946 1440 3111 1495 8541.

2099 1526 2155 1577 c.
2189 1522 2394 1575 Damna
2416 1523 2754 1575 secundarum
2783 1522 3098 1588 nuptiarum.
3124 1525 3313 1583 (Lucra

2164 1603 2449 1667 nuptialia.)
2485 1609 2512 1663 s
2539 1601 2655 1653 542.

2099 1690 2159 1740 D.
2196 1686 2535 1747 Obligationes
2573 1684 2822 1748 quaedam
2864 1696 2930 1736 ex
2968 1681 3312 1748 peculiaribus

2164 1771 2334 1822 causis
2356 1764 2602 1819 oriundae
2630 1768 2766 1817 inter
2787 1766 3048 1831 coniuges.

2131 1854 2178 1911 1)
2211 1849 2526 1901 Donationes
2549 1846 2683 1898 inter
2704 1847 2948 1912 conjuges
2967 1883 2982 1911 ‚

2161 1933 2214 1996 a)
2248 1932 2493 1998 principia
2514 1931 2847 1995 generaliora.
2885 1937 2913 1991 s
2934 1930 3048 1984 545.

2161 2016 2212 2077 1))
2249 2015 2590 2065 Donationum
2616 2012 2751 2063 inter
2781 2012 3026 2078 coniuges
3047 2012 3124 2066 vis
3159 2014 3317 2077 atque

2225 2094 2455 2147 effectus.
2497 2099 2525 2152 s
2546 2096 2661 2143 544.

2161 2179 2208 2237 c)
2245 2178 2314 2228 De
2331 2176 2721 2227 confirmatione
2743 2174 2923 2228 donat.
2944 2177 3063 2228 ante
3090 2175 3312 2226 mortem

2232 2257 2493 2308 donantis.
2529 2261 2555 2316 ς
2578 2257 2695 2308 545.

2129 2343 2178 2397 2)
2215 2340 2397 2389 Rerum
2428 2339 2719 2387 amotarum
2741 2336 2895 2388 actim
2927 2336 3078 2394 55⁴6.

2126 2424 2177 2481 5)
2212 2423 2363 2475 Pacta
2391 2419 2598 2473 dotalia.
2634 2424 2659 2478 ς
2684 2420 2799 2471 547.

2086 2582 2282 2626 cnm·
2318 2582 2391 2624 11.
2430 2568 2520 2622 De
2549 2565 2766 2636 patria
2794 2567 3118 2636 potestate.

1849 2746 1868 2753 -
1900 2710 2180 2762 Parentum
2203 2708 2259 2760 in
2280 2707 2476 2759 liberos
2497 2708 2631 2766 iura.
2661 2708 2690 2764 s
2709 2705 2823 2759 548.

1898 2793 2097 2845 Patriae
2115 2790 2377 2860 potestatis
2397 2790 2540 2841 notio
2563 2794 2721 2853 atque
2760 2787 2977 2840 indoles.
3011 2793 3039 2847 s
3059 2790 3176 2840 540.

1901 2885 2011 2925 τιτ.
2046 2886 2086 2925 1.
2124 2874 2195 2923 De
2224 2869 2530 2935 acquirenda
2552 2871 2632 2924 vel
2669 2869 2948 2921 amittenda
2993 2869 3163 2935 patria
3213 2881 3310 2936 po-

2037 2958 2244 3006 testate.

1967 3037 2009 3089 1.
2049 3036 2200 3087 Ratio
2226 3034 2568 3100 acquirendae
2604 3034 2800 3098 patriae
2818 3035 3088 3097 potestatis

2029 3120 2086 3167 A.
2121 3117 2404 3180 generatim
2436 3117 2731 3182 exponitur.
2786 3116 2951 3171 3550.

2029 3201 2086 3251 B.
2120 3196 2429 3260 singulatim

2102 3280 2151 3343 1)
2187 3277 2251 3330 de
2275 3277 2584 3342 adoptione,

2161 3359 2213 3422 a)
2248 3361 2392 3410 notio
2416 3363 2469 3411 et
2490 3355 2704 3424 species.
2767 3362 2884 3414 551.

2164 3441 2218 3501 b)
2253 3442 2509 3493 Personae
2530 3446 2582 3493 et
2605 3442 2958 3509 adoptantium
2979 3446 3032 3496 et
3055 3444 3313 3510 adoptan-

2229 3523 2435 3576 dorum.
2501 3527 2622 3577 552.

2165 3610 2214 3671 c)
2245 3610 2517 3673 Utriusque
2536 3609 2825 3675 adoptionis
2848 3610 3031 3667 torma.
3083 3616 3110 3671 ς
3128 3610 3250 3663 553.

2165 3690 2216 3750 d)
2249 3690 2364 3752 Vis;

2231 3770 2287 3832 α)
2332 3771 2604 3834 utriusque
2666 3769 2954 3836 adoptionis
3015 3773 3317 3824 eommunis.

2294 3857 2321 3912 ς
2343 3855 2458 3902 554.

2236 3937 2291 4000 β)
2324 3934 2675 3998 Adrogationis
2715 3934 2945 3998 propria.
2985 3936 3013 3990 S
3037 3933 3155 3986 555.

2102 4018 2158 4076 2)
2187 4017 2647 4080 Delegitimatione.

2170 4099 2220 4157 a)
2252 4099 2364 4161 Ejus
2389 4096 2584 4149 indoles
2621 4103 2671 4149 et
2695 4100 2859 4150 notio.
2892 4104 2919 4159 ς
2940 4097 3053 4148 556.

2169 4179 2226 4247 b)
2262 4185 2330 4231 De
2349 4181 2440 4239 iis.
2464 4193 2593 4244 quae
2619 4182 2901 4232 necessaria
2924 4185 3046 4233 suut
3072 4182 3128 4234 in
3149 4182 3324 4248 legiti-

2237 4261 2560 4313 mationibus.
2596 4264 2623 4318 s
2644 4262 2760 4312 557.

2172 4348 2220 4406 c)
2253 4345 2339 4394 Vis
2361 4345 2757 4409 legitimationis.
2789 4350 2816 4403 s
2838 4346 2962 4397 558.

1979 4426 2055 4479 11.
2089 4427 2366 4481 solvendae
2391 4427 2583 4494 patriae
2621 4427 2884 4489 potestatis
2903 4429 3056 4480 ratio.

2044 4510 2113 4560 A.
2150 4511 2338 4561 causae
2359 4506 2607 4559 finiendae
2639 4508 2835 4570 patriae
2858 4509 3124 4571 potestatis

2110 4592 2160 4654 1)
2193 4589 2485 4643 summatim
2517 4591 2863 4652 exponuntur.
2885 4592 2913 4647 ς
2933 4593 3057 4641 550.

2107 4669 2165 4736 2)
2198 4668 2503 4733 singulatim
2530 4667 2594 4720 de
2612 4671 3041 4734 emancipatione.
3132 4674 3256 4726 580.

2045 4757 2100 4804 Β.
2132 4753 2337 4826 solutae
2359 4764 2409 4815 p.
2435 4764 2511 4816 μ,
2533 4755 2586 4803 et
2603 4751 2683 4804 vel
2706 4753 2926 4806 maxime
2959 4756 3326 4819 emancipatio·

2110 4834 2217 4894 nis,
2241 4831 2334 4883 vis.
2355 4835 2382 4890 ς
2411 4833 2528 4884 561.

1917 4928 2019 4968 nr.
2055 4927 2117 4967 11.
2149 4917 2221 4968 De
2252 4915 2447 4978 patriae
2470 4914 2734 4979 potestatis
2754 4913 2805 4967 vi
2845 4915 2997 4979 atque
3017 4912 3222 4969 effectu.
