3544 5506
727 213 752 241 δ
839 226 844 247 s

681 258 747 307 u·
1814 293 1821 297 1

447 349 560 405 564
1201 360 1354 402 rna
1392 360 1550 403 srnc.
1591 360 1711 403 un.
1752 361 1851 403 ιιι.
1891 359 1968 402 »Β
2004 272 2532 403 canonicum*
2576 349 2583 357 ’

446 471 730 546 pecuniis
752 471 943 530 fidem
977 467 1181 544 judici
1218 470 1454 530 faciant
1476 514 1494 541 ‚
1527 478 1985 545 praeterquam
2028 471 2204 544 quod
2230 470 2538 529 adversus
2571 470 3010 542 depositarum
3042 483 3266 528 rerum

445 572 774 629 cautiones
792 613 810 645 ‚
845 584 1034 627 easve
1059 612 1076 640 ‚
1105 585 1274 642 quae
1298 571 1381 627 ab
1414 572 1931 643 argentariorum
1952 570 2349 628 debitoribus
2373 565 2652 641 scriptae
2674 574 2826 626 sunt
2850 610 2866 636 ‚
2903 574 3041 626 tum
3070 569 3265 627 etiam

444 668 744 725 adversus
774 665 1052 739 apochas
1076 665 1369 737 publicas
1393 709 1409 735 ‚
1451 668 1627 724 nulla
1670 667 1981 726 contrarii
2023 666 2322 739 probatio
2350 661 2727 724 admittatur
2746 663 2839 737 ¹⁵),
2870 665 3080 722 necin
3117 665 3269 722 reli·-

444 764 584 837 quis
624 764 827 822 causis
867 764 1132 823 omnino
1175 763 1471 823 omnibus
1518 765 1611 822 uti
1640 761 1831 826 liceat
1858 764 2173 837 probandi
2219 763 2518 821 remediis
2541 762 2635 835 ιΒ).
2682 766 3015 821 Caeterum
3059 758 3269 822 simile

444 861 769 934 quoddam
784 860 891 941 jus
912 860 1334 918 constitutum
1363 868 1461 919 est
1481 867 1622 919 tum
1641 862 1705 919 in
1729 861 2138 919 cautionibus
2158 905 2175 932 ‚
2199 854 2430 935 quibus
2449 859 2675 917 dotem
2704 874 2773 916 se
2803 858 3128 931 accepisse
3168 859 3267 917 vir

442 960 787 1032 profitetur
805 958 873 1033 ¹⁷)
891 979 909 1034 3
930 967 1067 1018 tum
1095 975 1253 1019 vero
1285 960 1351 1018 in
1375 960 1637 1033 apochis
1653 1000 1671 1030 ,
1704 962 1776 1019 iis
1801 956 2058 1033 quidem
2075 1003 2091 1029 ‚
2114 972 2287 1032 quae
2310 960 2391 1016 ad
2414 973 2641 1017 causas
2668 965 2963 1031 spectant
2982 1004 2999 1030 ‚
3034 957 3267 1031 quibus

443 1060 612 1117 inter
640 1074 708 1117 se
736 1060 964 1131 privati
997 1061 1288 1118 homines
1314 1061 1771 1119 devinciuntur
1792 1110 1809 1136 ,
1842 1075 2117 1133 quarum
2144 1056 2271 1117 hoc
2298 1065 2393 1118 est
2422 1060 2759 1133 proprium
2781 1101 2797 1127 ‚
2832 1065 2905 1116 ut
2953 1058 3122 1121 intra
3153 1058 3269 1116 tri-

443 1157 617 1229 ginta
655 1150 789 1213 dies
821 1155 974 1212 nibil
1018 1156 1331 1229 probent,
1370 1162 1597 1229 postea
1623 1171 1780 1216 vero
1814 1156 2244 1230 scriptoribus
2283 1171 2507 1221 earum
2555 1151 2891 1217 veritatem
2934 1148 3268 1216 solutionis

442 1251 649 1316 iactae
669 1264 1048 1324 oppugnare
1071 1266 1203 1311 non
1225 1249 1415 1312 liceat
1438 1248 1532 1329 ¹⁸).

1340 1440 1367 1513 ς
1390 1430 1536 1493 579.
1565 1432 1631 1508 E)
1667 1433 1751 1495 De
1768 1431 2003 1494 nautico
2024 1429 2248 1511 foenore
2267 1431 2358 1508 (·).

526 1613 809 1683 Vocatur
834 1612 1163 1672 nauticum
1187 1612 1444 1686 foenus,
1472 1614 1646 1687 quod
1671 1628 1791 1687 pro
1816 1610 2162 1689 traiectitia
2183 1611 2490 1686 pecunia,
2518 1612 2557 1671 i.
2573 1627 2631 1672 e.
2683 1628 2853 1688 quae
2870 1620 3051 1673 trans
3083 1630 3263 1674 mare

443 1709 776 1768 creditoris
806 1709 1092 1783 periculo
1116 1710 1399 1778 vehitur,
1431 1710 1810 1768 solvendum
1834 1715 1933 1767 est
1957 1706 2020 1782 ¹).
2059 1705 2203 1770 Jam
2240 1724 2399 1768 vero
2446 1710 2707 1783 propria
2730 1710 2995 1785 hujusce
3022 1713 3263 1784 negotii

440 1808 535 1865 vis
556 1805 651 1866 his
691 1809 1063 1869 continetur
1090 1810 1374 1882 legibus:
1417 1809 1473 1882 1)
1505 1808 1654 1868 Fert
1683 1810 1965 1871 creditor
1994 1804 2351 1882 periculum
2379 1826 2604 1869 earum
2634 1827 2857 1870 rerum
2877 1856 2895 1888 ,
2927 1829 3096 1887 quae
3133 1821 3262 1875 tra-

441 1904 754 1981 jiciendae
795 1909 1031 1966 dantur
1056 1905 1128 1981 ²),
1170 1910 1367 1982 idque
1408 1925 1487 1969 ex
1527 1924 1607 1973 eo
1641 1905 1792 1973 inde
1831 1915 2164 1984 tempore,
2211 1925 2288 1969 ex
2332 1924 2460 1982 quo
2503 1908 2793 1983 navigari
2845 1913 3148 1971 convenit
3171 1908 3260 1986 ³),

440 2022 646 2081 usque
687 2009 842 2065 dum
889 2009 970 2065 ad
1022 2005 1411 2073 destinatum
1454 2011 1667 2068 locum
1714 2009 1891 2069 navis
1931 2011 2250 2083 appulerit
2271 2006 2353 2077 ⁴):
2403 2019 2858 2089 praeterquam
2904 2014 2955 2071 si
3007 2020 3261 2072 certum

441 2113 694 2181 tempus
746 2108 1199 2180 praestitutum
1247 2110 1357 2179 sit,
1410 2125 1541 2183 quo
1609 2105 1792 2168 finito
1843 2111 2202 2183 periculum
2260 2126 2397 2171 esse
2454 2107 2792 2171 creditoris
2835 2114 3162 2172 desineret
3189 2110 3253 2185 ἔ·).

439 2207 502 2275 2)
532 2208 701 2266 Licet
725 2207 1066 2279 creditori,
1098 2211 1476 2268 centesimas
1504 2224 1583 2267 eo
1612 2205 1874 2270 nomine
1904 2226 2135 2269 usuras
2170 2217 2498 2284 tamquam
2527 2213 2794 2286 periculi
2835 2213 3115 2286 pretium
3146 2214 3265 2271 sibi

440 2299 731 2376 stipulari
755 2301 823 2376 ⁶),
860 2306 1035 2378 quod
1062 2310 1130 2363 et
1158 2301 1347 2365 nudis
1384 2305 1785 2378 pactionibus
1811 2302 1945 2365 fieri
1978 2313 2191 2379 potest
2221 2306 2290 2379 ⁷).
2334 2309 2509 2384 Quae
2533 2308 2794 2380 quidem
2812 2315 2878 2367 et
2903 2310 2968 2366 in
2996 2309 3123 2367 alia
3148 2324 3263 2367 ne-

440 2407 613 2477 gotia
633 2447 650 2477 ,
673 2422 950 2480 quorum
974 2407 1258 2466 incertus
1283 2413 1378 2468 est
1409 2414 1677 2466 eventus
1696 2407 2127 2482 periculisque
2150 2409 2468 2467 obnoxius
2484 2451 2501 2481 ‚
2533 2408 2833 2469 conferre
2856 2410 3073 2470 licebit
3099 2407 3176 2487 ⁸).

440 2602 633 2674 §58st
681 2598 756 2672 ΙΙ)
798 2600 882 2657 De
922 2598 1334 2675 obliqationum
1371 2599 1583 2667 causis,
1626 2598 1780 2658 unde
1815 2616 1930 2669 res,
1976 2616 2119 2677 quae
2159 2599 2280 2660 sine
2308 2617 2483 2659 caiisa
2510 2600 2903 2678 possidentur,
2941 2601 3268 2662 reddendae

650 2706 787 2759 sunt
830 2698 927 2775 (⁴¹).
962 2698 1027 2775 Α)
1059 2697 1311 2758 Indebiti
1334 2695 1615 2759 condictio
1644 2699 1751 2777 (“).
1790 2701 1851 2776 1)
1876 2698 2020 2779 Ejus
2048 2699 2205 2758 notio
2231 2706 2287 2759 et
2316 2698 2662 2760 conditiones
2698 2700 3053 2761 necessariae.

529 2904 599 2958 ln
644 2900 875 2960 harum
915 2913 1191 2958 numero
1218 2900 1677 2973 obligationum
1711 2894 2001 2976 inprimis
2032 2907 2128 2959 est
2149 2900 2412 2959 indebiti
2454 2900 2776 2960 condictio
2799 2943 2815 2970 ,
2856 2903 2953 2960 vel
2983 2898 3263 2962 maxime

440 3013 516 3055 ea
539 2991 753 3055 similis
778 2996 1167 3060 condictioni
1184 3037 1200 3065 ‚
1237 3012 1406 3070 quae
1434 3011 1511 3055 ex
1539 2995 1748 3055 mutui
1777 2992 2037 3058 datione
2061 2998 2493 3069 proficiscitur
2512 2997 2583 3071 ι);
2615 2999 2798 3072 cujus
2828 2998 2987 3060 haec
3019 3004 3120 3057 est
3139 2994 3257 3069 vis,

503 3202 579 3261 15)
600 3207 651 3251 1..
677 3205 720 3253 1.
758 3208 784 3262 ς
802 3209 849 3254 1.
884 3205 1006 3252 (3.1ι.
1033 3207 1256 3253 t.——Nov.
1281 3204 1390 3253 136.
1417 3218 1461 3253 c.
1485 3204 1535 3253 5.
1555 3232 1609 3240 -
1632 3207 1806 3253 Caete-

438 3279 549 3314 rum
564 3302 577 3324 ‚
602 3269 733 3326 quod
772 3271 832 3315 ad
876 3280 1040 3314 rerum
1062 3270 1395 3327 depositarum
1417 3271 1670 3316 cautiones
1689 3268 1808 3316 atti-

436 3337 543 3388 net,
557 3331 920 3378 iterumanobis
940 3333 1146 3378 dissent.
1178 3331 1570 3380 Unlerliolzner
1590 3334 1622 3379 l.
1641 3335 1673 3379 l.
1691 3342 1740 3390 p.
1754 3323 1806 3380 7.

438 3394 500 3437 At
520 3393 659 3438 nobis
681 3394 825 3440 liceat
849 3429 864 3450 ,
884 3393 944 3438 ad
966 3395 1115 3441 verba
1153 3400 1405 3454 postrema
1440 3396 1492 3442 L.
1519 3391 1596 3443 14.
1621 3398 1648 3452 S
1669 3395 1715 3441 1.
1752 3396 1807 3441 C.

438 3453 491 3501 Ιι.
516 3458 554 3501 t.
581 3458 774 3502 nosmet
793 3456 995 3502 referre.

503 3515 1269 3574 16)1..25.1..14.sa.c.10.t.

498 3578 574 3636 17)
599 3582 717 3627 cod.
742 3581 820 3638 (v,
842 3579 940 3636 15.)
960 3579 1027 3625 de
1043 3581 1168 3628 dote
1187 3586 1352 3631 cauta
1373 3592 1481 3634 non
1503 3586 1810 3633 numerata.

501 3640 874 3703 18)L.14.§2.
894 3645 946 3694 C.
967 3642 1019 3688 Ιι.
1045 3646 1082 3690 t.

1028 3763 1183 3823 3579.

499 3890 553 3948 (⁶)
579 3891 685 3949 Dig.
707 3892 874 3952 (ΧΧΙΙ,
895 3891 963 3943 2.)
982 3894 1032 3935 et
1063 3891 1180 3938 Cod.
1217 3889 1316 3952 (lv,
1337 3891 1439 3951 33.)
1480 3892 1548 3941 de
1581 3891 1828 3940 nautico*

434 3952 679 4008 foenore.
705 3981 761 3989 —
786 3955 903 4001 Nor.
926 3951 1034 4001 106.
1067 3958 1118 3998 et
1139 3953 1311 4001 110.-
1335 3959 1405 4004 Μ.
1433 3957 1501 4002 H.
1526 3955 1827 4004 Hudhud·-

433 4017 561 4064 cker
583 4020 636 4065 D.
663 4017 723 4063 de
745 4018 945 4064 foenore
965 4016 1161 4069 nautico
1181 4019 1384 4070 Roman.
1407 4017 1581 4065 Hamb.
1604 4017 1745 4066 1810.

502 4077 546 4137 1)
570 4080 622 4125 Ι..
647 4081 694 4125 1.
724 4082 777 4126 D.
810 4085 859 4126 et
903 4080 955 4125 L.
989 4079 1033 4127 1.
1076 4079 1129 4124 C.
1153 4079 1203 4131 Ιι.
1226 4084 1263 4125 t.
1290 4083 1616 4128 —Vocantur
1659 4081 1812 4128 etiam

435 4151 610 4188 usurae
636 4143 928 4190 maritimae.
954 4143 1006 4190 L.
1032 4139 1079 4188 6.
1107 4143 1160 4188 D.
1186 4142 1237 4190 Ιι.
1267 4146 1304 4188 t.

500 4203 549 4262 2)
567 4205 677 4251 vid.
703 4208 807 4250 not.
831 4206 876 4251 1.
901 4209 951 4250 et
971 4216 1142 4262 sqq.—
1157 4206 1413 4252 Caeterum
1436 4209 1609 4263 sponte
1629 4206 1811 4253 intelll-

434 4268 588 4326 κίων,
608 4279 705 4313 non
729 4268 909 4325 sincipi
945 4277 974 4312 a
1010 4266 1253 4313 creditore
1276 4302 1290 4327 ‚
1307 4281 1433 4327 quae
1455 4269 1604 4327 ipsius
1622 4270 1813 4317 debito-

436 4331 505 4375 ris
516 4331 679 4437 hculpa
716 4328 1025 4376 adducuntur
1064 4330 1283 4389 pericula
1324 4332 1621 4391 damnaque.
1671 4333 1724 4379 1..
1759 4333 1809 4381 5.

499 4451 548 4512 ὅ)
574 4455 624 4501 L.
646 4451 695 4501 8.
719 4455 775 4499 D.
800 4452 853 4499 Ιι.
881 4458 919 4501 t.

501 4515 549 4571 4)
573 4518 628 4563 L.
649 4513 698 4565 4.
723 4528 798 4575 pr.
837 4516 887 4563 L.
915 4514 964 4563 6.
993 4515 1048 4561 D.
1068 4514 1119 4568 14.
1145 4519 1181 4563 t.

501 4575 550 4635 5)
571 4581 623 4625 1..
646 4581 694 4625 1.
720 4585 771 4625 et
793 4579 839 4625 ⁴.
864 4579 918 4626 C.
944 4578 997 4625 Ιι.
1023 4579 1200 4626 e.—Cl'.
1232 4581 1285 4629 1..
1311 4579 1421 4628 122.
1446 4583 1474 4637 S
1495 4579 1539 4627 1.
1563 4582 1619 4629 D.
1640 4581 1709 4629 de
1732 4582 1803 4631 V.

441 4643 497 4689 0.
524 4642 680 4698 (XLV,
705 4639 999 4701 l.)·-G!1‘e'ck
1021 4641 1172 4687 Pand.
1198 4644 1319 4691 xxt.
1345 4657 1394 4703 p.
1414 4641 1679 4692 175-188.

503 4702 551 4760 6)
573 4707 624 4752 1..
649 4703 729 4751 26.
751 4708 777 4762 s
800 4706 846 4750 1.
874 4705 928 4752 C.
954 4705 1024 4751 de
1055 4714 1208 4753 usur.
1234 4707 1250 4764 (
1272 4708 1351 4766 iv,
1373 4704 1452 4754 52.
1479 4710 1494 4762 )
1518 4704 1635 4762 (vid.
1662 4715 1810 4765 supra

440 4768 466 4823 9
490 4766 598 4814 230.
627 4772 730 4814 not.
753 4766 985 4825 8.).—,Cf.
1003 4768 1057 4812 1..
1083 4763 1132 4811 4.
1156 4772 1207 4815 et
1223 4768 1273 4816 5.
1296 4773 1352 4817 D.
1391 4772 1443 4816 L.
1466 4772 1515 4820 2.
1539 4771 1594 4818 C.
1613 4771 1671 4818 lt.
1695 4772 1734 4817 t.
1760 4771 1812 4814 et

439 4831 617 4879 Paulli
636 4834 760 4876 sent.
782 4843 881 4878 rec.
906 4831 967 4889 ll,
990 4826 1071 4875 14.
1093 4826 1115 4878 S
1136 4831 1185 4877 3.

497 4891 546 4948 7)
593 4893 645 4939 L.
698 4890 746 4939 5.
792 4895 818 4949 s
852 4895 898 4940 1.
936 4894 988 4941 1..
1033 4891 1082 4940 7.
1118 4893 1174 4940 Ι).
1218 4893 1270 4942 Ιι.
1308 4898 1344 4943 e.
1381 4894 1532 4956 (εἰς
1567 4892 1681 4944 229.
1707 4895 1810 4943 not.

441 4956 559 5014 ti.).

1931 3203 1979 3265 8)
2003 3208 2057 3254 1..
2081 3204 2131 3254 5.
2155 3208 2211 3253 D.
2231 3206 2287 3253 Ιι.
2313 3210 2350 3255 t.
2380 3222 2406 3250 «ι
2425 3208 2631 3254 Periculi
2657 3208 2871 3268 pretium
2891 3214 2987 3269 est,
3004 3209 3112 3255 etsi
3136 3220 3262 3256 con-

1872 3268 2058 3317 ditione
2093 3271 2316 3328 quamvis
2360 3273 2552 3329 poenali
2577 3283 2675 3318 non
2705 3274 2946 3320 existente
2968 3275 3261 3330 recepturus

1872 3332 1958 3388 sis,
1982 3333 2113 3392 qnod
2133 3332 2347 3389 dederis,
2369 3337 2420 3378 et
2444 3334 2643 3391 insuper
2666 3333 2851 3391 aliquid
2887 3341 3084 3391 praeter
3107 3346 3258 3392 pecu-

1871 3395 2007 3442 niam
2030 3429 2045 3451 ‚
2070 3394 2108 3441 si
2129 3393 2276 3442 modo
2295 3395 2345 3440 in
2365 3395 2512 3441 aliam
2536 3396 2744 3453 speciem
2768 3408 2865 3443 non
2889 3397 3034 3442 cadat
3061 3412 3074 3442 z
3101 3397 3259 3445 veluti

1875 3469 1966 3517 ea,
1992 3468 2054 3504 ex
2081 3458 2260 3515 quibus
2283 3459 2588 3504 conditiones
2608 3458 2984 3517 [condictiones]
3009 3460 3146 3506 nasci
3173 3471 3257 3505 so-

1876 3523 1999 3580 lent,
2022 3524 2096 3580 ut,
2117 3520 2156 3564 si
2179 3521 2520 3576 manumittas,
2541 3522 2578 3566 si
2604 3533 2701 3567 non
2729 3521 2846 3568 illud
2872 3522 3045 3582 facias,
3071 3524 3112 3569 si
3139 3533 3261 3569 con-

1875 3586 2078 3630 valuero
2103 3616 2117 3640 ,
2140 3585 2190 3628 et
2231 3587 2443 3628 caetera.
2502 3585 2596 3630 Nec
2639 3584 2884 3631 dubitabis
2908 3621 2921 3642 ‚
2943 3585 2984 3630 si
3028 3585 3265 3643 piscatori

1872 3650 2136 3705 erogaturo
2156 3646 2205 3690 in
2227 3651 2518 3703 apparatum
2540 3647 2807 3704 plurimum
2832 3648 3072 3704 pecuniae
3105 3648 3265 3695 dede·

1873 3711 1996 3765 rim,
2021 3711 2075 3753 ut
2091 3742 2105 3765 ‚
2133 3708 2170 3752 si
2191 3709 2446 3766 coepisset,
2471 3708 2717 3766 redderet,
2737 3714 2786 3754 et
2806 3710 3024 3756 athletae
3047 3711 3181 3758 uncie
3203 3722 3260 3757 ae

1875 3769 2147 3828 exhiberet,
2168 3775 2539 3832 exerceretque,
2564 3776 2619 3816 ut
2643 3772 2684 3816 si
2709 3772 2920 3831 vicisset,
2944 3771 3198 3819 redderet.
3229 3787 3257 3816 n

1875 3835 1931 3882 ln
1966 3833 2104 3887 cujus
2133 3831 2254 3889 legis
2277 3866 2292 3890 ,
2317 3832 2664 3885 damnatarum
2686 3835 2736 3879 in
2761 3845 2966 3881 numero
2990 3835 3144 3892 vulgo
3164 3835 3261 3881 ba·

1873 3895 1976 3941 beri
1998 3896 2168 3940 solitae
2191 3927 2206 3954 ,
2252 3895 2703 3952 interpretationem
2734 3908 2859 3954 quae
2891 3898 3075 3955 scripta
3099 3901 3217 3944 sunt
3244 3931 3260 3951 ,

1874 3956 2054 4073 138τῖἐὲ
2079 3968 2233 4005 unum
2273 3958 2482 4004 contulit
2522 3958 2685 4009 Geticlc
2728 3959 2881 4010 rand.
2905 3960 3031 4006 xxi.
3070 3971 3123 4019 p.
3158 3957 3257 4007 153

2415 4173 2572 4234 8380.

1937 4331 1993 4392 (⁶)
2038 4337 2095 4383 G.
2131 4333 2196 4379 E.
2231 4331 2520 4383 Heimbaelt
2559 4335 2803 4383 observat.
2836 4336 2941 4392 jur.
2975 4335 3122 4383 Rom.
3146 4337 3261 4386 Lib.

1874 4397 2003 4455 Lips.
2030 4393 2174 4443 1854.
2194 4393 2243 4442 8.
2286 4395 2388 4451 (cf.
2416 4401 2469 4444 Α.
2497 4400 2548 4445 L.
2574 4401 2626 4445 Z.
2654 4400 2768 4444 anni
2792 4396 2937 4446 1855.
2979 4401 3065 4446 Nr.
3088 4399 3157 4446 62
3180 4412 3258 4460 sq.

1874 4471 1924 4517 p.
1946 4457 2296 4519 405sqq.)—-C.
2317 4459 2426 4507 Sel!
2440 4461 2498 4505 de
2513 4462 2864 4508 condictionib.
2890 4466 3081 4520 quaest.
3106 4463 3261 4511 dnae.

1874 4522 2086 4570 Darmst.
2114 4518 2254 4571 1854.
2279 4524 2392 4570 8.-
2409 4524 2720 4584 Hassejzm.
2745 4525 2797 4572 in
2819 4523 2994 4572 Rhein.
3014 4525 3143 4572 Mus.
3175 4526 3263 4572 Vl.

1870 4582 2166 4706 μ’(ῗῗῖιξῗέ.
2200 4646 2295 4705 (xu
2322 4684 2338 4709 ‚
2361 4645 2428 4709 s.)
2453 4674 2513 4682 -
2536 4648 2654 4698 cod.
2693 4648 2824 4712 (w,
2858 4646 2950 4708 5.)
2984 4650 3057 4696 de
3086 4647 3262 4696 eona.

1874 4707 2098 4831 inffgi.
2124 4772 2161 4818 1.
2185 4771 2328 4831 quib.
2354 4784 2421 4820 m.
2444 4782 2505 4819 ne
2522 4776 2697 4821 contr.
2717 4772 2818 4819 obl.
2858 4796 2913 4806 --
2949 4771 2979 4826 ς
2999 4770 3051 4819 6.
3070 4772 3125 4818 in
3146 4772 3186 4819 i‘.
3214 4773 3267 4821 1.

1876 4834 1945 4881 de
1965 4836 2089 4896 obl„
2110 4846 2252 4893 quae
2268 4848 2359 4893 qu.
2394 4846 2465 4884 ex
2486 4839 2658 4883 contr.
2684 4845 2900 4882 nase.—
2918 4835 2970 4879 L.
2992 4833 3044 4881 5.
3068 4835 3097 4888 S
3116 4832 3165 4882 ὃ.
3194 4835 3265 4884 l).

1876 4896 1944 4944 de
1969 4900 2027 4945 0.
2052 4902 2107 4945 et
2129 4899 2195 4945 A.
2217 4897 2397 4956 (XMV,
2412 4896 2483 4957 7.)
2504 4922 2565 4933 —
2597 4898 2671 4948 Cf.
2704 4896 2910 4948 Weber
2933 4907 3029 4944 von
3052 4897 3145 4944 der
3163 4909 3272 4944 na-

1878 4962 1992 5007 tttrl.
2018 4959 2269 5008 Verbiudl.
2291 4956 2387 5018 8⁰·
