3544 5506
844 370 978 411 cu».
1022 371 1093 412 n.
1134 369 1209 411 ne
1244 370 1481 423 nens,
1524 370 1825 421 uuonan
1867 373 1942 414 nr.
1979 374 2212 417 suanm
2252 376 2537 420 msmum.
3013 371 3086 426 925

278 477 598 555 telligendi
620 482 955 553 facultate,
988 477 1270 542 etlibero
1291 478 1483 541 animi
1504 484 1748 558 judicio
1772 528 1791 560 ,
1816 492 1882 545 et
1900 488 2066 547 seria
2099 484 2332 547 mentis
2362 485 2772 562 cogitatione.
2822 496 3073 570 Quodsi,

273 595 441 651 quae
464 581 662 654 fiunt,
690 581 940 639 duobus
967 580 1087 638 illis
1113 575 1432 653 prioribus
1452 621 1470 646 ,
1498 585 1613 637 aut
1650 587 1965 657 utroque,
1996 590 2110 642 aut
2139 585 2453 643 alterutro
2476 630 2494 657 ,
2519 602 2779 659 prorsus
2806 599 3069 664 vacant,

275 691 399 748 pro
428 677 570 734 nihi
594 678 657 736 lo
687 684 785 735 est
809 677 1196 750 plerumque
1224 675 1461 749 ),quod
1488 675 1730 746 agitur.

296 842 323 914 §
359 843 461 900 91.
503 842 547 908 l)
589 842 676 897 De
708 839 915 897 animi
940 839 1272 917 &alencione
1284 855 1307 907 ;
1331 840 1382 906 1)
1434 839 1658 986 ᾳιιὶὁιές
1682 855 1762 896 ex
1807 843 2020 961 οἰκεία
2058 843 2375 901 'naturalis
2395 841 2672 915 facultas
2704 846 3084 922 inwlltyendi

1424 929 1584 1001 impe
1627 929 1806 985 iatur
1837 934 1855 999 (
1891 936 1931 998 ).

357 1116 520 1174 Fieri
552 1116 839 1188 pluribus
872 1113 1078 1173 modis
1110 1122 1344 1188 potest,
1370 1122 1444 1173 ut
1464 1115 1530 1173 in
1546 1114 1877 1173 hominum
1900 1109 2384 1191 intelligentiam
2403 1115 2636 1173 cadere
2653 1129 2784 1172 non
2806 1116 3071 1189 possint,

270 1230 446 1287 quae
479 1216 563 1274 ab
602 1214 747 1287 ipsis
775 1214 989 1273 aliisve
1015 1220 1313 1287 aguntur.
1351 1217 1504 1274 Nam
1545 1221 1661 1273 aut
1702 1216 1966 1273 omnino
2010 1214 2151 1289 quis
2173 1215 2465 1273 deficitur
2486 1213 2852 1289 intellectu,
2890 1221 2962 1272 ut
2984 1216 3079 1274 fu-

268 1311 503 1379 riosus,
537 1316 651 1368 aut
680 1311 968 1370 nondum
997 1316 1093 1369 est
1121 1310 1479 1383 perfectum
1502 1307 1642 1387 eius
1663 1309 1999 1384 judicium,
2024 1316 2098 1367 ut
2122 1311 2186 1368 in
2203 1310 2540 1383 impubere
2563 1309 2634 1384 ¹),
2662 1316 2773 1368 aut
2794 1312 3076 1374 sensibus

268 1413 456 1466 caret
506 1406 601 1475 iis,
653 1421 929 1479 quorum
966 1405 1361 1479 potissimum
1412 1421 1613 1480 opera
1664 1404 1992 1478 perfectae
2042 1422 2261 1465 rerum
2306 1407 2609 1479 imagines
2655 1407 3077 1482 notionesque

269 1504 477 1562 menti
511 1504 964 1578 adquiruntur,
996 1509 1069 1561 ut
1104 1504 1335 1561 surdus
1373 1508 1437 1561 et
1464 1501 1681 1561 mutus
1722 1498 1800 1573 2),
1851 1508 1966 1561 aut
2012 1503 2308 1562 idoneam
2350 1520 2466 1577 per
2484 1518 2554 1562 se
2597 1506 2856 1577 quidem
2885 1506 3079 1566 habet

269 1615 499 1657 rerum
534 1600 1050 1671 intelligentiam,
1091 1604 1540 1657 verumtamen
1584 1598 1699 1656 sibi
1739 1593 1918 1656 haud
1962 1600 2257 1658 conscius
2296 1607 2393 1658 est
2434 1598 2584 1658 facti
2607 1644 2625 1677 ‚
2651 1601 2804 1658 dum
2842 1602 3073 1673 agitur.

272 1698 479 1773 quue
520 1699 795 1757 maxime
841 1701 933 1770 tit,
963 1714 1109 1758 cum
1150 1700 1252 1757 vel
1294 1697 1880 1757 vehementioribus
1907 1699 2099 1756 animi
2137 1700 2669 1759 commotionibus
2712 1701 3001 1762 homines
3041 1718 3082 1762 a

269 1803 453 1853 recta
486 1796 738 1854 ratione
764 1802 1165 1863 avertuntur,
1190 1796 1367 1853 velut
1393 1794 1723 1852 iracundia
1750 1790 1818 1869 ³),
1834 1795 1933 1852 vel
1959 1794 2272 1855 ebrietate
2289 1810 2512 1854 sensus
2518 1799 2991 1872 perturbantur
3010 1800 3081 1872 ⁴),

271 1893 576 1965 denique,
595 1908 743 1950 cum
766 1888 855 1950 ita
880 1909 1060 1951 mens
1082 1892 1313 1951 affecta
1341 1897 1462 1961 est,
1493 1896 1568 1948 ut
1598 1890 1841 1963 impetu
1863 1892 2147 1964 quodam
2176 1892 2370 1952 animi
2403 1894 2634 1966 potius,
2671 1911 2865 1968 quam
2905 1897 3080 1969 cogi-

272 1988 518 2047 tatione
545 1986 760 2047 facere
802 1989 944 2061 quis
965 1989 1262 2049 videatur
1290 1985 1357 2062 ⁵).

441 2156 469 2226 5
509 2155 608 2212 92.
631 2154 687 2216 2)
713 2155 802 2212 De
826 2153 1017 2210 libero
1058 2152 1301 2224 ayentzls
1331 2152 1574 2212 judicio
1598 2151 1855 2222 esusque
1877 2151 2346 2221 impedimentis.
2381 2153 2527 2210 Loci
2545 2155 2923 2212 constitutio.

284 2390 287 2395 .
353 2313 636 2376 Tollitur
665 2314 1091 2390 impediturve
1120 2311 1347 2384 agendi
1393 2312 1654 2370 libertas
1692 2317 1807 2369 aut
1849 2312 1908 2367 vi
1943 2317 2250 2384 metuque
2295 2309 2615 2383 adhibito,
2656 2320 2767 2370 aut
2804 2328 3031 2373 errore
3057 2355 3074 2383 ‚

276 2432 482 2490 eoque
505 2418 610 2476 vel
641 2416 795 2475 dolo
822 2414 1095 2473 excitato
1113 2455 1130 2480 ,
1155 2414 1255 2469 vel
1285 2412 1544 2470 aliunde
1571 2412 1884 2484 profecto.
1919 2413 2034 2488 Qui
2068 2419 2330 2471 coactus
2358 2413 2600 2486 aliquid
2626 2412 2810 2485 iacit,
2841 2414 3076 2488 plenis-

274 2517 497 2575 simam
522 2518 660 2592 ejus
691 2518 806 2584 rei,
844 2529 1011 2587 quae
1035 2514 1265 2584 agitur,
1309 2512 1789 2585 intelligentiam
1818 2512 2056 2571 habere
2101 2513 2354 2570 videtur
2382 2503 2446 2585 ¹),
2472 2513 2588 2570 nisi
2611 2519 2796 2572 tanto
2820 2513 2900 2572 sit
2929 2529 3076 2586 per-

279 2619 489 2673 culsus
499 2616 731 2674 timore
745 2614 1015 2679 animus,
1042 2618 1116 2669 ut
1136 2611 1228 2670 rei
1244 2612 1579 2670 veritatem
1602 2612 1968 2685 perspicere
1987 2615 2176 2685 plane
2198 2618 2500 2688 nequeat3
2534 2612 2597 2670 id
2621 2614 2794 2686 quod
2810 2628 3078 2686 perraro

286 2715 414 2773 ssat.
449 2718 677 2774 Contra
699 2728 877 2784 vero,
912 2727 1060 2771 cum
1087 2725 1311 2770 errore
1339 2711 1478 2784 quis
1498 2712 1706 2785 lapsus
1728 2712 1792 2769 in
1811 2711 2057 2770 factum
2079 2712 2337 2786 aliquod
2365 2707 2682 2781 inciderit,
2714 2727 2848 2772 non
2877 2713 3076 2785 magis

279 2812 414 2885 eJus
444 2813 555 2880 rei,
573 2826 741 2885 quae
766 2810 1001 2883 agitur,
1048 2808 1288 2866 habere
1319 2808 1576 2867 videtur
1598 2808 2106 2882 intelligentiam,
2138 2825 2330 2882 quam
2353 2809 2480 2884 ille,
2510 2809 2618 2882 qui
2647 2824 2727 2868 eo
2755 2816 3073 2882 tempore,

273 2925 402 2980 quo
425 2909 579 2981 quid
606 2909 838 2980 agitur,
871 2905 1146 2964 naturali
1179 2899 1570 2976 intelligendi
1614 2903 1916 2963 facultate
1945 2921 2203 2977 prorsus
2261 2911 2460 2964 caret.
2508 2909 2967 2963 Verumtamen
2997 2919 3077 2964 eo

272 3009 602 3076 differunt,
637 3006 811 3080 quod
851 3020 1074 3064 errore
1101 3019 1234 3064 non
1272 3005 1359 3063 ita
1396 3004 1644 3062 animus
1673 3003 1952 3062 afficitur
1979 3010 2044 3062 et
2080 3012 2404 3077 tamquam
2453 3006 2682 3063 morbo
2706 3004 3073 3077 corripitur,

271 3116 343 3167 ut
362 3109 602 3170 rationi
618 3108 883 3168 omnino
899 3111 1180 3180 nequeat
1201 3100 1656 3179 obtemperari,
1682 3105 1792 3164 sed
1814 3105 2157 3178 impeditur
2177 3112 2464 3182 tantum,
2500 3120 2628 3177 quo
2653 3105 2860 3163 minus
2894 3106 2958 3163 in
2995 3120 3077 3164 eo

888 3322 1012 3380 390.
1706 3346 1759 3354 —
1780 3321 1805 3375 S
1823 3318 1871 3367 ὅ.
1892 3322 1928 3367 l.
1951 3322 2146 3378 quibus
2162 3334 2269 3368 non
2284 3322 2517 3379 per-mitt.
2539 3319 2648 3374 fac.
2672 3325 2790 3368 test.
2815 3345 2871 3353 —-
2916 3323 2968 3368 L.
2995 3321 3072 3366 10.

1703 3385 1756 3428 C.
1782 3383 1876 3442 qui
1898 3387 2105 3431 testam.
2133 3382 2240 3437 fac.
2258 3397 2405 3442 poss.
2429 3386 2508 3442 (Vl
2522 3420 2538 3444 ,
2558 3386 2661 3443 22.)
2681 3385 2790 3442 (cf.
2810 3385 2926 3430 Pars
2944 3396 3074 3442 spec.

326 3450 370 3504 1)
388 3450 511 3495 Nam
526 3450 597 3495 cf.
622 3452 668 3506 a)
690 3449 818 3495 intra
836 3449 1110 3495 doctrinam
1130 3447 1192 3492 de
1212 3448 1264 3492 in
1283 3446 1461 3504 integr.
1484 3447 1642 3494 restit.
1708 3446 1815 3491 Lib.
1843 3446 1879 3490 l.
1898 3458 2004 3503 cap.
2032 3449 2087 3503 Ι.)

266 3519 460 3570 propter
482 3518 671 3557 metum
693 3517 744 3556 et
765 3511 971 3567 dolumg
988 3507 1226 3558 16δ.164.
1250 3534 1305 3541 -
1327 3510 1375 3566 b)
1400 3511 1451 3557 L.
1473 3507 1552 3557 48.
1580 3513 1633 3558 D.
1761 3506 1810 3565 3)
1845 3510 1898 3554 L.
1936 3505 2015 3555 48.
2051 3511 2107 3556 D.
2139 3508 2209 3554 de
2249 3520 2357 3569 req.
2383 3510 2622 3564 jun—1..
2645 3508 2693 3556 3.
2719 3510 2772 3554 D.
2796 3507 2864 3553 de
2885 3507 3076 3555 divort.

264 3573 329 3619 de
350 3576 653 3634 re9.jur.-
673 3576 724 3619 L.
744 3570 791 3619 5.
816 3576 868 3620 C.
894 3574 962 3620 de
984 3573 1261 3631 intumult,
1287 3569 1386 3629 55.)
1701 3569 1882 3626 (XXlV.
1907 3573 1950 3616 2.
1977 3571 1993 3627 )
2040 3597 2093 3604 —-
2116 3568 2261 3617 1..19.
2299 3574 2351 3618 C.
2393 3572 2463 3618 de
2497 3571 2644 3628 inoff.
2687 3574 2806 3617 lest.
2832 3570 3028 3629 (unes,
3055 3571 3072 3627 )

1706 3658 1762 3667 -—
1788 3635 1838 3679 L.
1857 3632 1906 3680 2.
1928 3635 1980 3680 C.
2000 3634 2089 3680 ad.
2117 3636 2214 3692 leq.
2236 3635 2351 3680 Jue.
2376 3636 2507 3690 Maj.
2533 3635 2632 3686 (tx,
2654 3632 2738 3688 8.)
2777 3658 2839 3668 --
2873 3635 2924 3679 L.
2947 3631 2994 3678 5.
3019 3634 3071 3679 C.

890 3695 1017 3754 391.
1703 3695 1774 3742 de
1809 3694 2376 3753 injur.(1X,55.)-W.
2424 3701 2488 3743 Α.
2535 3696 2869 3743 canter-back
2908 3696 3078 3751 (resp.

1703 3760 1895 3816 Reuss)
1909 3761 1961 3804 D.
1985 3758 2148 3813 deira,
2170 3757 2773 3816 ejusqueinjureeffectib.
2789 3758 2917 3804 Tub.
2931 3754 3076 3804 1669.

322 3822 387 3879 (“)
419 3824 477 3869 J.
517 3825 574 3870 C.
605 3821 908 3879 Hoffbauer
939 3822 1020 3869 die
1056 3821 1373 3880 Psycbologie
1414 3822 1465 3867 in
1499 3821 1636 3868 ibren
1702 3817 1884 3867 4.-Ε.
1909 3823 1960 3868 C.
1981 3821 2269 3877 lVestpnat
2284 3823 2586 3867 Grundsatze
2608 3832 2700 3866 von
2724 3819 2899 3865 recbtl.
2926 3820 3073 3864 Beur-

262 3885 647 3944 Anwmdungen
677 3885 767 3932 auf
803 3887 885 3931 die
920 3884 1270 3942 Rechtspflege.
1316 3885 1447 3930 Halle
1487 3883 1631 3932 1808.
1703 3882 1922 3940 theilung
1941 3884 2028 3929 der
2050 3894 2137 3929 aus
2158 3885 2295 3929 liitze
2317 3884 2401 3930 «les
2423 3885 2574 3928 Zorns
2594 3888 3031 3928 unternommenen
3053 3915 3069 3938 ,

261 3947 336 3992 ed.
358 3950 407 3994 2.
422 3945 570 3996 1823.
1698 3946 1952 3992 erlaubtcn
1972 3956 2023 3990 u.
2043 3946 2360 3992 unerlaubten
2380 3945 2719 4000 Handlungen.
2757 3943 2893 3989 Halle
2930 3939 3073 3989 1784.

322 4007 367 4066 1)
399 4012 630 4058 Furiosus
647 4015 696 4058 et
716 4012 927 4070 pupillus
946 4022 1042 4055 non
1066 4008 1169 4054 fere
1189 4008 1492 4067 obligantur,
1538 4008 1632 4055 nisi
1696 4005 1745 4054 4.
1774 4033 1827 4040 -
1853 4010 1909 4053 G.
1932 4009 2000 4053 H.
2023 4020 2072 4053 v.
2098 4010 2234 4069 Bet-9
2267 4008 2434 4063 jurist.
2476 4006 2880 4062 Beobachtungen
2903 4016 2952 4051 u.
2982 4006 3076 4051 Re-

261 4077 503 4127 quatenus
537 4086 596 4121 ex
628 4086 680 4120 re
719 4075 850 4120 venit
884 4072 1255 4128 obligatum—L.
1279 4068 1358 4117 46.
1396 4073 1452 4117 Ι).
1488 4071 1554 4118 de
1578 4074 1636 4117 0.
1702 4070 1926 4116 obtat-’ille
1953 4069 2043 4115 Tb.
2068 4071 2103 4116 1.
2127 4083 2201 4115 nr.
2230 4071 2309 4115 lx.
2693 4089 2698 4094 ·

260 4135 314 4177 e‘l
335 4138 402 4182 A.
428 4135 611 4190 (xuv,
629 4134 705 4194 7.)
730 4163 784 4170 —-
807 4135 883 4182 Cf.
906 4137 973 4182 A.
996 4137 1063 4180 D.
1091 4133 1297 4181 Weber·
1332 4145 1425 4180 von
1447 4134 1534 4180 der
1554 4145 1640 4180 na·
1764 4129 1813 4188 4)
1847 4144 1891 4178 c.
1911 4129 1961 4178 7.
1981 4134 2007 4186 S
2030 4134 2073 4178 1.
2097 4133 2149 4177 C.
2175 4134 2271 4177 XV.
2298 4144 2381 4190 qu.
2406 4129 2452 4174 1.
2478 4129 2493 4182 (
2515 4144 2539 4169 «ι
2561 4128 2818 4184 Nesciunt,
2842 4131 2959 4189 quid
3001 4133 3075 4177 lo-

262 4198 375 4242 turi.
403 4198 658 4246 verbindt.
682 4205 709 4259 s
728 4197 809 4245 71.
838 4222 893 4231 ——
913 4198 993 4242 Est
1032 4200 1194 4242 tamen
1237 4196 1471 4243 naturalis
1504 4198 1630 4242 inter
1690 4200 1925 4253 quantur,
1946 4195 2030 4251 qui
2063 4195 2215 4240 nimio
2229 4195 2339 4239 vino
2362 4192 2615 4248 indulgent
2639 4207 2650 4237 2
2670 4191 2835 4247 jacent
2855 4195 3029 4251 sepulti
3058 4213 3069 4242 2

262 4262 525 4317 utrumque
545 4260 838 4309 differentia.
863 4261 977 4305 ideo
998 4273 1023 4300 ιι
1036 4259 1084 4304 in
1107 4259 1310 4314 negotiis
1333 4259 1629 4304 contu-ahen—
1695 4257 1901 4313 ideoque
1922 4256 1961 4301 si
1985 4268 2079 4313 qua
2104 4269 2189 4313 per
2212 4256 2376 4300 vinum
2398 4254 2710 4311 deliquerint,
2730 4254 2858 4312 apud
2879 4256 3072 4314 sapien·

262 4319 331 4365 dis
352 4323 452 4367 alia
470 4334 615 4370 causa
639 4324 803 4372 habita
818 4328 889 4368 est
911 4321 1202 4366 furiosorum
1219 4356 1235 4374 .,
1276 4321 1373 4367 alia
1416 4332 1586 4366 eorum
1611 4353 1628 4377 ,
1693 4324 1765 4363 tes
1784 4317 1975 4372 jndices
1999 4321 2131 4363 venia
2156 4318 2354 4376 quidem
2376 4316 2504 4362 iacta
2524 4317 2787 4369 donantur,
2827 4320 2912 4364 sed
2952 4320 3070 4364 levi-

260 4383 341 4438 qui
362 4383 459 4430 fari
482 4393 713 4442 possunt,
734 4384 953 4444 quamvis
976 4388 1142 4429 actum
1173 4384 1243 4427 rei
1264 4395 1360 4429 non
1395 4382 1628 4438 intellige·
1693 4381 1804 4426 tatis
1822 4380 2115 4427 damnantur
2132 4383 2367 4425 auctores.
2394 4395 2418 4422 n
2438 4381 2454 4435 )
2474 4402 2535 4410 —-
2555 4381 2623 4424 H.
2649 4378 2911 4435 Bodinus(
2940 4392 3069 4439 resp.

260 4451 369 4490 rent
394 4459 405 4487 ε
438 4457 549 4494 nam
589 4449 802 4496 furiosus
837 4447 1027 4492 nullum
1064 4447 1308 4504 negotium
1345 4445 1630 4493 contrahere
1694 4441 1959 4498 Koelztau)
1979 4443 2105 4488 D.de
2124 4442 2232 4496 ,iure
2255 4445 2382 4487 circa
2405 4439 2706 4487 ebrietatem.
2722 4443 2825 4488 Hal.
2849 4440 2995 4489 1697.
3020 4442 3068 4491 4.

260 4513 452 4562 potest.
471 4511 678 4568 pupillus
712 4511 878 4557 omnia
896 4543 910 4564 ,
933 4513 1095 4553 tutore
1113 4514 1337 4566 auctore,
1378 4519 1520 4562 agere
1544 4519 1630 4564 po·
1756 4504 1805 4561 5)
1842 4504 1944 4551 Cic.
1968 4507 2028 4551 de
2049 4506 2231 4550 invent.
2259 4504 2317 4564 ll,
2343 4503 2392 4550 5.
2417 4529 2477 4538 —
2499 4503 2573 4549 Cf.
2619 4505 2675 4551 J.
2710 4506 2767 4550 F.
2810 4505 3066 4553 Ludovici
3131 4549 3142 4560 ,

259 4574 369 4616 test.
390 4586 417 4610 n
444 4573 554 4618 —L.
578 4571 625 4619 5.
653 4575 710 4620 D.
741 4573 810 4619 de
834 4583 941 4630 req.
964 4571 1256 4626 jum-vid.
1282 4576 1332 4616 et
1350 4572 1376 4625 S
1400 4569 1476 4617 10.
1506 4569 1544 4613 1.
1567 4568 1635 4615 de
1699 4569 1753 4614 D.
1778 4580 1842 4613 an
1864 4571 1912 4612 et
1934 4572 2172 4624 quatenus
2194 4565 2396 4614 affectus
2428 4567 2629 4613 humani
2655 4567 2705 4612 in
2725 4565 2832 4613 foro
2852 4569 3078 4615 conside·-

258 4631 439 4681 inutil.
481 4636 655 4690 stipul.
700 4661 755 4668 --
780 4636 829 4680 L.
869 4634 979 4679 111.
1006 4635 1058 4679 D.
1085 4632 1153 4679 de
1171 4635 1403 4691 νομὴν.
1428 4657 1484 4664 -
1512 4633 1563 4677 L.
1583 4629 1633 4679 5.
1698 4635 1884 4676 rentur.
1909 4631 2015 4676 Hal.
2043 4626 2183 4676 1706.
2205 4627 2257 4676 4.

259 4695 350 4806 ξῖ.
372 4696 433 4800 ξ’).
453 4697 526 4742 ad
538 4699 636 4758 leq.
659 4698 846 4756 Aqua.
867 4696 964 4754 (lx,
981 4696 1256 4752 2.)--1..23.
1279 4697 1337 4741 D.
1357 4695 1423 4742 de
1437 4692 1626 4748 furtis.

316 4819 368 4874 Ξ)
394 4821 717 4876 1..t2.32.1).
741 4820 943 4876 dejud.
965 4819 1040 4874 (V.
1066 4821 1131 4877 1.)
1152 4820 1197 4874 (ιι
1218 4819 1618 4876 Natura—impe·
1746 4818 1792 4875 1)
1814 4819 1865 4863 t..
1906 4816 1986 4863 ⁶21.
2020 4820 2046 4874 s
2084 4815 2132 4863 5.
2178 4819 2234 4863 D.
2256 4816 2403 4874 quod
2419 4818 2542 4862 met.
2567 4826 2757 4861 causa.
2777 4815 2881 4872 (lv.
2904 4814 2986 4870 2.)
3012 4840 3072 4849 -

258 4883 478 4939 diuntur,
501 4897 559 4930 ne
574 4885 766 4939 jndices
788 4885 884 4928 sint
915 4908 967 4915 —
992 4883 1185 4936 surdus,
1210 4887 1390 4936 mutus,
1428 4887 1478 4927 et
1521 4894 1627 4939 per·
1690 4883 1765 4930 cf.
1800 4879 2066 4940 Semeleius]
2108 4888 2157 4928 et
2198 4879 2563 4936 Sm'zllenburq
2606 4877 2666 4924 ad
2708 4877 2758 4924 b.
2797 4879 2831 4923 l.
2858 4883 2905 4922 et
2928 4879 2954 4932 ς
2986 4875 3067 4925 93.

259 4951 407 5000 petuo
428 4948 652 5000 furiosus,
674 4952 726 4992 et
745 4947 985 5003 impubes.
1004 4941 1349 5002 quiajudzcio
1366 4947 1622 5003 car-enta»)
1692 4949 1798 4991 not.
1821 4941 1869 4989 7.
1900 4939 1950 4989 8.
2885 4962 2889 4965 <

2322 4723 2448 4784 592.
