3544 5506
799 347 931 389 cu.
969 345 1034 388 v.
1074 346 1152 388 nn
1186 345 1321 401 ms,
1361 344 1521 395 quse
1558 341 1674 385 uos
1715 341 1971 384 nnatms
2009 341 2127 383 τιτ.
2168 339 2412 390 anino.
2901 326 3007 384 671

710 507 736 579 §
761 501 902 562 750.
937 501 1011 577 b)
1053 500 1340 571 Quomodo
1376 499 1762 580 computanda
1788 500 1865 558 sit
1896 498 2189 559 Falcidiae
2212 498 2526 578 quantitas.

305 694 369 753 ln
410 696 842 768 computanda
869 692 1195 752 Falcidiae
1223 687 1585 765 quantitate
1624 690 1789 749 haec
1821 691 2099 764 primum
2137 691 2302 749 ratio
2341 690 2617 750 ineunda
2645 702 2773 763 est,
2807 704 2879 755 ut
2905 699 3018 758 de-

228 791 421 852 functi
445 791 777 850 facultates
802 792 1241 856 aestimentur,
1268 787 1492 860 quanti
1521 802 1673 845 vere
1705 787 1941 845 fuerint
1974 781 2194 844 mortis
2228 785 2623 861 tempore¹),
2651 790 2771 849 hoc
2800 798 3014 867 pacto,

230 893 332 959 ut,
358 889 408 946 si
439 883 593 961 quid
624 893 846 960 postea
879 886 1146 943 accedat
1171 883 1542 949 hereditati,
1570 881 1703 940 scil.
1736 898 1812 939 ex
1834 881 2014 940 novis
2042 881 2411 954 acquirendi
2438 882 2703 961 causis²)
2721 927 2738 956 ,
2777 883 2839 946 id
2867 890 3021 948 nihil

231 983 542 1058 legatariis
572 986 807 1061 prosit,
849 991 1079 1045 contra
1119 998 1276 1042 vero
1303 988 1535 1042 noceat
1564 982 1905 1041 heredibus
1925 1024 1942 1048 ,
1985 978 2347 1040 deminutas
2374 999 2509 1042 esse
2542 988 2640 1044 vel
2670 989 3021 1050 deteriores

229 1083 421 1144 factas
452 1103 552 1145 res
583 1081 1098 1149 hereditarias³l.
1125 1084 1365 1141 Deinde
1405 1084 1855 1141 deducendum
1893 1089 1989 1140 est
2017 1097 2124 1139 aes
2164 1082 2478 1151 alienum,
2514 1088 2819 1160 quodque
2858 1092 3024 1149 aeris

230 1182 413 1245 alieni
441 1190 584 1248 loco
613 1183 811 1261 est⁴)‚
840 1202 970 1259 quo
1001 1186 1063 1242 in
1088 1200 1325 1256 genere
1353 1184 1673 1241 habentur
1699 1189 1765 1241 et
1792 1182 2028 1240 funeris
2069 1182 2395 1255 impensae
2420 1227 2436 1251 ‚
2468 1192 2533 1242 et
2574 1203 2741 1260 quae
2774 1189 3023 1248 heredi-

230 1283 371 1341 talis
390 1284 828 1356 suscipiendae
855 1298 1049 1341 causa
1076 1287 1334 1353 erogata
1356 1287 1502 1337 sunt
1521 1276 1575 1352 5)
1604 1322 1622 1350 ,
1655 1285 1719 1336 et
1753 1277 2032 1351 legitima
2067 1274 2312 1349 portio⁶
2335 1286 2350 1343 )
2377 1322 2394 1353 ,
2433 1285 2569 1337 tum
2600 1283 2790 1341 etiam
2815 1301 3028 1346 servo-

232 1395 370 1436 rum
421 1378 956 1439 manumissorum
999 1377 1201 1451 pretia
1234 1379 1257 1418 ⁷
1286 1382 1327 1439 ).
1378 1377 1589 1448 Atque
1640 1376 1725 1432 ita
1779 1369 2167 1447 patrimonio
2221 1376 2607 1445 constitum,
2658 1394 2696 1437 e
2740 1397 2870 1453 quo
2918 1384 3029 1442 nat

233 1471 529 1534 deductio
555 1517 573 1539 .
605 1474 966 1534 distributio
1013 1473 1307 1532 facienda
1351 1478 1448 1530 est
1483 1471 1606 1529 hoc
1635 1471 1867 1540 modo,
1918 1476 1994 1527 ut
2025 1512 2042 1538 ,
2090 1476 2343 1528 retenta
2383 1479 2614 1544 quarta
2657 1469 3032 1541 hereditatis

232 1579 440 1645 parte,
489 1574 734 1646 reliqua
777 1573 1048 1645 pecunia
1073 1572 1243 1629 inter
1271 1565 1648 1643 legatarios,
1683 1582 1875 1628 eosve
1898 1610 1915 1629 .
1954 1569 2061 1641 qui
2093 1571 2323 1629 similes
2343 1577 2493 1627 sunt
2537 1573 3026 1650 legatariorum,

231 1668 649 1731 distribuatur
670 1687 790 1746 pro
820 1679 960 1730 rata
988 1670 1300 1749 cujusque
1317 1676 1500 1743 parte
1516 1665 1540 1702 ⁸
1561 1671 1604 1742 ),
1629 1675 2083 1741 praeterquam
2103 1669 2150 1727 si
2178 1674 2447 1726 testator
2471 1679 2733 1743 propter
2757 1676 3029 1737 aliorum

233 1773 438 1843 legata
482 1772 616 1831 aliis
663 1774 868 1831 noluit
893 1768 1209 1839 deminui,
1254 1786 1422 1843 quae
1464 1770 1611 1842 ipsis
1656 1774 1869 1827 essent
1915 1766 2242 1842 relicta9).
2283 1773 2687 1842 imputantur
2717 1783 2934 1836 autem
2962 1779 3030 1839 in

232 1880 559 1946 quartam,
611 1890 779 1947 quae
823 1872 1214 1932 hereditario
1255 1872 1403 1944 jure
1451 1871 1644 1928 habet
1695 1876 2002 1929 oneratus
2034 1867 2084 1906 ¹⁰
2124 1868 2142 1942 )
2177 1911 2194 1937 ‚
2270 1886 2403 1930 non
2452 1888 2620 1944 quae
2672 1876 3027 1947 legatorum

233 1970 495 2027 nomine
527 1968 847 2044 accepitss)
878 2012 895 2044 ‚
933 1971 1030 2028 vel
1059 1967 1445 2027 conditionis
1480 1966 1843 2039 implendae
1868 1962 2157 2040 causa¹²)
2180 2008 2195 2031 ‚
2226 1967 2324 2025 vel
2357 1983 2473 2025 suo
2506 1968 2697 2041 ipsius
2726 1970 2896 2032 sacto
2916 1970 3031 2049 ¹³);

234 2079 314 2124 ac
338 2072 674 2139 praeterea
698 2066 891 2124 etiam
913 2066 1312 2137 imputantur
1341 2064 1620 2132 fructus,
1649 2062 1698 2120 si
1729 2077 1893 2135 quos
1916 2077 1989 2120 ex
2012 2063 2232 2134 legatis
2254 2064 2372 2120 sub
2405 2066 2774 2125 conditione
2796 2072 2897 2127 vel
2928 2071 3032 2130 die

233 2240 377 2286 heres
403 2242 573 2299 pupilli
594 2240 798 2286 effeetus
818 2243 893 2285 est
918 2272 935 2292 ,
954 2237 1038 2296 qui
1071 2235 1167 2282 hoc
1199 2235 1344 2283 modo
1375 2238 1607 2284 successit

237 2302 284 2359 (S
301 2301 411 2349 672.
436 2306 483 2349 iu
501 2304 538 2350 t.
562 2310 607 2349 et
628 2305 678 2349 L.
699 2300 780 2348 87.
801 2304 826 2358 ς
845 2299 893 2348 4.
921 2300 1073 2356 laud.)
1098 2332 1113 2355 ‚
1135 2310 1436 2358 consequens
1457 2301 1605 2346 etiam

237 2370 313 2410 est
337 2400 351 2422 ,
375 2372 425 2410 ut
456 2367 659 2422 perinde
700 2364 1002 2423 separandae
1043 2363 1142 2406 sint
1182 2364 1427 2418 portiones
1446 2394 1460 2420 ,
1486 2374 1543 2407 ac
1564 2364 1604 2409 si

239 2430 338 2475 alia
375 2441 435 2473 ex
473 2441 616 2474 causa
641 2428 781 2474 heres
801 2428 978 2485 aliquis
1012 2423 1238 2471 cobet-edi
1261 2435 1350 2470 suo
1367 2425 1609 2471 exstiterit

237 2489 319 2543 (L.
341 2490 386 2536 1.
412 2492 437 2544 S
462 2489 537 2536 15.
565 2492 615 2537 D.
641 2491 690 2536 12.
711 2491 787 2546 t.).
826 2512 879 2521 —
917 2489 1078 2545 Neque
1098 2487 1344 2531 contraria
1363 2493 1436 2532 est
1458 2487 1509 2533 1..
1532 2485 1606 2532 11.

1670 2240 1755 2286 des
1775 2238 1860 2293 (ef.
1882 2239 1908 2293 s
1928 2235 2040 2285 679.
2065 2244 2285 2287 context.
2305 2239 2366 2285 ad
2392 2243 2497 2285 not.
2520 2236 2569 2286 8.
2591 2242 2639 2284 et
2657 2240 2781 2287 infra
2805 2248 2907 2289 not.
2930 2242 3033 2303 9.),

1671 2304 1800 2347 unde
1822 2303 2033 2348 eveniat.
2057 2308 2128 2359 ut,
2143 2304 2180 2347 si
2202 2306 2488 2349 alterutram
2511 2307 2701 2349 tantum
2717 2311 2958 2361 pertinere
2971 2308 3036 2353 ad

1669 2364 1993 2409 necessarium
2017 2362 2246 2411 heredem
2269 2366 2486 2410 dicamus
2502 2397 2518 2423 ,
2543 2371 2727 2411 exutum
2748 2379 2822 2412 res
2847 2368 3032 2415 habere

1671 2437 1747 2472 vix
1775 2427 1945 2483 possit.
1972 2426 2104 2480 Quae
2124 2439 2237 2473 cum
2258 2428 2325 2473 ita
2348 2428 2465 2481 sint,
2486 2426 2685 2483 :injuris
2706 2441 2815 2474 con.
2840 2432 3034 2479 decreta

1673 2489 1737 2543 (c.
1770 2485 1843 2533 16.
1865 2485 1943 2533 18.
1970 2490 2026 2535 Χ.
2052 2490 2122 2535 de
2143 2494 2352 2536 testam.
2378 2489 2459 2538 ΙΙΙ.
2479 2486 2603 2547 26),
2628 2495 2730 2536 lum
2753 2493 2815 2536 ad
2835 2495 3039 2541 'ri-elml-

240 2553 270 2607 ς
292 2550 341 2598 5.
361 2559 410 2598 et
427 2550 477 2599 6.
520 2555 575 2599 1).
609 2553 660 2599 Ιι.
687 2556 751 2609 e.;
776 2551 956 2609 quippe
991 2548 1074 2606 qui
1117 2549 1251 2594 locus
1270 2550 1331 2593 «le
1351 2560 1411 2595 eo
1430 2551 1613 2595 intelli-

241 2616 429 2673 gendus
448 2617 510 2659 sit
533 2648 548 2669 ,
573 2617 648 2661 cui
676 2648 690 2668 ,
712 2626 833 2660 cum
855 2625 962 2659 non
984 2614 1125 2658 esset
1159 2612 1381 2658 coheres
1403 2613 1572 2668 pupilli
1596 2647 1611 2672 ‚

241 2678 331 2722 sed
356 2683 543 2722 lantum
565 2677 873 2726 substitutus,
899 2677 945 2721 in
968 2684 1133 2720 casum
1160 2675 1409 2732 pupillaris
1432 2675 1613 2719 substi-

243 2741 449 2785 tutionis
468 2742 728 2797 separatim
751 2744 864 2784 sunt
888 2736 1128 2797 quaedam
1153 2736 1450 2792 injuncta.-
1466 2738 1540 2783 ct.
1565 2742 1617 2783 et

242 2803 299 2848 1..
323 2802 403 2847 80.
431 2815 504 2861 pr.
533 2804 584 2848 D.
622 2802 673 2848 A.
700 2806 738 2847 e.
763 2810 812 2847 et
835 2800 1077 2861 Huyom's
1108 2799 1314 2845 Donelli
1345 2805 1613 2845 comment.

240 2864 343 2919 jur.
368 2865 460 2911 civ.
507 2865 608 2911 Lib.
647 2866 770 2909 vlll.
800 2876 844 2911 c.
868 2862 948 2910 25.
991 2864 1040 2908 in
1088 2860 1123 2906 f.
1151 2864 1217 2919 (in
1242 2862 1475 2908 Bucheri
1493 2862 1611 2907 edit.

244 2927 357 2972 Vol.
375 2928 431 2971 V.
449 2940 497 2985 p.
520 2925 581 2972 2⁴
600 2927 748 2984 sqq.).
774 2950 824 2958 —
851 2928 1105 2972 Caeterum
1121 2927 1200 2970 alii
1223 2925 1360 2969 aluei·
1378 2924 1467 2970 hos
1487 2926 1617 2970 locos

244 2989 521 3047 explicant5
548 2990 645 3034 vid.
674 3001 719 3033 v.
742 3000 786 3034 c.
815 2987 1102 3043 Weseplial
1121 2988 1186 3041 (v.
1213 2987 1528 3032 Vei-machin.
1556 2988 1614 3032 ll.

245 3053 275 3108 ς
304 3048 440 3097 118⁴.
458 3053 469 3096 ὶ
488 3052 571 3109 qni
611 3051 711 3107 ipse
730 3051 926 3108 quidem
951 3053 1092 3107 plane
1112 3050 1318 3095 insulam
1340 3049 1524 3105 profert
1545 3050 1620 3092 in-

243 3116 649 3169 terpretationem
691 3119 740 3157 et
762 3111 1001 3159 Rossltirt
1021 3113 1054 3157 l.
1078 3112 1110 3158 l.
1133 3123 1181 3168 p.
1203 3106 1298 3155 533
1319 3123 1424 3167 sqq.
1449 3134 1503 3142 —
1528 3111 1619 3155 Ne-

248 3187 349 3233 que
371 3186 485 3220 vero
505 3177 778 3232 negandum
822 3181 896 3220 est
922 3209 936 3230 ‚
971 3174 1151 3219 multas
1173 3172 1248 3216 his
1271 3174 1330 3215 «le
1352 3172 1496 3218 rebus
1513 3173 1619 3227 jam

245 3237 382 3283 inter
412 3245 593 3283 veteres
634 3238 774 3283 JCtos
813 3238 1024 3293 agitatas
1064 3236 1212 3281 fuisse
1234 3235 1620 3296 controversias,

244 3311 463 3358 quarum
509 3301 709 3356 vestigia
751 3300 881 3345 hand
923 3310 1076 3356 pauca
1112 3310 1138 3342 a
1167 3297 1289 3356 juris
1333 3296 1622 3345 Justinianei

244 3361 683 3408 concinnatoribus
706 3362 870 3407 relicta
892 3363 1070 3407 sint.—
1090 3361 1167 3406 Ct‘.
1192 3357 1392 3414 cujacii
1410 3359 1515 3406 obs.
1541 3361 1624 3420 lv,

243 3420 465 3471 as-w.
484 3425 589 3482 XV,
604 3423 681 3471 1⁴.
703 3422 782 3470 15.

863 3535 1086 3603 3750.‘

319 3671 367 3730 t)
400 3673 427 3729 S
448 3671 560 3719 21.
582 3671 695 3718 lut.
721 3695 781 3705 -
804 3671 858 3717 1..
887 3670 963 3719 ⁴2.
986 3673 1039 3719 L.
1060 3667 1259 3728 6251.
1283 3671 1338 3717 1..

251 3734 314 3781 Ιι.
335 3734 492 3780 t.-1..
512 3731 562 3781 3.
580 3747 654 3792 pr.
677 3733 916 3781 eod—L.
938 3732 1019 3782 65.
1043 3735 1070 3790 S
1087 3730 1135 3781 3.
1159 3732 1343 3781 eod.-

248 3796 375 3844 eod.
399 3795 484 3851 (cl'.
507 3803 558 3843 et
581 3798 698 3842 Nov.
727 3799 775 3843 1.
807 3809 853 3842 c.
876 3795 967 3854 2).

321 3859 370 3916 9)
405 3858 523 3903 Nam
545 3861 644 3905 vid.
690 3862 735 3918 a)
756 3861 811 3906 1..
848 3857 899 3906 9.
939 3860 992 3905 D.
1030 3858 1145 3908 lut.
1180 3882 1240 3891 -—
1306 3857 1397 3914 )1..
1457 3889 1470 3903 .

1358 3667 1422 3780 5¹⁸?

1391 3667 1438 3716 '.
1496 3683 1539 3718 r.

254 3922 313 3967 L.
338 3918 417 3967 50.
441 3921 466 3975 S
490 3921 534 3965 1.
560 3923 613 3967 L.
635 3918 716 3968 75.
740 3923 765 3977 s
789 3922 837 3970 1.
858 3921 1090 3969 eod—cl
1117 3921 1169 3966 L.
1189 3917 1269 3967 43.
1289 3918 1550 3968 eod—Cr.
1574 3924 1625 3966 et

252 3981 501 4033 Vinnius
519 3984 621 4038 ads
643 3983 692 4029 Ξ.
717 3985 752 4031 l.
776 3985 828 4030 Ιι.
857 3992 894 4030 t.
918 3996 993 4030 nr.
1020 3984 1065 4027 1.
1091 3983 1138 4028 2.

323 4046 372 4098 3)
407 4043 557 4099 521.
580 4047 632 4093 Ιι.
659 4048 816 4092 t.-1,.
840 4046 921 4093 30.
947 4058 1022 4103 pr.
1049 4047 1101 4090 L.
1123 4042 1206 4091 75.
1227 4055 1306 4101 pr.
1326 4044 1381 4088 D.
1406 4041 1524 4089 eod.

325 4105 373 4163 4)
408 4103 503 4162 35.
525 4109 561 4154 1.
584 4107 634 4154 lt.
662 4108 914 4157 e.-l..39.
931 4106 1444 4155 D.eod.-Deducitur
1456 4106 1625 4163 etiam,

248 4171 392 4229 quod
417 4168 506 4225 ipsi
530 4173 625 4216 fuit
644 4171 812 4217 herodi
837 4171 1074 4217 debitum.
1097 4170 1147 4214 L.
1173 4166 1218 4213 6.
1249 4180 1322 4225 pr.
1346 4169 1400 4214 C.
1422 4167 1473 4214 lt.
1498 4172 1539 4216 t.
1563 4194 1626 4202 --

256 4233 318 4279 L.
342 4229 427 4278 54.
453 4232 506 4275 D.
528 4232 845 4280 θοαί-(ζῆθι
869 4235 923 4279 L.
947 4231 1026 4279 81.
1047 4233 1073 4286 S
1094 4232 1140 4276 1.
1166 4231 1213 4276 2.
1235 4232 1288 4277 D.
1324 4230 1377 4275 Ιι.
1401 4233 1436 4276 t.

326 4291 375 4352 5)
408 4294 434 4348 S
452 4291 501 4338 ὅ·
523 4297 560 4342 l.
583 4295 635 4343 Ιι.
657 4299 693 4342 t.
717 4303 769 4342 et
788 4308 892 4355 arg.
913 4296 968 4340 L.
984 4298 1074 4341 ult.
1096 4294 1122 4348 S
1142 4291 1191 4339 9.
1214 4293 1267 4341 C.
1288 4292 1501 4347 dejure
1533 4292 1627 4340 de-

253 4355 352 4406 ttb.
370 4357 425 4410 (V
431 4358 469 4412 1,
489 4357 592 4415 30.)

326 4417 377 4476 6)
408 4420 539 4475 Quae
586 4420 782 4478 quidem
824 4417 1052 4464 deductio
1091 4421 1193 4462 tum
1233 4427 1426 4475 quoque
1461 4417 1624 4464 locum

250 4482 435 4536 habet,
456 4494 589 4540 cum,
610 4485 690 4540 qui
705 4488 956 4534 oneratur,
971 4482 1071 4539 ipse
1083 4485 1156 4526 est
1172 4479 1219 4524 in
1243 4479 1624 4526 necessariorum

251 4556 473 4592 numero
490 4556 840 4590 successorum.
866 4546 944 4590 Est
974 4544 1105 4588 enim
1147 4542 1273 4588 aeris
1302 4541 1446 4587 alieni
1470 4541 1624 4587 instar

250 4607 482 4664 legitima
506 4608 575 4664 (L.
598 4604 676 4653 36.
701 4608 725 4661 S
747 4608 793 4651 2.
818 4606 872 4652 C.
895 4606 962 4651 de
982 4604 1128 4660 inoff.
1153 4607 1271 4650 cese.
1301 4603 1406 4660 (ΙΙΙ,
1429 4600 1530 4659 28.)
1564 4627 1623 4636 -

250 4671 385 4716 Nost.
413 4670 456 4714 1.
484 4681 556 4727 pr.
581 4669 608 4723 s
626 4669 673 4715 2.
695 4672 743 4727 ),
763 4676 812 4714 ct
833 4669 937 4714 sine
960 4669 1093 4713 omni
1116 4677 1263 4713 onere
1304 4666 1623 4724 relinquenda

254 4739 271 4788 c
298 4732 371 4777 cf.
395 4729 544 4787 3680.
573 4733 607 4782 ).
643 4732 730 4776 Cui
751 4732 900 4777 etiam
917 4731 1104 4775 accedit
1125 4763 1140 4786 ‚
1161 4729 1292 4787 quod
1314 4734 1362 4774 et
1380 4728 1624 4774 dissimilis

249 4793 376 4850 jure
395 4807 521 4841 novo
542 4794 604 4839 sit
643 4794 883 4840 Falcidiae
924 4793 1173 4849 quantitas
1206 4797 1353 4849 atque
1381 4791 1629 4848 legitimae

250 4857 520 4914 portionis,
543 4868 632 4902 nec
647 4856 794 4902 simili
813 4854 958 4901 modo
971 4856 1270 4914 imputentur
1284 4855 1333 4900 in
1348 4860 1622 4912 utramque,

253 4930 392 4977 quae
413 4931 475 4966 ex
494 4919 712 4967 defuncti
737 4918 1032 4976 patrimonio
1068 4918 1379 4976 pervenerint
1399 4914 1461 4963 ad
1489 4916 1632 4963 here·

1674 2552 1836 2597 lianae
1873 2558 2075 2607 quartae
2098 2586 2113 2607 ‚
2139 2563 2285 2610 quam
2322 2556 2537 2607 vocant,
2579 2551 2943 2602 similitudinem
2980 2561 3035 2603 ut

1676 2612 2043 2669 confugiamus,
2076 2616 2236 2661 minus
2260 2621 2334 2660 est
2374 2624 2582 2659 necesse.
2615 2616 2673 2659 At
2714 2622 2817 2661 toto
2857 2629 3040 2674 genere

1677 2677 1971 2784 dissenth}J
2000 2676 2173 2787 Fabgr
2194 2688 2352 2723 error.
2378 2687 2564 2734 pragm.
2587 2676 2648 2720 xl
2677 2710 2693 2736 ,
2732 2683 2779 2723 et
2799 2679 3041 2727 Rossliirt

1676 2738 1711 2784 l.
1739 2738 1771 2783 l.
1799 2749 1845 2794 p.
1972 2774 1982 2784 .
2009 2739 2088 2784 Nr.
2149 2773 2160 2785 .

1738 2799 1787 2848 7)
1804 2801 1853 2845 L.
1874 2798 2083 2847 stt—37.
2109 2803 2159 2848 L.
2184 2799 2265 2847 59.
2288 2803 2340 2847 D.
2361 2800 2416 2848 Ιι.
2434 2802 3038 2860 t.—Nequeveroomnino

1677 2864 1896 2908 omnium
1922 2866 2072 2921 pretia
2095 2865 2403 2910 deducuntur
2436 2864 2708 2920 legatorum
2734 2900 2747 2914 .
2770 2879 2894 2923 quae
2918 2869 3040 2913 inte·

1679 2936 1763 2981 gra
1792 2959 1807 2980 ,
1832 2926 1944 2970 licet
1968 2932 2137 2982 suapte
2162 2932 2334 2972 natura
2359 2960 2373 2979 ,
2397 2937 2491 2970 uon
2518 2937 2647 2972 mera
2677 2931 2922 2974 testatoris
2948 2942 3035 2976 vo-

1683 2989 1872 3032 luntate
1888 3019 1903 3038 .
1923 2989 2209 3046 praestanda
2234 2993 2344 3033 sunt
2372 2989 2633 3044 legatariis.
2657 2989 2730 3035 Cf.
2756 2991 2808 3035 L.
2829 2989 2911 3038 8⁰.
2930 2992 2956 3046 S
2980 2993 3028 3039 1.

1684 3049 1737 3094 l).
1760 3048 1812 3095 ln.
1835 3052 1872 3095 t.
1892 3056 1937 3093 et
1963 3051 2088 3094 intra
2112 3056 2216 3096 not.
2235 3047 2284 3095 9.
2313 3049 2409 3093 vid.
2434 3054 2482 3094 et
2504 3050 2529 3102 S
2547 3047 2659 3095 752.

1744 3108 1793 3166 8)
1826 3113 1918 3168 33.
1942 3111 1978 3155 l.
1998 3111 2050 3157 ll.
2073 3114 2234 3158 t.—L.
2256 3109 2338 3158 75.
2360 3114 2386 3166 s
2404 3109 2452 3157 5.
2478 3112 2533 3156 D.
2555 3111 2603 3158 Ιι.
2626 3116 2664 3159 t.

1745 3170 1796 3228 9)
1828 3175 1879 3218 L.
1896 3170 1975 3218 88.
1997 3177 2022 3229 s
2043 3172 2093 3219 2.
2118 3176 2170 3219 D.
2195 3174 2246 3219 ll.
2271 3177 2306 3220 t.
2355 3191 2377 3211 ιι
2398 3197 2453 3205 -
2477 3194 2538 3206 -
2564 3199 2619 3206 --
2640 3175 2808 3232 siquo
2829 3176 3038 3234 amplius

1683 3235 1909 3290 legavero
1932 3268 1947 3291 ,
1968 3247 2114 3292 quam
2136 3248 2221 3294 per
2240 3239 2394 3291 legem
2431 3236 2691 3281 Falcidiam
2717 3237 2879 3282 licebit
2900 3272 2913 3293 ,
2933 3245 3037 3284 tum

1686 3304 1926 3354 quantum
1948 3298 2009 3342 ad
2022 3299 2344 3356 supplendum
2367 3298 2691 3355 quadrantem
2704 3299 2877 3347 deduci
2891 3313 3038 3358 opor·

1688 3364 1760 3403 tet
1786 3393 1799 3412 ,
1829 3372 1885 3405 ex
1919 3370 1977 3405 eo
2014 3363 2191 3419 legato,
2228 3359 2355 3417 quod
2380 3360 2509 3406 Titio
2531 3361 2641 3406 dedi
2667 3395 2681 3416 ‚
2725 3361 2865 3407 heres
2903 3375 3038 3409 meus

1687 3421 1892 3467 damnas
1911 3428 2015 3467 esto
2034 3425 2167 3468 dare.
2191 3437 2216 3464 n
2253 3446 2310 3455 —
2342 3422 2392 3467 L.
2413 3419 2495 3468 88.
2519 3435 2592 3480 pr.
2616 3422 2733 3469 eod.
2759 3439 2784 3465 ιι
2808 3426 2899 3479 Qui
2918 3436 3042 3483 qua-

1686 3483 1944 3540 dringenta
1970 3484 2424 3543 habebat‚trecenta
2448 3485 3042 3539 legavit.deindetun.lum

1689 3545 1799 3601 tibi,
1821 3547 2023 3604 dignum
2044 3554 2241 3594 centum
2263 3546 2423 3591 aureis
2446 3578 2463 3602 ,
2503 3547 2594 3593 sub
2633 3546 2724 3593 hac
2765 3549 3044 3596 conditione

1687 3607 1867 3664 legavit
1891 3622 1902 3653 :
1928 3610 1965 3654 sl
1991 3610 2083 3666 logi
2129 3609 2371 3655 Falcidiae
2402 3609 2449 3653 in
2480 3612 2776 3655 testamento
2798 3623 2885 3657 suo
2906 3615 3038 3658 locus

1686 3681 1785 3716 non
1824 3675 1947 3716 esset
1971 3695 2027 3705 —
2053 3693 2112 3703 -
2133 3694 2194 3704 —
2219 3685 2305 3732 -3
2326 3682 2438 3716 cum
2459 3673 2758 3717 voluntatem
2796 3675 3046 3720 testatoris

1685 3743 1794 3779 eam
1837 3733 1987 3778 tuisse
2028 3737 2291 3790 appareat,
2332 3737 2389 3778 ut
2431 3740 2629 3791 propter
2664 3739 2804 3780 tuum
2829 3738 3043 3793 legatum

1685 3803 1989 3842 caeterorum
2008 3796 2163 3852 legata
2187 3796 2342 3841 minui
2362 3797 2510 3840 nollet
2534 3811 2546 3842 ι
2572 3797 2726 3852 magis
2746 3802 2839 3854 est,
2874 3804 2927 3843 ut
2944 3805 3047 3844 sta-

1606 3890 1620 3903 .
1687 3861 1826 3902 tuere
1848 3858 2132 3905 debeamus.
2152 3859 2220 3903 tui
2244 3858 2392 3914 legati
2411 3859 2739 3903 conditionem
2759 3859 3040 3906 defecissem

1689 3920 1854 3975 —Quo
1872 3932 1930 3965 ex
1955 3921 2060 3967 loco
2082 3922 2299 3978 plerique
2317 3920 2464 3965 etiam
2479 3921 2725 3977 explicant
2747 3921 2799 3966 L.
2821 3920 2901 3969 6⁴.
2924 3922 3043 3969 eod.

1687 3980 1702 4037 (
1730 3983 1844 4037 Uip.
1887 3982 1973 4029 lib.
2006 3982 2132 4028 xlll.
2170 3985 2234 4028 ad
2259 3983 2310 4027 l..
2346 3982 2446 4026 sul.
2468 3988 2516 4026 et
2540 3984 2652 4038 Pap.
2675 3984 2691 4037 )
2714 3985 2799 4029 «Si
2824 3986 2874 4031 in
2899 3989 3049 4031 testa-

1689 4050 1854 4090 mento
1895 4045 1961 4091 ita
2004 4046 2238 4102 scriptum
2278 4044 2338 4088 sit
2366 4059 2377 4090 ε
2403 4043 2543 4089 heres
2579 4056 2716 4090 meus
2742 4047 2886 4092 Lucio
2918 4047 3048 4092 Titio

1688 4107 1857 4152 decem
1879 4107 1996 4152 dare
2017 4108 2220 4152 damnas
2235 4112 2342 4151 esto
2357 4139 2372 4162 ‚
2393 4111 2441 4150 et
2462 4111 2647 4163 quanto
2670 4108 2867 4164 quidem
2889 4110 3049 4154 minus

1690 4180 1779 4226 per
1801 4170 1851 4214 L.
1875 4170 2135 4215 Falcidiam
2165 4179 2339 4226 capere
2361 4170 2542 4225 poterit
2564 4203 2579 4223 ,
2605 4174 2741 4214 tanto
2763 4172 2975 4228 amplius
2998 4171 3046 4216 ei

1689 4232 1807 4277 dare
1828 4233 2032 4278 damnas
2059 4238 2164 4277 esto
2189 4232 2495 4278 :sententiae
2535 4232 2775 4278 testatoris
2818 4233 3048 4279 standum

1690 4299 1761 4338 est
1781 4308 1891 4338 n—:
1908 4294 1976 4339 lta
2000 4294 2206 4348 scilicet,
2226 4291 2363 4350 quasi
2382 4293 2503 4338 alius
2519 4294 2738 4349 legatarii
2763 4307 2939 4341 nomen
2957 4295 3051 4341 hoc

1687 4355 1737 4400 in
1762 4358 1870 4402 loco
1897 4356 2150 4402 exciderit.
2191 4358 2251 4402 At
2288 4357 2461 4401 melius
2481 4355 2598 4402 mibi
2638 4357 2833 4413 quidem
2859 4358 3051 4403 videtur

1689 4419 1832 4463 Basil.
1851 4417 2012 4464 schol.
2036 4418 2123 4474 (V.
2149 4431 2196 4476 p.
2233 4415 2344 4465 428.
2373 4419 2461 4472 m.)
2484 4418 2543 4463 de
2567 4420 2648 4463 lali
2689 4421 2848 4477 specie
2868 4420 3052 4466 intelli-

1687 4492 1802 4536 gere
1823 4479 1873 4526 h.
1900 4481 1933 4525 l.
1959 4514 1974 4535 ,
1995 4481 2151 4537 qualis
2188 4481 2475 4537 proponitur
2508 4481 2560 4526 L.
2598 4477 2680 4528 46.
2719 4480 2974 4528 eod—Cf.
3000 4486 3050 4528 et

1684 4540 1972 4588 Rosslzlrn.
1997 4543 2032 4587 l.
2057 4555 2104 4600 p.
2128 4539 2239 4589 530.

1749 4603 1827 4658 10)
1862 4605 1969 4650 Vid.
1992 4611 2093 4650 not.
2117 4616 2218 4662 seq.
2239 4605 2428 4650 Caeler.
2452 4603 2516 4650 cf.
2534 4606 2559 4659 S
2579 4601 2691 4651 749.
2716 4609 2819 4652 not.
2843 4603 2986 4654 7-9.

1754 4663 1832 4723 11)
1865 4666 1916 4711 L.
1940 4663 2019 4712 7⁴.
2041 4667 2090 4711 L.
2112 4665 2194 4712 91.
2213 4668 2266 4712 D.
2285 4667 2338 4712 Ιι.
2359 4671 2465 4711 t.—
2490 4667 2541 4711 L.
2564 4664 2642 4711 29.
2670 4679 2743 4724 pr.
2780 4671 2828 4714 l..
2850 4666 2929 4716 50.
2952 4672 2980 4726 ς
2999 4667 3049 4718 8.

1687 4728 1949 4775 eod.-—Ct’.
1972 4728 1996 4781 S
2016 4725 2127 4774 725.
2155 4733 2258 4775 not.
2281 4726 2474 4775 6.—cf.
2497 4732 2545 4773 et
2564 4729 2618 4774 L.
2638 4727 2719 4775 75.
2743 4732 2861 4778 eod.

1754 4789 1832 4846 12)
1857 4792 1906 4836 L.
1929 4787 2009 4836 76.
2032 4802 2107 4854 pr.
2125 4791 2179 4837 D.
2197 4790 2250 4838 lt.
2271 4793 2308 4837 t.
2334 4815 2390 4824 —
2415 4791 2467 4837 1..
2486 4791 2567 4839 30.
2601 4789 2695 4847 3⁷.
2718 4793 2772 4840 1..
2811 4791 2889 4842 40.
2934 4794 2962 4850 S
3002 4797 3051 4844 1.

1694 4850 1844 4900 Ι..’93.
1865 4851 1981 4898 eod.

1758 4913 1837 4970 15)
1871 4917 1926 4962 L.
1947 4913 2093 4974 apr.
2114 4920 2164 4963 et
2184 4911 2211 4966 S
2232 4915 2280 4964 1.
2306 4916 2362 4963 D.
2380 4914 2430 4961 Ιι.
2452 4919 2491 4962 ε.
2592 4957 2595 4962 ,
