3544 5506
1088 372 1222 414 cu».
1263 373 1310 415 ι’.
1361 373 1437 415 nn
1475 373 1687 416 amun
1728 375 2039 418 mvtstonr.
2073 375 2204 418 mc.
2961 365 3067 422 221

259 497 452 554 quem
497 483 960 542 anatocismum
983 491 1233 543 veteres
1256 486 1697 560 vocaruntn),
1731 487 1892 560 exigi
1927 495 2184 561 possent
2202 487 2294 564 12).
2330 493 2405 547 At
2444 488 2598 548 nibil
2619 497 2836 550 tamen
2867 492 3070 565 impe-

258 583 389 654 dit,
422 598 556 655 quo
584 583 794 641 minus
830 581 1067 642 usurae
1093 580 1224 656 peti
1270 585 1513 657 possint
1550 602 1899 645 usurarum
1919 628 1936 655 ‚
1987 603 2157 660 quae
2182 588 2372 647 sortis
2398 604 2638 647 nomen
2665 596 2732 647 et
2772 596 3071 650 naturam

260 683 502 755 absque
530 682 865 740 creditoris
902 682 1130 741 fraude
1153 681 1536 756 induerunt,
1575 686 1639 743 id
1667 687 1844 759 quod
1867 686 1939 743 fit
1961 701 2110 744 cum
2140 702 2368 746 usuras
2406 694 2706 761 acceptas
2731 689 2939 747 eidem
2961 690 3070 749 de-

259 779 452 837 bitori
486 780 657 839 bona
696 776 823 839 fide
862 779 1118 839 foenori
1159 783 1498 843 reddendo
1521 785 1620 852 ¹³),
1655 790 1794 841 tum
1825 800 1982 843 vero
2023 781 2296 845 maxime
2335 788 2596 845 mutatis
2638 789 2957 861 personis,
3005 796 3073 848 et

258 871 565 934 debitoris
597 873 676 947 ¹⁴)
724 882 791 934 et
830 877 1167 935 creditoris
1190 875 1284 951 15).
1329 879 1560 955 Quodsi
1602 880 1742 952 quis
1786 879 1979 952 igitur
2017 882 2226 939 usuris
2267 882 2553 940 abutitur
2571 883 2679 958 ¹⁶),
2711 899 2845 943 non
2878 885 3072 946 modo

260 973 411 1031 nihil
443 976 572 1052 egit
591 971 684 1049 ¹⁷),
709 989 932 1032 verum
961 976 1154 1034 etiam
1184 991 1392 1049 poena
1415 978 1720 1051 peculiari
1745 978 1867 1036 erit
1894 979 2284 1038 adficiendus
2310 974 2401 1054 ¹⁸).

643 1116 668 1189 S
712 1120 859 1178 251.
887 1123 947 1189 C)
966 1121 1048 1177 De
1072 1119 1334 1178 subsidiis
1371 1120 1450 1179 ad
1489 1139 1720 1180 causam
1761 1122 1849 1181 rei
1874 1121 2312 1199 consequendam
2336 1123 2700 1201 comparatis.

361 1269 571 1331 Causa
596 1276 688 1334 rei
713 1272 869 1334 alias
895 1278 1321 1349 peculiaribus
1345 1278 1473 1351 peti
1497 1286 1708 1352 potest
1726 1279 2104 1354 actionibus,
2131 1275 2285 1338 alias
2305 1296 2432 1338 una
2454 1296 2600 1338 cum
2620 1278 2873 1341 actione
2898 1283 3071 1355 prin-

256 1372 445 1445 cipali
474 1372 537 1430 in
561 1374 868 1448 judicium
909 1378 1286 1436 deducenda
1319 1386 1436 1448 est,
1482 1380 1564 1436 ab
1601 1395 1808 1453 eaque
1838 1386 1977 1438 tota
2005 1381 2262 1452 pendet.
2302 1375 2385 1437 Et
2420 1378 2476 1451 1)
2508 1397 2743 1440 usurae
2775 1382 3071 1458 quidem,

256 1475 580 1539 quatenus
611 1471 673 1528 in
713 1473 1098 1544 obligatione
1127 1481 1274 1533 sunt
1309 1470 1354 1543 (S
1385 1474 1529 1542 229,
1569 1482 1707 1533 not.
1748 1477 1810 1533 6.
1844 1473 1888 1550 ),
1916 1469 2223 1547 separatis
2249 1470 2605 1533 actionibus
2625 1478 2750 1550 peti
2784 1484 3071 1554 possunt,

253 1562 533 1637 ideoque
577 1568 773 1625 debiti
816 1568 1178 1642 principalis
1218 1564 1627 1629 exstinctione
1660 1571 1988 1645 praeteriti
2020 1570 2277 1643 quidem
2316 1572 2621 1643 temporis
2654 1588 2888 1632 usurae
2937 1589 3069 1633 non

256 1660 670 1730 perimuntur
697 1660 758 1736 ¹),
786 1666 901 1722 nisi
929 1666 1101 1738 quod
1127 1680 1202 1723 ex
1233 1666 1539 1736 singulari
1568 1668 1844 1739 quadam
1868 1665 2203 1724 Iustiniani
2236 1667 2714 1737 constitutione,
2741 1665 3071 1743 principali

256 1760 514 1819 actione
546 1762 809 1834 triginta
838 1766 940 1822 vel
969 1766 1390 1838 quadraginta
1419 1781 1739 1824 annorum
1770 1765 2272 1839 praescriptione
2312 1766 2631 1842 submota,
2666 1769 2859 1825 etiam
2888 1784 3072 1842 prae-

257 1855 428 1912 teriti
456 1861 764 1931 temporis
794 1877 1028 1919 usurae
1056 1863 1369 1921 tolluntur
1391 1863 1438 1934 2)
1463 1881 1482 1936 ς
1507 1868 1736 1920 contra
1759 1875 1914 1919 vero
1931 1876 2296 1929 usurarum,
2319 1876 2485 1933 quae
2513 1877 2590 1919 ex
2612 1861 2825 1923 officio
2838 1864 3070 1939 judicis

176 1954 186 1964 ’
258 1957 774 2032 proficiscuntur,
790 1961 1008 2033 petitio
1030 1962 1236 2020 omnis
1262 1960 1503 2019 tollitur
1522 2006 1538 2031 ,
1569 1963 1835 2020 simulac
1862 1955 2225 2034 principalis
2257 1961 2560 2033 obligatio
2584 1971 2871 2036 peremta
2897 1960 3071 2032 θεῖ’),
3097 1975 3100 1980 ’

258 2059 661 2127 quapropter
689 2061 755 2112 et
780 2070 1029 2126 earum,
1057 2072 1214 2130 quas
1231 2056 1428 2130 judex
1457 2057 1771 2115 sententia
1812 2072 1925 2114 sua
1957 2052 2189 2128 omisit,
2208 2052 2425 2114 sicam
2449 2058 2534 2116 ob
2556 2073 2814 2117 causam
2841 2076 3074 2133 provo·

257 2147 578 2206 cationem
598 2165 731 2208 non
762 2151 1142 2224 interposuit
1159 2159 1366 2222 actor,
1390 2152 1648 2209 minime
1664 2150 1802 2209 fieri
1826 2151 2017 2209 debet
2043 2151 2417 2210 retractatio
2441 2148 2508 2225 ⁴).
2542 2156 2747 2226 Atque
2767 2155 3073 2223 similiter,

256 2245 315 2316 2)
350 2262 500 2304 cum
528 2249 612 2306 de
648 2247 959 2310 fructibus
991 2251 1398 2310 restituendis
1436 2251 1793 2325 quaeritur,
1831 2250 1895 2307 hi
1935 2252 2214 2324 quidem,
2245 2266 2521 2325 quorum
2561 2252 2876 2312 restitutio
2898 2254 3076 2312 alitis

261 2347 736 2409 contestatione
767 2353 1031 2428 pendet,
1074 2358 1150 2409 ut
1182 2352 1410 2426 judicis
1450 2350 1662 2410 officio
1693 2351 2033 2419 debentur,
2065 2352 2179 2421 ita,
2217 2346 2267 2408 si
2294 2350 2832 2410 condemnatione
2863 2354 3076 2412 omissi

262 2451 436 2515 sunt,
467 2445 596 2518 peti
627 2446 899 2522 amplius
928 2459 1288 2524 nequeunt3
1318 2447 1546 2524 reliqui
1585 2466 1740 2509 vero
1782 2465 2025 2518 omneS,
2075 2449 2361 2522 quamvis
2390 2449 2583 2508 etiam
2614 2451 2918 2523 generali,
2942 2452 2984 2511 i.
3014 2467 3075 2511 e.

268 2541 619 2619 principali,
668 2551 923 2607 actione
947 2547 991 2626 ⁵)
1039 2550 1100 2608 in
1123 2551 1434 2625 judicium
1459 2558 1526 2609 et
1553 2557 1879 2609 certamen
1922 2550 2199 2616 venient,
2239 2544 2479 2607 scilicet
2509 2556 2728 2608 actore
2768 2550 2829 2608 id
2860 2557 3076 2623 postu-

266 2632 475 2707 lante,
508 2647 742 2714 tamen,
784 2660 956 2720 cum,
989 2646 1165 2704 velut
1194 2647 1259 2704 in
1287 2647 1671 2718 obligatione
1697 2646 1849 2716 sint,
1877 2641 2253 2718 specialibus
2285 2660 2542 2718 quoque
2566 2647 2920 2704 actionibus
2946 2642 3078 2705 uti-

262 2753 391 2810 que
414 2741 542 2814 peti
563 2744 1066 2818 poterunt⁶)‚nisi
1092 2747 1142 2807 si
1177 2746 1483 2821 temporis
1507 2746 2010 2821 praescriptione
2036 2746 2285 2806 sublata
2317 2746 2397 2805 sit
2427 2746 2791 2820 principalis
2820 2748 2988 2806 actio
3002 2744 3072 2821 ⁷).

257 2890 340 2925 rae
363 2893 462 2927 non
497 2884 787 2945 exiguntur,
833 2887 1065 2944 quotiens
1112 2892 1332 2946 tempore
1374 2888 1630 2934 solutionis

256 2952 446 2989 summa
473 2956 733 2992 usui-arum
762 2950 952 2995 excedit
971 2962 1079 2996 eam
1097 2951 1630 3009 computationem„—

1757 2886 1837 2945 18)
1860 2888 1912 2932 L.
1936 2886 1984 2932 2.
2011 2887 2065 2934 C.
2092 2887 2183 2932 Tb.
2211 2885 2279 2933 de
2318 2899 2468 2933 usur.
2495 2888 2586 2945 (ll,
2627 2888 2729 2943 53.)
2770 2887 2846 2933 Cf.
2881 2889 2938 2933 J.
2977 2890 3075 2934 Go-

1697 2948 2001 3002 thori-edum
2036 2953 2085 2995 iu
2124 2956 2370 2995 comment
2390 2952 2450 2995 ad
2480 2949 2532 2995 b.
2565 2952 2597 2995 1.
2620 2955 2669 2994 et
2689 2949 2863 2996 Noodt
2883 2950 2988 2995 Lib.
3015 2951 3072 2997 ll.

257 3005 457 3057 (Postea
489 3010 690 3065 quidem
719 3011 1048 3071 summanus,
1083 3020 1137 3059 ut
1170 3020 1317 3059 etnam
1354 3025 1441 3072 per
1468 3015 1623 3059 inter·
1685 3025 1729 3057 c.
1757 3011 1836 3058 15.
1859 3013 1909 3058 in
1937 3013 1994 3068 1.)
2037 3030 2099 3044 —-
2138 3013 2191 3059 L.
2222 3011 2302 3058 20.
2338 3012 2391 3056 C.
2428 3024 2499 3058 ex
2536 3011 2679 3069 quib.
2706 3024 2858 3058 caus.
2880 3010 3071 3065 insum.

258 3069 382 3113 valla
396 3068 558 3115 factae
581 3072 831 3117 solutionis
853 3074 904 3118 in
923 3077 1126 3133 duplum
1143 3075 1494 3132 computandae
1504 3077 1621 3132 sint,

253 3131 529 3177 identidem
550 3136 816 3192 praecepit:
832 3134 979 3181 1..29.
1001 3138 1082 3183 30.
1102 3140 1156 3183 C.
1180 3137 1235 3184 Ιι.
1262 3138 1488 3183 t--Nov.
1511 3138 1620 3183 121.

256 3204 302 3236 e.
325 3191 375 3238 2.
400 3197 451 3239 et
471 3196 594 3240 Nov.
615 3194 892 3256 158.;quae
907 3201 1210 3257 tamenleges
1231 3203 1282 3246 in
1298 3202 1622 3256 glossatarum

259 3266 468 3301 numero
489 3269 589 3302 non
614 3260 883 3305 suun-Cf.
907 3263 1066 3308 Glticlt
1087 3263 1236 3308 Pand.
1257 3262 1376 3307 XXI.
1402 3274 1450 3318 p.
1475 3260 1585 3308 107.
1608 3265 1623 3317 )

255 3340 316 3348 -
338 3319 392 3364 t..
420 3317 503 3366 27.
527 3321 555 3373 S
577 3319 623 3367 1.
645 3322 699 3368 C.
733 3321 787 3367 lt.
824 3324 860 3367 t.
884 3347 945 3355 -
962 3324 1036 3370 Cf.
1056 3325 1225 3370 Noodl
1273 3326 1321 3369 1..
1351 3325 1430 3369 lll.
1455 3337 1500 3370 c.
1527 3323 1625 3382 17.)

253 3403 319 3411 -
342 3382 606 3429 Caeterum
625 3386 688 3429 de
707 3386 901 3440 regulae
925 3386 1053 3432 illius
1070 3422 1084 3442 ,
1108 3389 1293 3433 scilicet
1317 3398 1377 3432 ne
1405 3388 1534 3432 ultra
1556 3390 1628 3433 al-

254 3445 419 3487 terum
455 3450 649 3491 tantum
680 3457 856 3491 usurae
887 3454 1134 3505 crescant,
1167 3457 1216 3494 et
1244 3461 1331 3493 usu
1361 3448 1541 3495 forensi
1581 3455 1627 3495 et

271 3507 677 3565 exceptionibus,
698 3521 816 3566 quas
881 3511 1043 3556 uidem
1076 3513 1221 3568 vulgo
1259 3516 1507 3570 statuunt,
1529 3513 1625 3558 vid.

261 3566 492 3676 Titi¹b⁰a⁷ue
507 3569 662 3678 5a5nd.
686 3572 724 3617 l.
749 3572 774 3625 S
796 3568 857 3615 28
896 3606 907 3618 .
932 3585 1023 3620 nec
1043 3586 1137 3619 non
1164 3574 1324 3620 Glaeiclx·
1347 3574 1501 3620 Pand.
1536 3576 1570 3621 l.
1594 3578 1628 3621 1.

327 3689 406 3752 11)
443 3694 545 3742 Cic.
571 3696 715 3751 epist.
739 3695 801 3740 ad
832 3698 930 3743 Att.
973 3696 1077 3743 Lib.
1103 3699 1160 3743 V.
1194 3710 1273 3754 ep.
1300 3698 1378 3743 21.
1403 3710 1452 3755 p.
1484 3700 1614 3745 med.

325 3754 403 3813 12)
424 3758 477 3801 L.
496 3756 578 3804 26.
605 3759 630 3813 ς
657 3758 700 3802 1.
723 3759 777 3802 D.
799 3756 864 3804 de
897 3759 1053 3808 cond.
1079 3760 1255 3807 indeb.
1301 3784 1359 3792 —-
1384 3762 1435 3807 1..
1457 3759 1539 3807 27.
1567 3762 1622 3807 D.

253 3816 325 3863 de
358 3830 422 3865 re
443 3820 570 3874 jud.
593 3820 926 3880 -(Χ1.11.1.)
951 3846 1006 3854 -
1042 3822 1092 3867 L.
1120 3824 1167 3869 5.
1191 3825 1243 3869 C.
1279 3821 1347 3868 de
1370 3835 1523 3869 usur.
1549 3824 1628 3871 rei

243 3878 373 3934 jud.
394 3906 456 3913 -
478 3883 532 3929 L.
550 3879 632 3928 28.
655 3881 708 3926 C.
735 3880 789 3926 lt.
815 3886 851 3928 t.
876 3909 938 3920 —
962 3885 1149 3931 Noodl.
1172 3886 1272 3930 Lib.
1309 3885 1365 3929 ll.
1403 3899 1448 3931 c.
1471 3887 1548 3931 11.
1571 3911 1623 3918 -—

257 3946 325 3988 De
350 3946 514 3991 usuris
536 3943 951 3992 restituendorum
981 3947 1231 3993 fructuum
1257 3948 1353 3993 vid.
1379 3948 1431 3992 Ι..
1457 3946 1534 3994 15.
1562 3950 1617 3994 D.

256 4006 314 4051 Ιι.
341 4011 379 4052 t.
405 4009 524 4053 coll.
547 4018 658 4051 cum
685 4004 737 4050 L.
756 4004 837 4053 51.
859 4010 885 4063 S
907 4008 951 4055 1.
976 4011 1029 4055 D.
1077 4009 1144 4057 de
1184 4010 1299 4056 lter.
1316 4013 1426 4065 pet.
1450 4012 1529 4070 (V,
1548 4013 1618 4068 3.)

256 4076 308 4115 et
330 4071 485 4116 eund.
509 4067 680 4115 Noodt
701 4068 808 4114 Lib.
827 4072 884 4116 ll.
906 4084 951 4118 c.
975 4071 1054 4118 12.

325 4128 403 4189 1ἔῆ
427 4131 590 4178 Gltick
613 4134 647 4176 1.
672 4142 717 4176 c.
741 4142 790 4188 p.
816 4131 925 4178 123.

327 4192 403 4251 14)
429 4195 480 4239 L.
507 4193 584 4242 10.
611 4192 706 4247 §3-
729 4195 784 4238 D.
813 4195 1069 4243 mandati.
1100 4196 1279 4254 (xvii,
1304 4196 1432 4251 1.)-
1465 4198 1516 4242 L:
1539 4196 1633 4253 7.§

259 4259 339 4304 12.
361 4257 416 4304 1..
442 4256 525 4304 58.
543 4258 569 4311 S
589 4257 635 4300 1.
654 4252 705 4302 ⁴.
724 4258 1015 4304 D.deadm.
1034 4259 1219 4314 εἰμεν.
1242 4264 1340 4305 tut.
1363 4260 1543 4316 (xxvl.
1563 4257 1635 4317 7.)

323 4319 398 4376 15)
423 4322 476 4366 L.
502 4320 581 4365 12.
606 4320 632 4374 3
652 4314 702 4362 9.
725 4319 774 4364 in
798 4322 835 4365 f.
863 4321 916 4366 D.
942 4321 1319 4369 mandam—L.
1343 4318 1422 4366 57.
1446 4323 1499 4366 D.
1517 4322 1568 4366 Ιι.
1594 4325 1633 4368 e.

322 4382 400 4436 16)
425 4384 624 4439 keyser
639 4380 702 4427 de
728 4384 945 4430 usuraria
961 4388 1197 4441 pravitate
1219 4385 1368 4440 (med.
1395 4383 1456 4428 ad
1478 4383 1631 4429 Pand.

256 4448 337 4504 Sp.
365 4444 500 4502 246.)
525 4470 579 4478 -
606 4444 684 4490 cf.
705 4450 754 4489 et
778 4447 949 4491 Noodt
973 4446 1075 4492 Lib.
1099 4447 1156 4492 ll.
1181 4460 1224 4493 c.
1252 4443 1330 4492 15.
1357 4451 1406 4491 et
1426 4445 1638 4492 Boedee·

254 4512 389 4555 civit.
414 4508 666 4555 Abhandl.
691 4507 907 4554 (Giesseu
932 4506 1193 4566 1855.)N1·.
1223 4509 1299 4555 tv.

318 4569 398 4629 17)
421 4573 474 4617 L.
497 4568 578 4616 29.
604 4571 657 4615 D.
677 4569 729 4616 Ιι.
752 4571 909 4616 t.-1..
930 4569 1009 4617 26.
1032 4582 1107 4630 pr.
1130 4574 1224 4627 εις
1247 4573 1291 4616 1.
1314 4571 1368 4616 D.
1390 4567 1458 4615 de
1478 4570 1634 4617 cond.

260 4635 370 4681 ind.
394 4634 522 4690 (Xll,
539 4632 611 4689 6.)
636 4656 691 4664 -
713 4633 764 4679 L.
785 4633 867 4678 29.
886 4635 942 4679 D.
961 4634 1012 4679 lt.
1036 4637 1073 4678 t.
1099 4658 1159 4666 --
1180 4633 1328 4689 Cujus
1351 4632 1419 4677 rei
1441 4633 1564 4677 ratio
1586 4634 1637 4678 in

257 4697 478 4742 inferiori
502 4696 650 4749 hujus
670 4695 923 4741 doctrinae
945 4700 1082 4753 parte
1105 4696 1227 4750 (Lib.
1253 4697 1333 4743 ltl.
1355 4696 1450 4739 titt.
1472 4694 1538 4741 de
1562 4694 1640 4740 ἰη-

257 4759 422 4808 debiti
440 4757 605 4806 cond.
644 4762 692 4802 et
724 4757 794 4804 de
823 4759 1000 4813 solut.)
1042 4759 1316 4804 accuratius
1347 4763 1634 4813 exponetur.

261 4824 460 4869 interim
481 4821 585 4867 vid.
609 4823 675 4866 A.
699 4823 762 4866 D.
792 4821 998 4867 lVeber
1016 4825 1280 4867 comment.
1307 4821 1367 4866 de
1390 4820 1546 4865 usuris
1571 4821 1640 4865 in-

259 4884 418 4931 debite
448 4884 623 4930 uolutis
659 4895 928 4939 earumque
953 4889 1050 4929 tam
1072 4884 1361 4940 repetitione
1379 4916 1394 4932 .,
1415 4893 1563 4939 quam
1585 4883 1636 4929 in

262 4953 438 4996 sortem
459 4949 805 5007 imputatione.
831 4948 964 5003 (vers
988 4946 1071 4993 ub.
1094 4948 1147 4993 d.
1169 4946 1334 4992 Civilr.
1359 4946 1439 4991 Νι.
1463 4946 1561 5000 lv.)

1687 3074 1844 3132 itu-oy.
1873 3075 1951 3131 (ll,
1974 3074 2073 3130 22.)
2099 3097 2155 3105 —-
2175 3087 2220 3120 c.
2248 3072 2297 3119 5.
2322 3076 2381 3120 x.
2402 3075 2468 3120 de
2491 3086 2760 3120 ηψπ-ε,
2779 3072 2810 3118 2
2829 3073 2897 3119 de
2916 3087 3069 3121 usur.

1687 3137 1735 3181 in
1755 3138 1836 3181 vt.
1861 3159 1921 3168 --
1950 3135 2068 3181 Ord.
2098 3136 2198 3181 Pol.
2236 3138 2298 3181 de
2328 3134 2469 3183 1577.
2500 3138 2598 3181 Tit.
2638 3134 2716 3181 17.
2740 3137 2767 3191 S
2787 3132 2835 3179 8.
2859 3136 2915 3191 (ιι
2940 3138 3071 3183 allen

1687 3199 1915 3245 Richtern
1934 3198 2213 3258 gebietend,
2236 3209 2383 3245 waun
2404 3199 2569 3245 sotche
2592 3196 2924 3244 wucberlicbe
2942 3201 3069 3244 Con-

1691 3266 1819 3306 tract
1838 3260 1919 3304 fur
1942 3261 2010 3306 sie
2034 3259 2231 3315 bracht,
2252 3262 2363 3306 dass
2397 3261 2467 3306 sie
2490 3260 2735 3306 dieselben
2768 3260 3030 3318 unwurdig
3049 3295 3067 3322 ,

1690 3322 1894 3368 kraftlos
1925 3324 2024 3369 und
2051 3322 2307 3379 uubttndig
2329 3325 2578 3369 erksnnen
2600 3346 2654 3354 —
2677 3337 2688 3367 :
2714 3320 2898 3367 Zudem
2921 3357 2935 3382 ,
2958 3325 3071 3371 dass

1691 3384 1940 3442 derjenig,
1963 3397 2017 3431 so
2047 3384 2210 3430 solche
2244 3385 2564 3432 wucherliche
2593 3386 2825 3430 Contract
2858 3410 2916 3418 —
2942 3386 3071 3432 uben

1691 3449 1880 3503 wurde,
1903 3448 1998 3493 den
2019 3447 2237 3492 vierdten
2261 3448 2401 3494 Tbeil
2424 3461 2486 3493 an
2511 3448 2669 3492 seiner
2691 3447 3069 3505 Haupt-Summa

1691 3510 1975 3569 vet-lobren,
1997 3509 2101 3555 und
2140 3507 2382 3567 det-selbig
2412 3510 2531 3557 halb
2552 3509 2710 3555 seiuer
2731 3509 3071 3566 burgerlicben

1695 3573 1974 3631 Obriglteit‚
1998 3583 2112 3618 zum
2135 3574 2319 3619 andern
2341 3573 2479 3618 Tbeil
2512 3573 2628 3618 aber
2667 3574 2756 3616 der
2793 3573 3072 3632 Obrigkeit,

1695 3638 1932 3682 darunter
1952 3635 2039 3680 der
2058 3646 2191 3680 arme
2208 3634 2758 3692 Manu—heimgel‘allen
2775 3646 2892 3692 seyn
2905 3638 3011 3682 solt.
3028 3639 3073 3693 n)

1697 3722 1757 3731 —
1780 3700 1835 3745 J.
1862 3700 1913 3744 C.
1949 3697 2196 3756 Quistorp
2226 3710 2316 3742 von
2340 3697 2435 3742 den
2458 3696 2654 3743 straten
2686 3696 2774 3743 der
2809 3697 3074 3744 Wucberer

1691 3760 1817 3807 nach
1852 3762 2011 3806 alten-n
2050 3760 2151 3805 und
2182 3772 2366 3805 ueuern
2390 3762 2626 3806 Gesetzen
2654 3757 2722 3813 (in
2744 3759 2839 3804 den
2858 3761 3002 3807 Beitr.
3022 3773 3069 3807 z.

1692 3824 1930 3868 Erlauter.
1973 3819 2345 3869 verschiedener
2376 3821 2731 3868 Rechtsmater.
2763 3825 2861 3867 etc.
2901 3822 2970 3869 St.
3013 3825 3069 3870 ll.

1692 3887 1822 3932 Rost.
1853 3882 1996 3932 1778.
2021 3885 2104 3932 Nr.
2129 3885 2248 3943 lX.).

1757 4069 1803 4125 1)
1824 4069 1876 4115 L.
1900 4066 1980 4114 75.
2004 4066 2094 4125 §9-
2120 4070 2175 4115 D.
2196 4067 2264 4114 de
2282 4069 2354 4114 V.
2375 4070 2430 4114 0.
2459 4093 2519 4102 ——
2546 4069 2657 4117 Vid.
2679 4074 2729 4116 et
2745 4073 2850 4117 not.
2877 4067 2927 4116 4.

1762 4132 1811 4187 2)
1832 4133 1884 4176 t..
1911 4129 1988 4177 26.
2016 4145 2088 4188 pr.
2113 4132 2166 4176 C.
2191 4130 2243 4176 Ιι.
2268 4135 2304 4176 t.

1759 4194 1885 4247 5)1..·
1908 4192 1987 4239 49.
2013 4196 2036 4247 S
2059 4195 2103 4237 1.
2129 4193 2185 4237 D.
2206 4192 2272 4238 de
2294 4204 2346 4238 a.
2373 4203 2421 4237 e.
2448 4204 2499 4238 v.
2525 4192 2667 4249 (xlx,
2690 4195 2757 4249 1.)

1761 4255 1880 4309 ⁴11..
1903 4257 1948 4301 1.
1972 4257 2023 4301 c.
2047 4254 2241 4310 dejud.
2264 4256 2363 4314 (ιιι,
2388 4254 2455 4313 1.)
2474 4279 2535 4288 --
2553 4257 2607 4304 ι..
2631 4253 2706 4303 15.
2726 4257 2778 4302 c.
2806 4256 2860 4303 12.
2887 4258 2997 4303 1,-
3020 4257 3070 4302 ι..

1697 4317 1746 4366 4.
1769 4321 1822 4364 C.
1847 4316 2083 4373 depositi.
2106 4316 2203 4374 (tv,
2221 4313 2322 4374 54.)

1758 4379 1808 4437 5)
1833 4378 1976 4428 1..38.
1997 4392 2071 4437 pr.
2085 4380 2138 4424 l).
2157 4379 2224 4424 de
2246 4378 2441 4425 usura's.
2463 4378 2516 4434 (ιι
2536 4379 2816 4438 Videamus,
2835 4382 3077 4439 qeneratt'

1696 4444 1894 4500 quaudo
1929 4445 1977 4489 in
2008 4442 2231 4501 actione,
2266 4453 2390 4499 quae
2424 4447 2499 4487 est
2537 4443 2583 4487 iu
2608 4455 2895 4501 personam,
2925 4444 3072 4491 etiam

1699 4508 1886 4552 fructus
1923 4504 2134 4550 veniant.
2171 4505 2227 4561 n)
2268 4528 2325 4536 -
2365 4504 2487 4549 Male
2525 4504 2864 4565 Haloander,
2904 4517 3071 4554 verum

1700 4567 1846 4623 hujus
1866 4567 2085 4615 vocabuli
2108 4578 2303 4613 sensum
2327 4578 2423 4611 uon
2440 4574 2705 4626 assecutus,
2729 4581 2817 4626 pro
2831 4568 3076 4628 generali

1701 4632 1961 4688 legendum
1986 4634 2122 4686 putat
2140 4629 2451 4689 ysam-atim.

1766 4693 1814 4747 6)
1839 4695 1889 4741 L.
1910 4693 1992 4739 22.
2017 4692 2042 4744 S
2067 4692 2112 4737 2.
2139 4697 2191 4738 υ.
2210 4692 2277 4738 de
2290 4690 2433 4749 piqn.
2454 4698 2559 4740 acc.
2582 4693 2724 4751 (xm,
2742 4690 2812 4750 7.)
2838 4718 2897 4728 —
2920 4694 2973 4738 L.
2992 4690 3075 4740 25.

1701 4758 1727 4812 s
1747 4756 1797 4801 8.
1824 4758 1876 4802 υ.
1899 4756 1968 4802 de
1985 4753 2425 4812 aedu.ed.(xx1‚
2449 4755 2596 4811 1.)..
2624 4754 2989 4802 1..13.1›.11.e.
3017 4780 3075 4789 —

1702 4821 1754 4866 1..
1776 4816 1856 4863 51.
1880 4822 1906 4875 S
1928 4820 1974 4864 4.
1998 4817 2054 4861 D.
2077 4818 2173 4864 sol.
2198 4818 2426 4863 matrim.
2451 4818 2645 4877 (Xle,
2665 4815 2737 4877 3.)
2773 4844 2827 4852 —
2865 4820 2915 4863 t..
2950 4819 2998 4863 3.
3022 4819 3075 4863 C.

1699 4881 1766 4927 de
1792 4880 1950 4927 cond.
1975 4892 2046 4926 ex
2066 4881 2196 4940 leae.
2219 4880 2322 4939 (lv,
2344 4877 2414 4937 ⁰.)

1761 4942 1809 4999 7)
1836 4946 1884 4990 L.
1906 4942 1983 4991 26.
2006 4956 2081 5004 pr.
2101 4945 2154 4991 C.
2180 4942 2230 4989 Ιι.
2258 4947 2293 4990 t.
