3544 5506
765 348 902 392 cu.
945 351 1033 391 ιι.
1075 349 1353 393 onmem.
1396 352 1480 393 An
1516 352 1738 395 ronnas
1779 354 1947 396 sozv.
1990 355 2268 405 muno.
2312 357 2567 399 nessae.
2953 345 3066 401 427*

261 448 466 517 posita
493 459 592 509 est
619 450 1205 525 peregrinantibus,
1247 457 1355 528 qui
1386 458 1557 529 apud
1584 457 1720 515 illos
1744 459 2053 515 damnum
2083 459 2245 530 passi
2273 467 2421 517 sunt
2449 479 2475 515 ,ι
2502 463 2703 519 altera
2735 471 2834 520 est
2867 465 2929 521 in
2965 466 3060 522 sa·

259 549 435 601 ctum
459 548 640 617 quasi
669 563 743 605 ex
781 547 1218 621 'maleficio'²)‚
1262 567 1468 624 eaque
1510 554 1880 610 vectoribus
1926 552 2403 625 viatoribusque
2443 556 2635 612 datur
2675 559 2757 613 ad
2794 558 3062 631 duplum

258 640 472 701 damni
517 649 987 723 reparandum,
1031 650 1206 720 quod
1252 652 1404 708 dolo
1446 653 1546 707 vel
1595 650 1769 709 furto
1816 651 2060 710 illatum
2104 658 2200 709 est
2234 668 2495 728 eorum,
2547 670 2823 727 quorum
2861 673 3063 730 opera

257 742 457 799 utitur
482 747 800 805 exereitor
819 744 868 819 ³)
889 788 905 814 ,
950 749 1188 821 quique
1218 746 1539 807 habitandi
1578 765 1772 808 causa
1803 750 1867 807 in
1897 763 2194 822 caupona
2218 758 2365 809 sunt
2388 749 2468 825 ⁴),
2494 768 2638 812 non
2659 770 2881 812 eorum
2904 802 2919 829 ‚
2954 759 3061 829 qui

260 842 330 892 ut
353 830 648 898 ve'ctores
674 845 773 899 vet
807 844 1081 901 viatores
1120 843 1182 900 in
1209 845 1354 901 navi
1383 851 1498 901 aut
1523 859 1823 917 caupona
1845 853 2331 904 commorantur
2361 849 2435 919 ⁵).
2467 852 2640 925 Quae
2660 889 2676 918 ,
2718 865 2865 908 cum
2908 866 3060 924 poe-

256 933 412 996 nalis
427 939 508 997 sit
524 981 541 1007 ,
571 941 635 997 in
660 941 923 1000 heredes
947 957 1076 1000 non
1105 944 1417 1016 competit
1442 942 1513 1017 Β).
1544 946 1753 1001 Altera
1785 951 1882 1001 est
1903 942 2232 1003 infactum
2264 947 2433 1004 aetio
2455 949 2535 1006 de
2558 956 2824 1021 recepto
2840 993 2855 1017 ,
2894 966 3072 1022 quae

255 1034 560 1093 adversus
588 1038 1007 1095 exercitorem
1027 1037 1114 1095 ita
1142 1039 1334 1095 datur
1354 1080 1371 1108 ,
1404 1039 1585 1111 quasi
1613 1040 1664 1097 is
1692 1042 1910 1097 salvas.
1928 1055 2030 1097 res
2061 1039 2198 1099 fore
2240 1042 2504 1101 viatoris
2533 1046 2634 1101 vet
2658 1046 2932 1103 vectoris
2963 1053 3057 1103 ta-

253 1133 378 1191 cita
416 1131 848 1194 conventione
876 1138 942 1194 in
969 1152 1032 1194 se
1066 1139 1385 1210 receperit
1404 1135 1476 1213 ⁷).
1510 1142 1722 1211 anue
1744 1139 1983 1210 petitur
2002 1182 2017 1208 ,
2051 1146 2124 1196 ut
2152 1155 2253 1198 res
2282 1141 2699 1199 restituantur
2729 1143 3062 1201 damnum-

253 1247 379 1304 que
401 1251 438 1290 a
464 1236 691 1306 quovis
716 1238 936 1293 datum
968 1238 1354 1297 resarciatur
1380 1235 1452 1309 ⁸).
1482 1241 1553 1294 At
1588 1239 1670 1296 de
1693 1237 1992 1295 fatalibus
2024 1239 2273 1296 damnis
2295 1284 2309 1309 ‚
2338 1246 2482 1297 tum·
2502 1242 2583 1298 de
2603 1234 2710 1313 iis,
2752 1258 2918 1315 quae
2943 1259 3060 1316 per

251 1329 374 1385 vim
410 1330 815 1401 contigerunt
841 1333 1061 1399 talem,
1094 1332 1197 1390 cui
1244 1333 1448 1390 resisti
1484 1348 1614 1391 non
1652 1341 1944 1405 poterat,
1990 1337 2167 1393 nullo
2195 1336 2389 1394 modo
2414 1343 2731 1394 tenentur·
2757 1339 3062 1396 exercito-

252 1438 354 1481 res
372 1426 446 1498 9).
492 1427 775 1485 Probare
799 1432 1016 1484 autem
1041 1442 1301 1486 necesse
1339 1429 1533 1486 habet
1554 1471 1572 1502 ,
1604 1430 1713 1500 qui
1743 1428 1874 1499 agit
1893 1471 1909 1497 ,
1944 1436 2057 1487 aut
2092 1436 2389 1502 receptas
2418 1446 2555 1489 esse
2583 1447 2687 1490 res
2715 1434 2798 1489 ab
2820 1435 3060 1491 exerci-

248 1523 390 1577 tore
416 1521 637 1592 ejusve
665 1522 962 1580 ministris
985 1519 1056 1595 ¹⁰)
1081 1562 1096 1589 ,
1141 1530 1254 1579 aut
1290 1537 1369 1581 eo
1411 1524 1652 1582 sciente
1701 1521 1911 1582 illatas
1954 1540 2090 1582 esse
2132 1526 2195 1582 in
2243 1542 2511 1601 navem,
2560 1542 2921 1599 cauponam
2953 1529 3060 1585 vel

251 1616 576 1672 stabulum
600 1614 690 1688 ιι);
724 1632 845 1675 nec
869 1633 1025 1677 vero
1055 1617 1116 1673 in
1147 1617 1319 1676 litem
1332 1618 1554 1690 jurare
1578 1614 1723 1678 licet
1746 1620 1803 1677 ei
1828 1661 1844 1686 ‚
1872 1620 1973 1678 cui
2000 1622 2306 1679 damnum
2338 1623 2560 1679 datum
2588 1629 2686 1680 est
2713 1616 2801 1686 12).
2831 1626 3067 1681 Utrum

246 1727 400 1769 vero
423 1714 619 1783 gratis
635 1713 715 1770 sit
741 1720 1034 1791 receptus
1058 1715 1265 1772 viator
1298 1716 1394 1771 vel
1419 1721 1663 1783 vector,
1690 1731 1776 1772 an
1798 1730 2044 1774 merces
2075 1717 2479 1785 interveniat,
2504 1717 2656 1775 nihil
2683 1718 2945 1775 interest
2963 1719 3048 1783 ¹³).

246 1813 796 1886 Quemadmodum
816 1818 1030 1869 autem
1061 1813 1367 1873 adversus
1397 1829 1515 1871 eos
1543 1815 1753 1872 locum
1777 1797 1907 1873 hon
1938 1816 2131 1873 habet
2159 1817 2322 1875 haec
2345 1818 2547 1883 actio,
2578 1818 2718 1889 qui»,
2746 1832 2893 1875 cum
2920 1831 3061 1874 non·

244 1917 585 1990 exerceant
606 1926 839 1970 navem
860 1952 875 1979 ,
903 1913 1001 1970 vel
1025 1927 1385 1985 cauponam
1407 1957 1423 1983 ,
1449 1914 1544 1970 vel
1571 1915 1894 1972 stabulum
1915 1955 1930 1981 ,
1959 1921 2174 1973 tamen
2199 1916 2681 1987 peregrinantes
2701 1931 3057 1987 eorumque

245 2022 381 2075 res,
425 2008 719 2079 quamvis
764 2009 1062 2066 mercede
1099 2010 1482 2078 constituta,
1519 2009 1581 2066 in
1619 2010 1846 2067 domus
1884 2024 2029 2068 suas
2056 2010 2375 2082 recipiunt
2401 2008 2471 2083 ¹⁴)
2505 2030 2517 2067 ε
2551 2012 2641 2070 sic
2671 2027 2790 2070 nec
2824 2018 3056 2070 contra

244 2106 410 2178 ipsos
452 2107 842 2166 exercitores
864 2152 880 2182 ,
929 2109 1036 2181 qui
1067 2116 1245 2167 extra
1283 2109 1613 2179 negotium
1643 2125 1833 2167 suum
1880 2102 2265 2181 receperunt
2292 2108 2384 2181 ¹⁵).
2432 2114 2641 2168 Cessat
2673 2112 2866 2167 etiam
2902 2126 3060 2169 cum

244 2209 509 2276 propter
542 2205 1068 2276 protestationem
1098 2204 1180 2261 ab
1213 2199 1571 2262 exercitore
1599 2198 1720 2261 rite
1743 2204 2187 2275 interpositam
2213 2203 2305 2271 ¹⁸),
2328 2211 2465 2263 tum
2487 2220 2644 2262 vero
2670 2206 3051 2278 plerumque

244 2298 433 2355 etiam
460 2314 573 2368 eo,
606 2301 783 2371 quod
812 2315 1030 2358 rursus
1050 2296 1320 2370 emigrat
1343 2295 1759 2372 peregrinans
1788 2315 1826 2357 e
1863 2300 2041 2369 navi,
2068 2301 2165 2357 vel
2195 2314 2520 2373 caupona,
2553 2302 2653 2358 vel
2679 2298 3045 2364 stabulo¹⁷).

244 2388 581 2451 Caeterum
626 2394 1050 2466 improbanda
1078 2396 1333 2452 videtur
1362 2395 1551 2467 hujus
1572 2394 1735 2467 juris
1780 2396 2116 2453 translatio
2146 2397 2228 2452 ad
2260 2396 2542 2469 aurigas,
2590 2396 2907 2467 aliosque,
2940 2372 3052 2467 qui

245 2495 500 2559 praeter
521 2506 637 2548 eos
655 2533 672 2564 ,
719 2507 881 2564 quos
909 2486 1201 2550 nominat
1227 2491 1505 2548 edictum
1530 2529 1545 2558 ,
1581 2485 2126 2563 peregrinantium
2158 2492 2257 2548 vel
2298 2506 2604 2564 personas
2633 2492 2727 2547 vel
2761 2506 2861 2548 res
2889 2491 3046 2548 reci-

245 2605 390 2660 pere
415 2592 627 2654 solent
660 2587 755 2658 ¹⁸),

355 2747 381 2820 ς
425 2744 564 2802 454.
616 2741 716 2815 IV)
760 2742 841 2799 De
881 2740 1252 2811 damnorum,
1297 2761 1439 2820 qaae
1472 2760 1580 2821 per
1622 2760 1709 2800 res
1758 2749 1984 2801 nostras
2027 2739 2392 2819 inseruntur,
2447 2740 2924 2801 restituendorum

1491 2836 1845 2915 obliqalione.

318 3002 422 3059 Est
448 2999 625 3056 velut
647 2998 957 3057 naturalis
986 2997 1394 3056 dominorum
1425 2997 1731 3068 obligatio
1751 3037 1767 3066 ,
1793 3004 1864 3056 ut
1896 2994 2317 3070 provideant,
2340 3012 2422 3057 ne
2451 3013 2568 3071 per
2600 3011 2701 3054 res
2740 3011 2886 3054 suas
2913 2996 3049 3054 aliis

238 3162 407 3209 Noodt
426 3162 487 3208 ad
512 3162 563 3207 h.
588 3165 626 3206 t.
654 3159 787 3216 (opp.
807 3160 864 3206 11.
888 3172 934 3217 p.
978 3156 1087 3206 116.
1137 3155 1260 3205 1176
1280 3160 1373 3214 sq.)
1419 3157 1600 3214 [Neque
1664 3157 1745 3202 Pr.
1769 3157 1892 3201 xvi.
1927 3169 1972 3213 p.
2002 3154 2080 3202 41.
2107 3170 2213 3215 sqq.
2239 3181 2298 3189 —-
2321 3159 2375 3202 A.
2416 3157 2466 3202 L.
2495 3158 2546 3202 Z.
2576 3156 2690 3201 anni
2719 3152 2857 3202 1835.
2888 3168 3042 3204 meus.

236 3230 531 3272 verowntra
550 3222 808 3273 dominum
818 3224 952 3267 navis
963 3221 1208 3279 proposita
1230 3221 1455 3266 estactio.
1469 3219 1597 3264 -CL
1666 3218 1819 3274 April.
1845 3220 1946 3264 Col.
1966 3216 2079 3264 588.

235 3288 288 3334 L.
321 3289 366 3333 1.
390 3291 418 3343 s
444 3285 523 3334 15.
551 3288 604 3332 D.
640 3283 710 3330 de
725 3284 943 3331 exercit.
961 3285 1068 3328 act.
1112 3282 1253 3337 (xlv,
1278 3282 1344 3337 1.)
1368 3306 1422 3314 —
1449 3283 1497 3326 E.
1521 3283 1600 3339 G.]
1726 3278 1775 3334 6)
1811 3281 1862 3325 l..
1883 3277 1931 3325 7.
1953 3281 1978 3334 S
1999 3279 2048 3325 6.
2074 3282 2128 3325 1).
2149 3284 2382 3340 nautae,
2402 3289 2677 3334 caupones
2702 3279 2792 3325 rel.

295 3350 342 3406 ἲ)
373 3353 399 3405 5
417 3348 467 3395 5.
490 3351 528 3394 1.
553 3345 733 3393 deobl.
829 3357 921 3402 qu.
956 3356 1026 3390 ex
1046 3346 1148 3392 det.
1175 3354 1323 3388 nasc.
1361 3367 1419 3374 —
1441 3345 1492 3388 L.
1516 3356 1599 3391 tin.
1728 3340 1778 3396 7)
1813 3343 1918 3398 Dig.
1943 3344 2042 3399 (lv,
2061 3343 2128 3393 9.)
2153 3345 2380 3402 naulae,
2403 3351 2678 3395 caupones
2731 3342 3013 3389 stabulat-il
3030 3377 3044 3399 ,

234 3411 439 3464 usur-ti
462 3410 681 3460 advers.
698 3381 914 3469 nantas,
939 3417 1241 3465 caupones,
1260 3406 1605 3453 stabularios.
1674 3408 1737 3449 ut
1759 3408 1975 3460 recepta
2016 3404 2319 3451 res-limant.
2342 3426 2401 3434 -
2428 3402 2577 3473 βᾳὶοιί
2601 3375 2748 3449 verba
2778 3405 2878 3450 vid.
2908 3406 2957 3449 t..
2998 3406 3040 3449 1.

234 3476 435 3532 (XLVll,
457 3471 527 3530 5.)
552 3493 615 3504 —
640 3473 691 3516 L.
710 3468 759 3516 7.
788 3483 861 3528 pr.
881 3474 907 3526 5
928 3472 950 3514 1
978 3494 1022 3503 -—
1054 3472 1100 3516 3.
1128 3465 1221 3523 35.
1265 3470 1320 3513 D.
1367 3471 1604 3529 nautae,
1673 3477 1747 3572 pri
1774 3467 1829 3510 D.
1854 3466 1903 3576 Z.
1920 3469 1976 3526 t.;
1999 3468 2059 3512 de
2078 3467 2356 3521 ejusautem
2371 3465 2579 3510 utilitate
2595 3464 2646 3511 1..
2671 3466 2759 3520 1.S
2786 3465 2824 3512 l.
2848 3470 2896 3510 et
2923 3468 2974 3511 L.
2994 3464 3042 3511 δ.

231 3551 338 3585 cau
410 3548 509 3582 nes
534 3535 624 3583 rel.
1672 3529 1697 3582 s
1755 3560 1766 3572 .
1790 3538 1852 3573 eo
1890 3562 1907 3576 .

274 3549 429 3653 ,3)Ρῖ.
468 3610 555 3643 un.
577 3596 603 3650 S
625 3592 675 3641 6.
702 3595 754 3640 D.
776 3595 826 3641 Ιι.
853 3598 889 3640 t.
916 3619 969 3627 —
996 3596 1046 3640 1..
1072 3591 1120 3639 6.
1145 3593 1171 3647 S
1206 3591 1252 3638 1.
1275 3594 1329 3639 D.
1365 3594 1604 3651 nautae,
1732 3587 1781 3644 8.)
1818 3590 1868 3636 1..
1894 3591 1940 3637 1.
1965 3602 2037 3647 pr.
2060 3593 2085 3647 S
2110 3589 2154 3636 1.
2178 3585 2599 3644 96-8.Ῑ..3.51.
2619 3587 2833 3644 1..5.3’1.
2858 3588 2980 3636 1).1ι.
3005 3593 3043 3635 τε

230 3671 506 3718 caupones
528 3660 684 3703 rel.-—
705 3658 776 3704 ci.
797 3656 1039 3703 Noodtad
1059 3657 1158 3701 Tit.
1181 3658 1403 3717 nautae,
1418 3666 1602 3716 caup„
1670 3650 1770 3707 (tv.
1794 3649 2027 3709 9.).—Ct'.
2059 3655 2108 3698 L.
2129 3650 2177 3698 5.
2204 3656 2229 3708 S
2251 3649 2298 3697 4.
2323 3650 2444 3698 eod.
2624 3713 2633 3722 ⁸
2688 3713 2697 3723 ²
2795 3714 2803 3723 ·

232 3725 427 3770 stabul.
452 3723 543 3767 rel.
565 3720 700 3777 (opp.
726 3719 782 3764 11.
807 3732 853 3775 p.
881 3715 1029 3773 118.).
1731 3711 1781 3769 9)
1818 3715 1866 3758 Ι..
1890 3713 1937 3760 ὅ.
1964 3718 2048 3770 §1-
2073 3716 2128 3761 D.
2150 3714 2203 3760 Ιι.
2229 3717 2266 3759 Ι.
2288 3714 2452 3770 (verb.
2472 3729 2482 3758 z
2503 3729 2527 3754 α
2546 3714 2636 3760 nist
2660 3724 2699 3758 si
2723 3713 2840 3770 quid
2863 3711 3044 3758 damno

288 3784 335 3833 4-
378 3788 431 3832 1..
456 3782 505 3829 6.
530 3785 557 3838 S
578 3780 628 3827 3.
656 3782 711 3826 D.
731 3784 951 3842 nautae,
968 3791 1240 3836 caupones
1261 3780 1411 3825 rel.—
1437 3780 1489 3825 1..
1517 3790 1603 3824 un.
1670 3774 1808 3820 fatali
1846 3778 2085 3835 contingit
2103 3792 2128 3818 η
2171 3776 2266 3821 rel.
2293 3777 2326 3832 ).
2356 3776 2545 3833 —[Nou
2569 3775 2721 3830 magis
2738 3780 2964 3820 tenentur
2984 3776 3046 3821 de

227 3847 314 3903 56.
343 3851 402 3894 D.
426 3847 480 3903 h.
507 3849 548 3891 t.
1669 3836 1861 3883 damnis
1905 3841 2142 3887 viatorum
2182 3839 2323 3894 culpa
2351 3839 2496 3886 datis.
2525 3861 2578 3869 -
2604 3837 2669 3881 De
2706 3839 2887 3882 damno
2916 3837 3043 3893 quod
3137 3876 3144 3879 ,

286 3911 335 3965 5)
380 3912 432 3956 1..
454 3923 519 3954 un
541 3909 566 3961 3
584 3905 633 3952 6.
658 3906 715 3950 D.
738 3903 792 3950 Ιι.
815 3908 851 3950 e.
889 3919 913 3946 «t
946 3927 1002 3935 —
1020 3904 1233 3960 Namque
1252 3903 1485 3949 viatorem
1513 3904 1605 3948 sibi
1674 3897 1844 3944 fecerit
1861 3901 2057 3947 viatoris
2078 3911 2242 3946 servus
2269 3902 2366 3946 vid.
2387 3901 2438 3945 1..
2468 3898 2514 3945 6.
2541 3899 2565 3952 S
2590 3897 2635 3942 1.
2660 3897 2779 3943 oda.
2802 3897 3045 3969 t.—l·3.(;.]

226 3975 413 4032 eligere
432 3966 975 4027 caupovelstabularius
997 3977 1093 4011 non
1114 3966 1324 4018 videtur,
1342 3977 1428 4010 nec
1450 3968 1605 4022 repet·
1734 3960 1813 4016 10)
1850 3964 1900 4007 Ι..
1924 3963 1968 4010 1.
1994 3966 2019 4018 S
2043 3965 2090 4009 3.
2117 3965 2170 4008 D.
2194 3960 2246 4006 Ιι.
2279 3966 2317 4008 t.
2343 3963 2441 4014 (lv,
2460 3958 2546 4017 9.).
2574 3983 2630 3992 -
2655 3960 2704 4004 1..
2734 3959 2780 4006 1.
2808 3961 2833 4013 S
2855 3958 2902 4005 5.
2930 3972 2979 4005 m
3004 3962 3040 4007 f.

225 4037 324 4081 lere
347 4039 516 4094 potest
541 4033 668 4076 inter
709 4034 922 4084 agentes.
944 4044 966 4068 n
1010 4030 1140 4082 Quae
1179 4028 1375 4083 quidem
1420 4027 1562 4073 verba
1587 4059 1603 4080 ,
1668 4022 1907 4073 eom—1..
1933 4038 2019 4071 un.
2038 4027 2064 4079 S
2085 4027 2173 4070 ult.
2195 4021 2335 4074 furti
2355 4022 2478 4068 adv.
2501 4022 2715 4069 nautas.
2736 4022 2933 4081 (xhvll,
2953 4019 3043 4080 5.).

223 4099 465 4154 quoniam
484 4102 704 4152 pugnare
725 4090 1069 4135 videnturcum
1093 4089 1186 4140 his,
1210 4101 1332 4145 quae
1352 4089 1607 4134 abeodem
1737 4084 1815 4137 11)
1852 4086 1904 4131 L.
1929 4088 1972 4131 1.
2000 4085 2091 4143 §8-
2116 4088 2169 4131 D.
2194 4082 2243 4130 Ιι.
2274 4087 2309 4130 t.
2333 4085 2434 4136 (lv,
2457 4082 2526 4140 9.)

227 4160 436 4219 Ulpiano
473 4157 591 4203 alibi
624 4153 939 4210 proferuntur
978 4153 1054 4206 (L.
1083 4152 1126 4194 1.
1152 4153 1175 4204 S
1205 4152 1251 4195 1.
1282 4153 1332 4195 D.
1360 4154 1561 4198 nautae
1584 4184 1601 4211 ,
1736 4145 1813 4202 12)
1847 4147 1920 4193 Cf.
1946 4149 2107 4194 Gltick
2132 4147 2281 4192 l’aud.
2301 4147 2326 4200 S
2345 4145 2456 4193 491.
2478 4145 2580 4201 (Bd.
2606 4147 2684 4192 vt.
2709 4159 2757 4203 p.
2786 4142 2869 4190 121
2895 4151 3042 4204 sqq.).

222 4234 494 4281 cauma,
514 4214 715 4264 stabul.
745 4225 755 4255 :
781 4230 802 4255 ιι
820 4226 930 4259 nam
954 4221 1025 4259 est
1057 4217 1105 4258 in
1131 4213 1344 4268 ipsorum
1366 4213 1603 4270 arbitrio,
1651 4270 1655 4273 μ
1736 4209 1814 4264 13)
1848 4210 1899 4254 L.
1923 4207 1971 4253 6.
2000 4223 2071 4266 pr.
2101 4212 2151 4254 D.
2179 4208 2295 4278 lut.
2324 4209 2423 4277 (W,
2441 4205 2510 4263 9.)

222 4297 280 4329 ne
299 4296 457 4342 quem
480 4277 789 4336 recipiantn)
808 4312 821 4333 ‚
857 4288 1051 4322 causam
1087 4273 1327 4322 dederunt
1364 4276 1605 4320 recentio-
1736 4268 1815 4328 14)
1855 4270 2116 4323 Hosackee·
2141 4273 2216 4318 Pr.
2238 4281 2336 4325 jur.
2358 4270 2519 4316 cmii.
2537 4270 2594 4316 G.
2614 4271 2640 4324 S
2663 4265 2806 4315 4032.
2830 4281 2907 4314 nr.
2932 4271 3045 4317 Lad

222 4348 356 4393 ribus
395 4340 674 4404 quaerendi
710 4354 723 4383 ε
771 4345 933 4384 utrum
974 4336 1232 4384 necessitas
1274 4339 1502 4395 imposita
1545 4338 1606 4382 sit
1671 4338 1775 4382 not.
1800 4333 1847 4378 b.
1871 4344 1916 4378 c.
2622 4393 2630 4401 .

220 4409 557 4465 cauponibus,
581 4401 849 4458 recipiendi
871 4401 1105 4452 viatores,
1130 4410 1217 4443 nec
1241 4405 1335 4446 ne?
1369 4403 1524 4455 Quam
1548 4411 1607 4444 ex
1736 4393 1814 4450 15)
1849 4396 1902 4440 L.
1924 4395 2013 4450 ἃς
2031 4394 2079 4441 2.
2127 4396 2180 4442 D.
2204 4394 2256 4440 Ιι.
2282 4396 2319 4440 l.
2357 4393 2454 4450 (tv,
2475 4390 2550 4446 9.)
2570 4393 2686 4463 §jnd-
2712 4397 2816 4437 not.
2841 4393 2984 4449 seq).

222 4472 378 4517 civilis
396 4469 532 4527 Juris
556 4464 753 4510 ratione
776 4474 877 4506 esse
901 4461 1171 4519 negandam
1193 4494 1206 4517 ,
1250 4463 1390 4508 nobis
1410 4473 1606 4520 quoque
1736 4457 1815 4513 16)
1848 4458 1898 4502 1..
1919 4454 1970 4502 7.
1995 4469 2068 4513 pr.
2097 4458 2150 4502 D.
2175 4456 2294 4502 eod.
2322 4481 2379 4488 -
2399 4456 2474 4501 Cf.
2502 4455 2660 4502 Glueh·
2683 4457 2715 4500 1.
2741 4457 2772 4499 l.
2799 4457 2824 4509 S
2847 4452 2956 4501 489.

221 4533 383 4579 verius
408 4531 630 4578 videtur.
656 4526 821 4581 Neque
857 4530 1018 4569 tamen
1058 4525 1163 4569 ideo
1206 4525 1511 4570 admittenda
1536 4527 1609 4567 est
1743 4519 1818 4576 17)
1852 4519 1927 4564 Cf.
1947 4521 2003 4563 G.
2026 4521 2083 4566 J.
2108 4520 2164 4564 F.
2192 4521 2411 4567 Meister
2437 4521 2593 4574 praet.
2631 4516 2849 4562 Bemerk.
2872 4528 2960 4562 aus
2992 4516 3043 4562 d.

220 4598 319 4640 tam
341 4598 471 4641 dura
497 4588 815 4648 superiorum
836 4586 1089 4631 verborum
1110 4587 1611 4643 interpretatio,qua-
1675 4583 1826 4635 Crim.
1855 4594 1902 4626 u.
1929 4581 2029 4626 Civ.
2055 4583 2108 4626 R.
2136 4581 2192 4626 11.
2221 4583 2302 4629 Nr.
2327 4580 2427 4625 Vll.

221 4656 315 4702 lem
338 4654 608 4716 proposuit
629 4646 790 4696 Fet-d.
814 4648 1159 4694 Kaemmerer
1178 4648 1368 4694 observ.
1386 4650 1489 4704 jur.
1514 4649 1607 4692 civ.
1744 4644 1820 4702 18)
1857 4644 1961 4689 Vid.
1985 4640 2263 4699 Hoepl‘ner
2300 4649 2349 4689 et
2398 4641 2602 4688 lVeber
2632 4640 3047 4710 ‘commentuubev

219 4719 374 4773 (nost.
416 4714 569 4764 1827.
594 4710 671 4767 8.)
690 4711 809 4767 cap.
834 4711 887 4755 ΙΙ.
912 4712 978 4768 (p.
1003 4708 1090 4755 117
1118 4720 1224 4766 sqq.
1250 4711 1370 4768 ibiq.
1399 4711 1611 4756 maxime
1675 4710 1753 4754 die
1781 4706 1936 4753 instit.
1960 4711 2061 4750 not.
2100 4706 2144 4749 1.
2175 4729 2228 4736 -
2255 4707 2445 4752 caeter.
2470 4703 2536 4748 ci.
2565 4703 2722 4749 Gluck·
2746 4705 2779 4748 l.
2809 4705 2841 4748 1.
2881 4704 2908 4757 S
2930 4702 3043 4749 495.

219 4779 313 4834 54.
349 4795 400 4839 p.
441 4777 534 4827 128
579 4772 735 4832 sqq.).
761 4797 816 4804 —-
842 4773 947 4818 vid.
992 4771 1237 4818 Huschke
1280 4775 1327 4819 in
1358 4772 1610 4831 ephemer.
1676 4779 1724 4817 et
1749 4769 1905 4816 Fet-d.
1949 4766 2261 4823 Maelisselder
2299 4770 2352 4814 D.
2396 4771 2637 4837 quatenus
2661 4778 2706 4811 a.
2751 4766 2812 4812 de
2851 4774 3045 4837 recept-a

218 4842 343 4888 Tub.
394 4845 475 4890 tlt.
519 4853 574 4898 μ.
621 4833 690 4882 24
732 4834 974 4890 sq.—de
1012 4832 1289 4881 Selwoeeer
1331 4835 1381 4880 in
1417 4835 1610 4891 ephem.
1677 4840 1846 4881 contra
1868 4829 2061 4884 aurigas
2085 4835 2647 4878 etcuratoresmercium
2669 4838 2753 4875 seu
2777 4829 3041 4886 speditorcs

216 4907 314 4954 Eri.
343 4908 429 4952 xt.
455 4918 504 4963 p.
530 4900 586 4948 3.
613 4901 669 4945 in
691 4896 728 4943 f.
764 4906 835 4954 sq.
859 4921 912 4930 —
938 4899 1109 4954 Gay-et
1146 4898 1323 4944 Archiv
1379 4898 1480 4944 fur.
1517 4896 1610 4942 civ.
1678 4897 1944 4954 competat.
1964 4892 2166 4941 Helmst.
2191 4889 2329 4939 1806.
