<?xml version="1.0" encoding="UTF-8"?>
<!DOCTYPE html PUBLIC "-//W3C//DTD XHTML 1.0 Transitional//EN"
    "http://www.w3.org/TR/xhtml1/DTD/xhtml1-transitional.dtd">
<html xmlns="http://www.w3.org/1999/xhtml" xml:lang="en" lang="en">
 <head>
  <title>
</title>
<meta http-equiv="Content-Type" content="text/html;charset=utf-8" />
  <meta name='ocr-system' content='tesseract 3.04.00' />
  <meta name='ocr-capabilities' content='ocr_page ocr_carea ocr_par ocr_line ocrx_word'/>
</head>
<body>
  <div class='ocr_page' id='page_1' title='image "./doctrinapandect03mhgoog/doctrinapandect03mhgoog_0505.png"; bbox 0 0 3544 5506; ppageno 0'>
   <div class='ocr_carea' id='block_1_1' title="bbox 1229 335 3099 400">
    <p class='ocr_par' dir='ltr' id='par_1_1' title="bbox 1229 335 3099 400">
     <span class='ocr_line' id='line_1_1' title="bbox 1229 335 3099 400; baseline 0.003 -16"><span class='ocrx_word' id='word_1_1' title='bbox 1229 343 1363 388; x_wconf 63' lang='lat' dir='ltr'><strong>car.</strong></span> <span class='ocrx_word' id='word_1_2' title='bbox 1404 343 1451 385; x_wconf 83' lang='lat'><strong>1.</strong></span> <span class='ocrx_word' id='word_1_3' title='bbox 1492 345 1570 388; x_wconf 80' lang='grc' dir='ltr'>ιιιι</span> <span class='ocrx_word' id='word_1_4' title='bbox 1606 343 1760 388; x_wconf 72' lang='lat' dir='ltr'><strong>sun</strong></span> <span class='ocrx_word' id='word_1_5' title='bbox 1797 344 2199 388; x_wconf 70' lang='lat' dir='ltr'><strong>nunnoni.</strong></span> <span class='ocrx_word' id='word_1_6' title='bbox 2990 335 3099 400; x_wconf 66' lang='grc'><strong>485</strong></span> 
     </span>
    </p>
   </div>
   <div class='ocr_carea' id='block_1_2' title="bbox 304 451 3098 530">
    <p class='ocr_par' dir='ltr' id='par_1_2' title="bbox 304 451 3098 530">
     <span class='ocr_line' id='line_1_2' title="bbox 304 451 3098 530; baseline 0.002 -16"><span class='ocrx_word' id='word_1_7' title='bbox 304 456 470 516; x_wconf 85' lang='lat' dir='ltr'><strong>inest</strong></span> <span class='ocrx_word' id='word_1_8' title='bbox 500 457 866 529; x_wconf 78' lang='lat' dir='ltr'><strong>nuptiarum</strong></span> <span class='ocrx_word' id='word_1_9' title='bbox 904 451 1187 516; x_wconf 87' lang='lat' dir='ltr'><strong>conditio</strong></span> <span class='ocrx_word' id='word_1_10' title='bbox 1218 453 1316 530; x_wconf 82' lang='lat'><strong>¹²).</strong></span> <span class='ocrx_word' id='word_1_11' title='bbox 1347 463 1416 516; x_wconf 89' lang='lat' dir='ltr'><strong>et</strong></span> <span class='ocrx_word' id='word_1_12' title='bbox 1454 456 1670 518; x_wconf 86' lang='lat' dir='ltr'><strong>similis</strong></span> <span class='ocrx_word' id='word_1_13' title='bbox 1708 457 1848 518; x_wconf 78' lang='lat' dir='ltr'><strong>fere</strong></span> <span class='ocrx_word' id='word_1_14' title='bbox 1887 454 2100 518; x_wconf 86' lang='lat' dir='ltr'><strong>mariti</strong></span> <span class='ocrx_word' id='word_1_15' title='bbox 2138 465 2235 518; x_wconf 84' lang='lat' dir='ltr'><strong>est</strong></span> <span class='ocrx_word' id='word_1_16' title='bbox 2277 460 2718 520; x_wconf 83' lang='lat' dir='ltr'><strong>observandae</strong></span> <span class='ocrx_word' id='word_1_17' title='bbox 2749 461 3098 520; x_wconf 88' lang='lat' dir='ltr'><strong>restituen-</strong></span> 
     </span>
    </p>
   </div>
   <div class='ocr_carea' id='block_1_3' title="bbox 302 553 3097 730">
    <p class='ocr_par' dir='ltr' id='par_1_3' title="bbox 302 553 3097 730">
     <span class='ocr_line' id='line_1_3' title="bbox 302 553 3097 730; baseline 0.004 -113"><span class='ocrx_word' id='word_1_18' title='bbox 302 558 598 730; x_wconf 51' lang='lat' dir='ltr'><strong>daequle)</strong></span> <span class='ocrx_word' id='word_1_19' title='bbox 591 559 760 619; x_wconf 88' lang='lat' dir='ltr'><strong>dotis</strong></span> <span class='ocrx_word' id='word_1_20' title='bbox 797 553 1111 635; x_wconf 77' lang='lat' dir='ltr'><strong>obligatio</strong></span> <span class='ocrx_word' id='word_1_21' title='bbox 1130 601 1152 636; x_wconf 94' lang='lat'><strong>,</strong></span> <span class='ocrx_word' id='word_1_22' title='bbox 1202 565 1396 633; x_wconf 86' lang='lat' dir='ltr'><strong>atque</strong></span> <span class='ocrx_word' id='word_1_23' title='bbox 1440 559 1491 619; x_wconf 88' lang='lat' dir='ltr'><strong>si</strong></span> <span class='ocrx_word' id='word_1_24' title='bbox 1527 560 1790 621; x_wconf 87' lang='lat' dir='ltr'><strong>datione</strong></span> <span class='ocrx_word' id='word_1_25' title='bbox 1829 562 1931 621; x_wconf 78' lang='lat' dir='ltr'><strong>vel</strong></span> <span class='ocrx_word' id='word_1_26' title='bbox 1972 562 2425 623; x_wconf 79' lang='lat' dir='ltr'><strong>numeratione</strong></span> <span class='ocrx_word' id='word_1_27' title='bbox 2468 563 2634 625; x_wconf 81' lang='lat' dir='ltr'><strong>dotis</strong></span> <span class='ocrx_word' id='word_1_28' title='bbox 2676 563 2875 624; x_wconf 87' lang='lat' dir='ltr'><strong>illatio</strong></span> <span class='ocrx_word' id='word_1_29' title='bbox 2926 565 3097 628; x_wconf 78' lang='lat' dir='ltr'><strong>sacta</strong></span> 
     </span>
     <span class='ocr_line' id='line_1_4' title="bbox 451 660 481 713; baseline 0 0"><span class='ocrx_word' id='word_1_30' title='bbox 451 660 481 713; x_wconf 84' lang='lat' dir='ltr'><strong>t</strong></span> 
     </span>
    </p>
   </div>
   <div class='ocr_carea' id='block_1_4' title="bbox 1600 866 1791 944">
    <p class='ocr_par' dir='ltr' id='par_1_4' title="bbox 1600 866 1791 944">
     <span class='ocr_line' id='line_1_5' title="bbox 1600 866 1791 944; baseline -0.016 -17"><span class='ocrx_word' id='word_1_31' title='bbox 1600 866 1791 944; x_wconf 76' lang='lat'><strong>§5²5-</strong></span> 
     </span>
    </p>
   </div>
   <div class='ocr_carea' id='block_1_5' title="bbox 299 1074 3100 1539">
    <p class='ocr_par' dir='ltr' id='par_1_5' title="bbox 299 1074 3100 1539">
     <span class='ocr_line' id='line_1_6' title="bbox 384 1074 3097 1154; baseline 0.001 -15"><span class='ocrx_word' id='word_1_32' title='bbox 384 1074 590 1139; x_wconf 88' lang='lat' dir='ltr'><strong>Dotali</strong></span> <span class='ocrx_word' id='word_1_33' title='bbox 617 1078 985 1152; x_wconf 79' lang='lat' dir='ltr'><strong>obtigationi</strong></span> <span class='ocrx_word' id='word_1_34' title='bbox 1007 1079 1291 1140; x_wconf 87' lang='lat' dir='ltr'><strong>conditio</strong></span> <span class='ocrx_word' id='word_1_35' title='bbox 1309 1080 1410 1138; x_wconf 82' lang='lat' dir='ltr'><strong>vel</strong></span> <span class='ocrx_word' id='word_1_36' title='bbox 1438 1074 1574 1139; x_wconf 86' lang='lat' dir='ltr'><strong>dies</strong></span> <span class='ocrx_word' id='word_1_37' title='bbox 1601 1085 1783 1139; x_wconf 91' lang='lat' dir='ltr'><strong>recte</strong></span> <span class='ocrx_word' id='word_1_38' title='bbox 1804 1074 2107 1154; x_wconf 83' lang='lat' dir='ltr'><strong>adjicitur</strong></span> <span class='ocrx_word' id='word_1_39' title='bbox 2130 1075 2222 1154; x_wconf 86' lang='lat'><strong>¹⁴),</strong></span> <span class='ocrx_word' id='word_1_40' title='bbox 2246 1080 2598 1140; x_wconf 89' lang='lat' dir='ltr'><strong>dummodo</strong></span> <span class='ocrx_word' id='word_1_41' title='bbox 2619 1080 2682 1139; x_wconf 91' lang='lat' dir='ltr'><strong>id</strong></span> <span class='ocrx_word' id='word_1_42' title='bbox 2715 1081 2827 1141; x_wconf 75' lang='lat' dir='ltr'><strong>fiat</strong></span> <span class='ocrx_word' id='word_1_43' title='bbox 2854 1083 2955 1142; x_wconf 82' lang='lat' dir='ltr'><strong>vel</strong></span> <span class='ocrx_word' id='word_1_44' title='bbox 2981 1099 3097 1142; x_wconf 90' lang='lat' dir='ltr'><strong>an-</strong></span> 
     </span>
     <span class='ocr_line' id='line_1_7' title="bbox 301 1175 3099 1251; baseline 0.001 -16"><span class='ocrx_word' id='word_1_45' title='bbox 301 1183 567 1250; x_wconf 79' lang='lat' dir='ltr'><strong>tequam</strong></span> <span class='ocrx_word' id='word_1_46' title='bbox 587 1177 778 1234; x_wconf 90' lang='lat' dir='ltr'><strong>detur</strong></span> <span class='ocrx_word' id='word_1_47' title='bbox 793 1222 810 1249; x_wconf 94' lang='lat'>‚</span> <span class='ocrx_word' id='word_1_48' title='bbox 834 1177 938 1234; x_wconf 78' lang='lat' dir='ltr'><strong>vel</strong></span> <span class='ocrx_word' id='word_1_49' title='bbox 961 1175 1026 1234; x_wconf 93' lang='lat' dir='ltr'><strong>in</strong></span> <span class='ocrx_word' id='word_1_50' title='bbox 1048 1176 1181 1249; x_wconf 88' lang='lat' dir='ltr'><strong>ipsa</strong></span> <span class='ocrx_word' id='word_1_51' title='bbox 1203 1177 1417 1234; x_wconf 88' lang='lat' dir='ltr'><strong>danda</strong></span> <span class='ocrx_word' id='word_1_52' title='bbox 1437 1176 1591 1234; x_wconf 88' lang='lat' dir='ltr'><strong>dote</strong></span> <span class='ocrx_word' id='word_1_53' title='bbox 1607 1219 1623 1245; x_wconf 97' lang='lat'><strong>,</strong></span> <span class='ocrx_word' id='word_1_54' title='bbox 1647 1177 1782 1248; x_wconf 83' lang='lat' dir='ltr'><strong>vel,</strong></span> <span class='ocrx_word' id='word_1_55' title='bbox 1807 1176 2052 1235; x_wconf 89' lang='lat' dir='ltr'><strong>etiamsi</strong></span> <span class='ocrx_word' id='word_1_56' title='bbox 2079 1182 2496 1251; x_wconf 76' lang='lat' dir='ltr'><strong>posteaquam</strong></span> <span class='ocrx_word' id='word_1_57' title='bbox 2520 1178 2741 1236; x_wconf 88' lang='lat' dir='ltr'><strong>datum</strong></span> <span class='ocrx_word' id='word_1_58' title='bbox 2760 1177 2861 1246; x_wconf 81' lang='lat' dir='ltr'><strong>sit,</strong></span> <span class='ocrx_word' id='word_1_59' title='bbox 2879 1184 3099 1239; x_wconf 89' lang='lat' dir='ltr'><strong>tamen</strong></span> 
     </span>
     <span class='ocr_line' id='line_1_8' title="bbox 302 1268 3100 1348; baseline 0.003 -20"><span class='ocrx_word' id='word_1_60' title='bbox 302 1268 403 1332; x_wconf 89' lang='lat' dir='ltr'><strong>his</strong></span> <span class='ocrx_word' id='word_1_61' title='bbox 430 1268 974 1331; x_wconf 70' lang='lat' dir='ltr'><strong>consentientibus</strong></span> <span class='ocrx_word' id='word_1_62' title='bbox 992 1315 1009 1345; x_wconf 87' lang='lat'><strong><em>‚</em></strong></span> <span class='ocrx_word' id='word_1_63' title='bbox 1041 1273 1124 1331; x_wconf 92' lang='lat' dir='ltr'><strong>ad</strong></span> <span class='ocrx_word' id='word_1_64' title='bbox 1145 1286 1307 1347; x_wconf 88' lang='lat' dir='ltr'><strong>quos</strong></span> <span class='ocrx_word' id='word_1_65' title='bbox 1334 1273 1721 1345; x_wconf 82' lang='lat' dir='ltr'><strong>quandoque</strong></span> <span class='ocrx_word' id='word_1_66' title='bbox 1747 1273 2068 1344; x_wconf 76' lang='lat' dir='ltr'><strong>pertineat</strong></span> <span class='ocrx_word' id='word_1_67' title='bbox 2097 1273 2213 1331; x_wconf 90' lang='lat' dir='ltr'><strong>dos</strong></span> <span class='ocrx_word' id='word_1_68' title='bbox 2230 1269 2317 1347; x_wconf 75' lang='lat'><strong>¹⁸).</strong></span> <span class='ocrx_word' id='word_1_69' title='bbox 2356 1268 2555 1345; x_wconf 80' lang='lat' dir='ltr'><strong>Igitur</strong></span> <span class='ocrx_word' id='word_1_70' title='bbox 2581 1268 2775 1332; x_wconf 91' lang='lat' dir='ltr'><strong>etiam</strong></span> <span class='ocrx_word' id='word_1_71' title='bbox 2798 1274 2861 1331; x_wconf 89' lang='lat' dir='ltr'><strong>id</strong></span> <span class='ocrx_word' id='word_1_72' title='bbox 2888 1281 3100 1348; x_wconf 84' lang='lat' dir='ltr'><strong>potest</strong></span> 
     </span>
     <span class='ocr_line' id='line_1_9' title="bbox 301 1363 3099 1443; baseline 0.001 -17"><span class='ocrx_word' id='word_1_73' title='bbox 301 1363 649 1426; x_wconf 84' lang='lat' dir='ltr'><strong>convenire</strong></span> <span class='ocrx_word' id='word_1_74' title='bbox 666 1408 684 1435; x_wconf 91' lang='lat'>‚</span> <span class='ocrx_word' id='word_1_75' title='bbox 706 1372 779 1424; x_wconf 90' lang='lat' dir='ltr'><strong>ut</strong></span> <span class='ocrx_word' id='word_1_76' title='bbox 800 1366 928 1431; x_wconf 84' lang='lat' dir='ltr'><strong>alii.</strong></span> <span class='ocrx_word' id='word_1_77' title='bbox 961 1381 1155 1440; x_wconf 90' lang='lat' dir='ltr'><strong>quam</strong></span> <span class='ocrx_word' id='word_1_78' title='bbox 1186 1367 1289 1425; x_wconf 90' lang='lat' dir='ltr'><strong>cui</strong></span> <span class='ocrx_word' id='word_1_79' title='bbox 1313 1381 1351 1424; x_wconf 92' lang='lat' dir='ltr'><strong>e</strong></span> <span class='ocrx_word' id='word_1_80' title='bbox 1379 1368 1517 1438; x_wconf 81' lang='lat' dir='ltr'><strong>lege</strong></span> <span class='ocrx_word' id='word_1_81' title='bbox 1548 1373 1883 1442; x_wconf 85' lang='lat' dir='ltr'><strong>oporteat,</strong></span> <span class='ocrx_word' id='word_1_82' title='bbox 1905 1365 2280 1426; x_wconf 87' lang='lat' dir='ltr'><strong>constitutio</strong></span> <span class='ocrx_word' id='word_1_83' title='bbox 2304 1363 2437 1443; x_wconf 80' lang='lat' dir='ltr'><strong>fiat,</strong></span> <span class='ocrx_word' id='word_1_84' title='bbox 2470 1366 2602 1426; x_wconf 85' lang='lat' dir='ltr'><strong>sive</strong></span> <span class='ocrx_word' id='word_1_85' title='bbox 2629 1367 2779 1441; x_wconf 89' lang='lat' dir='ltr'><strong>ipsi,</strong></span> <span class='ocrx_word' id='word_1_86' title='bbox 2806 1369 2913 1442; x_wconf 89' lang='lat' dir='ltr'><strong>qui</strong></span> <span class='ocrx_word' id='word_1_87' title='bbox 2942 1385 3099 1430; x_wconf 89' lang='lat' dir='ltr'><strong>con-</strong></span> 
     </span>
     <span class='ocr_line' id='line_1_10' title="bbox 299 1459 3098 1539; baseline 0.001 -17"><span class='ocrx_word' id='word_1_88' title='bbox 299 1463 505 1522; x_wconf 87' lang='lat' dir='ltr'><strong>stituit</strong></span> <span class='ocrx_word' id='word_1_89' title='bbox 529 1463 747 1522; x_wconf 90' lang='lat' dir='ltr'><strong>dotem</strong></span> <span class='ocrx_word' id='word_1_90' title='bbox 772 1461 941 1539; x_wconf 89' lang='lat' dir='ltr'><strong>(quo</strong></span> <span class='ocrx_word' id='word_1_91' title='bbox 969 1464 1225 1536; x_wconf 90' lang='lat' dir='ltr'><strong>quidem</strong></span> <span class='ocrx_word' id='word_1_92' title='bbox 1256 1462 1429 1521; x_wconf 75' lang='lat' dir='ltr'><strong>lacto</strong></span> <span class='ocrx_word' id='word_1_93' title='bbox 1458 1460 1753 1539; x_wconf 72' lang='lat' dir='ltr'><strong>receptitia</strong></span> <span class='ocrx_word' id='word_1_94' title='bbox 1778 1459 1878 1519; x_wconf 83' lang='lat' dir='ltr'><strong>dos</strong></span> <span class='ocrx_word' id='word_1_95' title='bbox 1901 1462 2173 1537; x_wconf 89' lang='lat' dir='ltr'><strong>dicitur)</strong></span> <span class='ocrx_word' id='word_1_96' title='bbox 2201 1459 2291 1539; x_wconf 84' lang='lat'><strong>¹⁶),</strong></span> <span class='ocrx_word' id='word_1_97' title='bbox 2315 1463 2443 1521; x_wconf 81' lang='lat' dir='ltr'><strong>sive</strong></span> <span class='ocrx_word' id='word_1_98' title='bbox 2464 1469 2767 1524; x_wconf 82' lang='lat' dir='ltr'><strong>extraneo</strong></span> <span class='ocrx_word' id='word_1_99' title='bbox 2783 1507 2803 1539; x_wconf 86' lang='lat'>‚</span> <span class='ocrx_word' id='word_1_100' title='bbox 2831 1465 2933 1524; x_wconf 91' lang='lat' dir='ltr'><strong>cui</strong></span> <span class='ocrx_word' id='word_1_101' title='bbox 2947 1465 3098 1539; x_wconf 85' lang='lat' dir='ltr'><strong>jure</strong></span> 
     </span>
    </p>
   </div>
   <div class='ocr_carea' id='block_1_6' title="bbox 298 1559 3099 1932">
    <p class='ocr_par' dir='ltr' id='par_1_6' title="bbox 298 1559 3099 1932">
     <span class='ocr_line' id='line_1_11' title="bbox 301 1559 3097 1640; baseline 0.002 -18"><span class='ocrx_word' id='word_1_102' title='bbox 301 1565 633 1637; x_wconf 83' lang='lat' dir='ltr'><strong>delegatur</strong></span> <span class='ocrx_word' id='word_1_103' title='bbox 657 1566 923 1623; x_wconf 88' lang='lat' dir='ltr'><strong>maritus</strong></span> <span class='ocrx_word' id='word_1_104' title='bbox 946 1559 1043 1640; x_wconf 90' lang='lat'><strong>¹⁷).</strong></span> <span class='ocrx_word' id='word_1_105' title='bbox 1075 1569 1149 1623; x_wconf 84' lang='lat' dir='ltr'><strong>Et</strong></span> <span class='ocrx_word' id='word_1_106' title='bbox 1180 1566 1472 1623; x_wconf 86' lang='lat' dir='ltr'><strong>extranei</strong></span> <span class='ocrx_word' id='word_1_107' title='bbox 1498 1561 1762 1637; x_wconf 87' lang='lat' dir='ltr'><strong>quidem</strong></span> <span class='ocrx_word' id='word_1_108' title='bbox 1786 1609 1804 1640; x_wconf 95' lang='lat'><strong>,</strong></span> <span class='ocrx_word' id='word_1_109' title='bbox 1846 1566 1927 1623; x_wconf 90' lang='lat' dir='ltr'><strong>de</strong></span> <span class='ocrx_word' id='word_1_110' title='bbox 1955 1581 2071 1623; x_wconf 89' lang='lat' dir='ltr'><strong>suo</strong></span> <span class='ocrx_word' id='word_1_111' title='bbox 2108 1565 2329 1624; x_wconf 91' lang='lat' dir='ltr'><strong>dotem</strong></span> <span class='ocrx_word' id='word_1_112' title='bbox 2357 1566 2850 1638; x_wconf 90' lang='lat' dir='ltr'><strong>constituentes,</strong></span> <span class='ocrx_word' id='word_1_113' title='bbox 2891 1568 3097 1640; x_wconf 83' lang='lat' dir='ltr'><strong>legem</strong></span> 
     </span>
     <span class='ocr_line' id='line_1_12' title="bbox 300 1656 3099 1740; baseline 0.002 -22"><span class='ocrx_word' id='word_1_114' title='bbox 300 1676 498 1734; x_wconf 88' lang='lat' dir='ltr'><strong>quam</strong></span> <span class='ocrx_word' id='word_1_115' title='bbox 520 1660 712 1719; x_wconf 81' lang='lat' dir='ltr'><strong>velint</strong></span> <span class='ocrx_word' id='word_1_116' title='bbox 730 1656 864 1720; x_wconf 89' lang='lat' dir='ltr'><strong>doti</strong></span> <span class='ocrx_word' id='word_1_117' title='bbox 884 1661 1098 1719; x_wconf 83' lang='lat' dir='ltr'><strong>dicere</strong></span> <span class='ocrx_word' id='word_1_118' title='bbox 1121 1666 1385 1734; x_wconf 83' lang='lat' dir='ltr'><strong>possunt</strong></span> <span class='ocrx_word' id='word_1_119' title='bbox 1412 1657 1515 1737; x_wconf 68' lang='grc'><strong>18);</strong></span> <span class='ocrx_word' id='word_1_120' title='bbox 1539 1660 1829 1735; x_wconf 84' lang='lat' dir='ltr'><strong>quojure</strong></span> <span class='ocrx_word' id='word_1_121' title='bbox 1852 1666 2034 1734; x_wconf 89' lang='lat' dir='ltr'><strong>pater</strong></span> <span class='ocrx_word' id='word_1_122' title='bbox 2050 1704 2066 1729; x_wconf 93' lang='lat'>‚</span> <span class='ocrx_word' id='word_1_123' title='bbox 2087 1656 2197 1733; x_wconf 88' lang='lat' dir='ltr'><strong>qui</strong></span> <span class='ocrx_word' id='word_1_124' title='bbox 2220 1676 2295 1720; x_wconf 80' lang='lat' dir='ltr'><strong>ex</strong></span> <span class='ocrx_word' id='word_1_125' title='bbox 2318 1662 2468 1740; x_wconf 84' lang='lat' dir='ltr'><strong>legis</strong></span> <span class='ocrx_word' id='word_1_126' title='bbox 2482 1663 2853 1721; x_wconf 75' lang='lat' dir='ltr'><strong>necessitate</strong></span> <span class='ocrx_word' id='word_1_127' title='bbox 2875 1664 3099 1724; x_wconf 88' lang='lat' dir='ltr'><strong>dotem</strong></span> 
     </span>
     <span class='ocr_line' id='line_1_13' title="bbox 299 1753 3097 1840; baseline 0.001 -25"><span class='ocrx_word' id='word_1_128' title='bbox 299 1756 633 1840; x_wconf 76' lang='lat' dir='ltr'><strong>constituit</strong></span> <span class='ocrx_word' id='word_1_129' title='bbox 656 1753 724 1829; x_wconf 77' lang='lat'><strong>¹⁹)</strong></span> <span class='ocrx_word' id='word_1_130' title='bbox 741 1800 760 1832; x_wconf 89' lang='lat'><strong>,</strong></span> <span class='ocrx_word' id='word_1_131' title='bbox 785 1772 918 1816; x_wconf 89' lang='lat' dir='ltr'><strong>non</strong></span> <span class='ocrx_word' id='word_1_132' title='bbox 937 1757 1025 1814; x_wconf 90' lang='lat' dir='ltr'><strong>ita</strong></span> <span class='ocrx_word' id='word_1_133' title='bbox 1043 1757 1240 1815; x_wconf 91' lang='lat' dir='ltr'><strong>libere</strong></span> <span class='ocrx_word' id='word_1_134' title='bbox 1266 1759 1468 1817; x_wconf 88' lang='lat' dir='ltr'><strong>utitur</strong></span> <span class='ocrx_word' id='word_1_135' title='bbox 1494 1753 1588 1832; x_wconf 84' lang='lat'><strong>²⁰).</strong></span> <span class='ocrx_word' id='word_1_136' title='bbox 1618 1760 1770 1816; x_wconf 88' lang='lat' dir='ltr'><strong>Nam</strong></span> <span class='ocrx_word' id='word_1_137' title='bbox 1795 1758 1855 1830; x_wconf 88' lang='lat'><strong>1)</strong></span> <span class='ocrx_word' id='word_1_138' title='bbox 1881 1772 2014 1815; x_wconf 88' lang='lat' dir='ltr'><strong>non</strong></span> <span class='ocrx_word' id='word_1_139' title='bbox 2039 1757 2156 1816; x_wconf 88' lang='lat' dir='ltr'><strong>nisi</strong></span> <span class='ocrx_word' id='word_1_140' title='bbox 2175 1753 2689 1830; x_wconf 83' lang='lat' dir='ltr'><strong>stipulationibus</strong></span> <span class='ocrx_word' id='word_1_141' title='bbox 2710 1758 3097 1832; x_wconf 84' lang='lat' dir='ltr'><strong>interpositis</strong></span> 
     </span>
     <span class='ocr_line' id='line_1_14' title="bbox 298 1857 3097 1932; baseline 0.002 -19"><span class='ocrx_word' id='word_1_142' title='bbox 298 1863 518 1929; x_wconf 89' lang='lat' dir='ltr'><strong>patres</strong></span> <span class='ocrx_word' id='word_1_143' title='bbox 542 1858 624 1914; x_wconf 90' lang='lat' dir='ltr'><strong>de</strong></span> <span class='ocrx_word' id='word_1_144' title='bbox 653 1857 803 1915; x_wconf 88' lang='lat' dir='ltr'><strong>dote</strong></span> <span class='ocrx_word' id='word_1_145' title='bbox 834 1857 1162 1916; x_wconf 86' lang='lat' dir='ltr'><strong>reddenda</strong></span> <span class='ocrx_word' id='word_1_146' title='bbox 1188 1873 1422 1916; x_wconf 80' lang='lat' dir='ltr'><strong>cavere</strong></span> <span class='ocrx_word' id='word_1_147' title='bbox 1449 1864 1787 1932; x_wconf 89' lang='lat' dir='ltr'><strong>poterant,</strong></span> <span class='ocrx_word' id='word_1_148' title='bbox 1815 1872 1965 1916; x_wconf 90' lang='lat' dir='ltr'><strong>cum</strong></span> <span class='ocrx_word' id='word_1_149' title='bbox 1999 1858 2317 1916; x_wconf 83' lang='lat' dir='ltr'><strong>extraneis</strong></span> <span class='ocrx_word' id='word_1_150' title='bbox 2342 1859 2518 1917; x_wconf 90' lang='lat' dir='ltr'><strong>nudo</strong></span> <span class='ocrx_word' id='word_1_151' title='bbox 2545 1864 2736 1932; x_wconf 88' lang='lat' dir='ltr'><strong>pacto</strong></span> <span class='ocrx_word' id='word_1_152' title='bbox 2762 1859 2968 1931; x_wconf 85' lang='lat' dir='ltr'><strong>legem</strong></span> <span class='ocrx_word' id='word_1_153' title='bbox 2997 1860 3097 1918; x_wconf 67' lang='lat' dir='ltr'><strong>dis-</strong></span> 
     </span>
    </p>
   </div>
   <div class='ocr_carea' id='block_1_7' title="bbox 289 1952 3099 2514">
    <p class='ocr_par' dir='ltr' id='par_1_7' title="bbox 289 1952 3099 2514">
     <span class='ocr_line' id='line_1_15' title="bbox 298 1952 3098 2032; baseline 0.002 -17"><span class='ocrx_word' id='word_1_154' title='bbox 298 1970 449 2015; x_wconf 90' lang='lat' dir='ltr'><strong>cere</strong></span> <span class='ocrx_word' id='word_1_155' title='bbox 474 1956 540 2014; x_wconf 90' lang='lat' dir='ltr'><strong>in</strong></span> <span class='ocrx_word' id='word_1_156' title='bbox 564 1952 696 2029; x_wconf 91' lang='lat' dir='ltr'><strong>ipsa</strong></span> <span class='ocrx_word' id='word_1_157' title='bbox 714 1956 972 2030; x_wconf 90' lang='lat' dir='ltr'><strong>quidem</strong></span> <span class='ocrx_word' id='word_1_158' title='bbox 1001 1957 1165 2015; x_wconf 90' lang='lat' dir='ltr'><strong>dotis</strong></span> <span class='ocrx_word' id='word_1_159' title='bbox 1198 1958 1460 2018; x_wconf 90' lang='lat' dir='ltr'><strong>datione</strong></span> <span class='ocrx_word' id='word_1_160' title='bbox 1492 1959 1716 2017; x_wconf 89' lang='lat' dir='ltr'><strong>liceret</strong></span> <span class='ocrx_word' id='word_1_161' title='bbox 1742 1953 1843 2032; x_wconf 87' lang='lat'><strong>²¹).</strong></span> <span class='ocrx_word' id='word_1_162' title='bbox 1884 1961 2217 2016; x_wconf 87' lang='lat' dir='ltr'><strong>Praeterea</strong></span> <span class='ocrx_word' id='word_1_163' title='bbox 2243 1957 2306 2028; x_wconf 84' lang='grc'><strong>2)</strong></span> <span class='ocrx_word' id='word_1_164' title='bbox 2334 1959 2625 2032; x_wconf 85' lang='lat' dir='ltr'><strong>quamvis</strong></span> <span class='ocrx_word' id='word_1_165' title='bbox 2654 1966 2718 2017; x_wconf 90' lang='lat' dir='ltr'><strong>et</strong></span> <span class='ocrx_word' id='word_1_166' title='bbox 2746 1960 2912 2032; x_wconf 88' lang='lat' dir='ltr'><strong>patri</strong></span> <span class='ocrx_word' id='word_1_167' title='bbox 2944 1974 3098 2020; x_wconf 86' lang='lat' dir='ltr'><strong>cou-</strong></span> 
     </span>
     <span class='ocr_line' id='line_1_16' title="bbox 297 2048 3097 2126; baseline 0.002 -15"><span class='ocrx_word' id='word_1_168' title='bbox 297 2067 551 2111; x_wconf 86' lang='lat' dir='ltr'><strong>cessum</strong></span> <span class='ocrx_word' id='word_1_169' title='bbox 580 2058 704 2122; x_wconf 88' lang='lat' dir='ltr'><strong>est,</strong></span> <span class='ocrx_word' id='word_1_170' title='bbox 730 2051 911 2110; x_wconf 85' lang='lat' dir='ltr'><strong>initio</strong></span> <span class='ocrx_word' id='word_1_171' title='bbox 939 2053 1106 2112; x_wconf 88' lang='lat' dir='ltr'><strong>dotis</strong></span> <span class='ocrx_word' id='word_1_172' title='bbox 1133 2054 1384 2112; x_wconf 89' lang='lat' dir='ltr'><strong>dandae</strong></span> <span class='ocrx_word' id='word_1_173' title='bbox 1408 2062 1714 2113; x_wconf 84' lang='lat' dir='ltr'><strong>extraneo</strong></span> <span class='ocrx_word' id='word_1_174' title='bbox 1746 2054 2047 2126; x_wconf 86' lang='lat' dir='ltr'><strong>delegare</strong></span> <span class='ocrx_word' id='word_1_175' title='bbox 2069 2048 2368 2112; x_wconf 89' lang='lat' dir='ltr'><strong>maritum</strong></span> <span class='ocrx_word' id='word_1_176' title='bbox 2385 2093 2402 2123; x_wconf 89' lang='lat'><strong>,</strong></span> <span class='ocrx_word' id='word_1_177' title='bbox 2427 2061 2646 2114; x_wconf 88' lang='lat' dir='ltr'><strong>tamen</strong></span> <span class='ocrx_word' id='word_1_178' title='bbox 2670 2055 2809 2126; x_wconf 82' lang='lat' dir='ltr'><strong>cogi</strong></span> <span class='ocrx_word' id='word_1_179' title='bbox 2834 2057 3097 2116; x_wconf 75' lang='lat' dir='ltr'><strong>marims</strong></span> 
     </span>
     <span class='ocr_line' id='line_1_17' title="bbox 297 2148 3092 2229; baseline 0.001 -23"><span class='ocrx_word' id='word_1_180' title='bbox 297 2164 339 2206; x_wconf 91' lang='lat' dir='ltr'><strong>a</strong></span> <span class='ocrx_word' id='word_1_181' title='bbox 353 2163 586 2207; x_wconf 88' lang='lat' dir='ltr'><strong>socero</strong></span> <span class='ocrx_word' id='word_1_182' title='bbox 604 2148 852 2221; x_wconf 88' lang='lat' dir='ltr'><strong>nequit,</strong></span> <span class='ocrx_word' id='word_1_183' title='bbox 878 2154 1114 2226; x_wconf 80' lang='lat' dir='ltr'><strong>utcum</strong></span> <span class='ocrx_word' id='word_1_184' title='bbox 1136 2164 1254 2207; x_wconf 89' lang='lat' dir='ltr'><strong>suo</strong></span> <span class='ocrx_word' id='word_1_185' title='bbox 1273 2149 1468 2222; x_wconf 89' lang='lat' dir='ltr'><strong>ipsius</strong></span> <span class='ocrx_word' id='word_1_186' title='bbox 1490 2151 1912 2208; x_wconf 89' lang='lat' dir='ltr'><strong>incommodo</strong></span> <span class='ocrx_word' id='word_1_187' title='bbox 1930 2148 2034 2207; x_wconf 89' lang='lat' dir='ltr'><strong>alii</strong></span> <span class='ocrx_word' id='word_1_188' title='bbox 2059 2150 2277 2208; x_wconf 92' lang='lat' dir='ltr'><strong>dotem</strong></span> <span class='ocrx_word' id='word_1_189' title='bbox 2299 2150 2625 2224; x_wconf 84' lang='lat' dir='ltr'><strong>stipulanti</strong></span> <span class='ocrx_word' id='word_1_190' title='bbox 2648 2150 2982 2223; x_wconf 82' lang='lat' dir='ltr'><strong>promittat</strong></span> <span class='ocrx_word' id='word_1_191' title='bbox 2996 2148 3092 2229; x_wconf 80' lang='lat'>²²);</span> 
     </span>
     <span class='ocr_line' id='line_1_18' title="bbox 297 2239 3098 2323; baseline 0.001 -18"><span class='ocrx_word' id='word_1_192' title='bbox 297 2244 528 2316; x_wconf 85' lang='lat' dir='ltr'><strong>quodsi</strong></span> <span class='ocrx_word' id='word_1_193' title='bbox 547 2245 612 2302; x_wconf 90' lang='lat' dir='ltr'><strong>in</strong></span> <span class='ocrx_word' id='word_1_194' title='bbox 639 2239 835 2317; x_wconf 89' lang='lat' dir='ltr'><strong>patris</strong></span> <span class='ocrx_word' id='word_1_195' title='bbox 854 2251 1172 2317; x_wconf 86' lang='lat' dir='ltr'><strong>potestate</strong></span> <span class='ocrx_word' id='word_1_196' title='bbox 1194 2252 1289 2305; x_wconf 90' lang='lat' dir='ltr'><strong>est</strong></span> <span class='ocrx_word' id='word_1_197' title='bbox 1315 2247 1579 2322; x_wconf 89' lang='lat' dir='ltr'><strong>mulier,</strong></span> <span class='ocrx_word' id='word_1_198' title='bbox 1605 2245 1772 2320; x_wconf 90' lang='lat' dir='ltr'><strong>patri</strong></span> <span class='ocrx_word' id='word_1_199' title='bbox 1802 2261 1935 2304; x_wconf 90' lang='lat' dir='ltr'><strong>non</strong></span> <span class='ocrx_word' id='word_1_200' title='bbox 1964 2246 2081 2304; x_wconf 88' lang='lat' dir='ltr'><strong>nisi</strong></span> <span class='ocrx_word' id='word_1_201' title='bbox 2128 2243 2434 2323; x_wconf 82' lang='lat' dir='ltr'><strong>adjuncta</strong></span> <span class='ocrx_word' id='word_1_202' title='bbox 2467 2247 2633 2305; x_wconf 80' lang='lat' dir='ltr'><strong>miae</strong></span> <span class='ocrx_word' id='word_1_203' title='bbox 2667 2262 2943 2319; x_wconf 86' lang='lat' dir='ltr'><strong>persona</strong></span> <span class='ocrx_word' id='word_1_204' title='bbox 2980 2249 3098 2307; x_wconf 86' lang='lat' dir='ltr'><strong>de·</strong></span> 
     </span>
     <span class='ocr_line' id='line_1_19' title="bbox 297 2336 3097 2417; baseline 0.002 -18"><span class='ocrx_word' id='word_1_205' title='bbox 297 2340 552 2413; x_wconf 85' lang='lat' dir='ltr'><strong>legandi</strong></span> <span class='ocrx_word' id='word_1_206' title='bbox 574 2341 680 2415; x_wconf 72' lang='lat' dir='ltr'><strong>jus</strong></span> <span class='ocrx_word' id='word_1_207' title='bbox 695 2346 793 2399; x_wconf 87' lang='lat' dir='ltr'><strong>est</strong></span> <span class='ocrx_word' id='word_1_208' title='bbox 811 2336 906 2414; x_wconf 82' lang='lat'><strong>²³).</strong></span> <span class='ocrx_word' id='word_1_209' title='bbox 938 2341 1219 2416; x_wconf 89' lang='lat' dir='ltr'><strong>Denique</strong></span> <span class='ocrx_word' id='word_1_210' title='bbox 1245 2344 1317 2413; x_wconf 85' lang='lat'><strong>5)</strong></span> <span class='ocrx_word' id='word_1_211' title='bbox 1338 2342 1403 2399; x_wconf 91' lang='lat' dir='ltr'><strong>id</strong></span> <span class='ocrx_word' id='word_1_212' title='bbox 1430 2350 1615 2416; x_wconf 87' lang='lat' dir='ltr'><strong>pater</strong></span> <span class='ocrx_word' id='word_1_213' title='bbox 1637 2342 1996 2416; x_wconf 79' lang='lat' dir='ltr'><strong>provideat,</strong></span> <span class='ocrx_word' id='word_1_214' title='bbox 2037 2347 2111 2401; x_wconf 90' lang='lat' dir='ltr'><strong>ut</strong></span> <span class='ocrx_word' id='word_1_215' title='bbox 2133 2357 2215 2400; x_wconf 88' lang='lat' dir='ltr'><strong>ne</strong></span> <span class='ocrx_word' id='word_1_216' title='bbox 2237 2337 2636 2415; x_wconf 83' lang='lat' dir='ltr'><strong>pactionibus</strong></span> <span class='ocrx_word' id='word_1_217' title='bbox 2657 2343 2903 2417; x_wconf 76' lang='lat' dir='ltr'><strong>suisjtts</strong></span> <span class='ocrx_word' id='word_1_218' title='bbox 2922 2343 3097 2404; x_wconf 80' lang='lat' dir='ltr'><strong>circa</strong></span> 
     </span>
     <span class='ocr_line' id='line_1_20' title="bbox 289 2437 3099 2514; baseline 0.002 -18"><span class='ocrx_word' id='word_1_219' title='bbox 289 2439 516 2496; x_wconf 87' lang='lat' dir='ltr'><strong>dotem</strong></span> <span class='ocrx_word' id='word_1_220' title='bbox 547 2443 662 2496; x_wconf 91' lang='lat' dir='ltr'><strong>aut</strong></span> <span class='ocrx_word' id='word_1_221' title='bbox 690 2437 974 2512; x_wconf 89' lang='lat' dir='ltr'><strong>minuat,</strong></span> <span class='ocrx_word' id='word_1_222' title='bbox 1004 2444 1119 2496; x_wconf 89' lang='lat' dir='ltr'><strong>aut</strong></span> <span class='ocrx_word' id='word_1_223' title='bbox 1146 2445 1395 2497; x_wconf 85' lang='lat' dir='ltr'><strong>evertat</strong></span> <span class='ocrx_word' id='word_1_224' title='bbox 1412 2479 1430 2510; x_wconf 90' lang='lat'><strong>,</strong></span> <span class='ocrx_word' id='word_1_225' title='bbox 1462 2440 1637 2513; x_wconf 90' lang='lat' dir='ltr'><strong>quod</strong></span> <span class='ocrx_word' id='word_1_226' title='bbox 1666 2439 1971 2499; x_wconf 85' lang='lat' dir='ltr'><strong>adversus</strong></span> <span class='ocrx_word' id='word_1_227' title='bbox 2016 2438 2317 2499; x_wconf 88' lang='lat' dir='ltr'><strong>maritum</strong></span> <span class='ocrx_word' id='word_1_228' title='bbox 2355 2439 2622 2514; x_wconf 66' lang='lat' dir='ltr'><strong>husjusve</strong></span> <span class='ocrx_word' id='word_1_229' title='bbox 2652 2440 2924 2500; x_wconf 85' lang='lat' dir='ltr'><strong>heredes</strong></span> <span class='ocrx_word' id='word_1_230' title='bbox 2953 2455 3099 2501; x_wconf 88' lang='lat' dir='ltr'><strong>mu-</strong></span> 
     </span>
    </p>
   </div>
   <div class='ocr_carea' id='block_1_8' title="bbox 290 2675 3095 3799">
    <p class='ocr_par' dir='ltr' id='par_1_8' title="bbox 290 2675 3095 3799">
     <span class='ocr_line' id='line_1_21' title="bbox 290 2675 2967 2742; baseline 0 -17"><span class='ocrx_word' id='word_1_231' title='bbox 290 2682 489 2742; x_wconf 77' lang='lat' dir='ltr'><strong>potest,</strong></span> <span class='ocrx_word' id='word_1_232' title='bbox 505 2679 633 2739; x_wconf 73' lang='lat' dir='ltr'><strong>quia</strong></span> <span class='ocrx_word' id='word_1_233' title='bbox 654 2677 794 2728; x_wconf 74' lang='lat' dir='ltr'><strong>actio</strong></span> <span class='ocrx_word' id='word_1_234' title='bbox 812 2680 865 2728; x_wconf 76' lang='lat' dir='ltr'><strong>ei</strong></span> <span class='ocrx_word' id='word_1_235' title='bbox 877 2679 1058 2728; x_wconf 76' lang='lat' dir='ltr'><strong>delata</strong></span> <span class='ocrx_word' id='word_1_236' title='bbox 1077 2684 1175 2728; x_wconf 78' lang='lat' dir='ltr'><strong>est.</strong></span> <span class='ocrx_word' id='word_1_237' title='bbox 1181 2696 1206 2724; x_wconf 96' lang='grc' dir='ltr'><strong>ιι</strong></span> <span class='ocrx_word' id='word_1_238' title='bbox 1192 2682 1448 2728; x_wconf 68' lang='grc' dir='ltr'>ι--Ηαεεο</span> <span class='ocrx_word' id='word_1_239' title='bbox 1467 2683 1494 2738; x_wconf 80' lang='grc' dir='ltr'><strong>ς</strong></span> <span class='ocrx_word' id='word_1_240' title='bbox 1513 2677 1592 2728; x_wconf 94' lang='grc'><strong>74.</strong></span> <span class='ocrx_word' id='word_1_241' title='bbox 1599 2705 1660 2715; x_wconf 90' lang='grc'><strong>--</strong></span> <span class='ocrx_word' id='word_1_242' title='bbox 1787 2678 1865 2739; x_wconf 85' lang='grc'><strong>18)</strong></span> <span class='ocrx_word' id='word_1_243' title='bbox 1888 2681 1942 2726; x_wconf 92' lang='lat' dir='ltr'><strong>L.</strong></span> <span class='ocrx_word' id='word_1_244' title='bbox 1964 2678 2044 2727; x_wconf 80' lang='grc'><strong>20.</strong></span> <span class='ocrx_word' id='word_1_245' title='bbox 2067 2680 2093 2734; x_wconf 79' lang='lat' dir='ltr'>S</span> <span class='ocrx_word' id='word_1_246' title='bbox 2115 2677 2161 2727; x_wconf 93' lang='grc'><strong>1.</strong></span> <span class='ocrx_word' id='word_1_247' title='bbox 2186 2680 2239 2726; x_wconf 89' lang='lat' dir='ltr'><strong>D.</strong></span> <span class='ocrx_word' id='word_1_248' title='bbox 2259 2678 2328 2725; x_wconf 82' lang='lat' dir='ltr'><strong>de</strong></span> <span class='ocrx_word' id='word_1_249' title='bbox 2344 2681 2485 2738; x_wconf 52' lang='lat' dir='ltr'><strong>pace</strong></span> <span class='ocrx_word' id='word_1_250' title='bbox 2506 2677 2672 2726; x_wconf 77' lang='lat' dir='ltr'><strong>dotat.</strong></span> <span class='ocrx_word' id='word_1_251' title='bbox 2696 2678 2881 2738; x_wconf 79' lang='lat' dir='ltr'><strong>(xxlll,</strong></span> <span class='ocrx_word' id='word_1_252' title='bbox 2896 2675 2945 2727; x_wconf 96' lang='grc'><strong>4.</strong></span> <span class='ocrx_word' id='word_1_253' title='bbox 2950 2680 2967 2737; x_wconf 89' lang='grc'><strong>)</strong></span> 
     </span>
     <span class='ocr_line' id='line_1_22' title="bbox 293 2713 3095 2803; baseline 0 -13"><span class='ocrx_word' id='word_1_254' title='bbox 293 2743 368 2790; x_wconf 82' lang='lat' dir='ltr'><strong>de</strong></span> <span class='ocrx_word' id='word_1_255' title='bbox 384 2713 731 2800; x_wconf 72' lang='lat' dir='ltr'><strong>Merersetdl.</strong></span> <span class='ocrx_word' id='word_1_256' title='bbox 752 2746 785 2791; x_wconf 93' lang='grc' dir='ltr'><strong>Ι.</strong></span> <span class='ocrx_word' id='word_1_257' title='bbox 808 2745 834 2800; x_wconf 76' lang='lat' dir='ltr'><strong>s</strong></span> <span class='ocrx_word' id='word_1_258' title='bbox 855 2741 887 2791; x_wconf 86' lang='lat'>9</span> <span class='ocrx_word' id='word_1_259' title='bbox 910 2768 966 2777; x_wconf 96' lang='lat'>—</span> <span class='ocrx_word' id='word_1_260' title='bbox 990 2744 1065 2791; x_wconf 88' lang='grc'><strong>18.</strong></span> <span class='ocrx_word' id='word_1_261' title='bbox 1087 2746 1113 2800; x_wconf 76' lang='grc' dir='ltr'>ς</span> <span class='ocrx_word' id='word_1_262' title='bbox 1133 2744 1214 2791; x_wconf 76' lang='grc'><strong>21.</strong></span> <span class='ocrx_word' id='word_1_263' title='bbox 1221 2768 1277 2778; x_wconf 88' lang='lat'><em>—</em></span> <span class='ocrx_word' id='word_1_264' title='bbox 1304 2745 1410 2792; x_wconf 85' lang='lat' dir='ltr'><strong>vid.</strong></span> <span class='ocrx_word' id='word_1_265' title='bbox 1435 2749 1486 2791; x_wconf 86' lang='lat' dir='ltr'><strong>et</strong></span> <span class='ocrx_word' id='word_1_266' title='bbox 1506 2744 1555 2791; x_wconf 91' lang='lat' dir='ltr'><strong>L.</strong></span> <span class='ocrx_word' id='word_1_267' title='bbox 1576 2740 1658 2790; x_wconf 84' lang='grc'><strong>41.</strong></span> <span class='ocrx_word' id='word_1_268' title='bbox 1787 2743 1868 2801; x_wconf 93' lang='grc'><strong>19)</strong></span> <span class='ocrx_word' id='word_1_269' title='bbox 1891 2743 2052 2803; x_wconf 78' lang='lat' dir='ltr'><strong>Neque</strong></span> <span class='ocrx_word' id='word_1_270' title='bbox 2071 2753 2186 2790; x_wconf 81' lang='lat' dir='ltr'><strong>vero</strong></span> <span class='ocrx_word' id='word_1_271' title='bbox 2205 2742 2550 2801; x_wconf 84' lang='lat' dir='ltr'><strong>dubitandum,</strong></span> <span class='ocrx_word' id='word_1_272' title='bbox 2566 2743 2683 2802; x_wconf 88' lang='lat' dir='ltr'><strong>quin</strong></span> <span class='ocrx_word' id='word_1_273' title='bbox 2705 2743 2834 2791; x_wconf 85' lang='lat' dir='ltr'><strong>idem</strong></span> <span class='ocrx_word' id='word_1_274' title='bbox 2855 2743 2906 2790; x_wconf 91' lang='lat' dir='ltr'><strong>in</strong></span> <span class='ocrx_word' id='word_1_275' title='bbox 2925 2753 3095 2795; x_wconf 74' lang='lat' dir='ltr'><strong>omnes</strong></span> 
     </span>
     <span class='ocr_line' id='line_1_23' title="bbox 297 2777 3091 2867; baseline 0.001 -16"><span class='ocrx_word' id='word_1_276' title='bbox 297 2806 355 2851; x_wconf 85' lang='grc' dir='ltr'><strong>Ι).</strong></span> <span class='ocrx_word' id='word_1_277' title='bbox 380 2807 477 2853; x_wconf 75' lang='lat' dir='ltr'><strong>sol.</strong></span> <span class='ocrx_word' id='word_1_278' title='bbox 502 2806 728 2854; x_wconf 68' lang='lat' dir='ltr'><strong>matrim,</strong></span> <span class='ocrx_word' id='word_1_279' title='bbox 751 2821 777 2849; x_wconf 87' lang='grc' dir='ltr'><strong>ιι</strong></span> <span class='ocrx_word' id='word_1_280' title='bbox 788 2808 836 2853; x_wconf 87' lang='lat' dir='ltr'><strong>Sl</strong></span> <span class='ocrx_word' id='word_1_281' title='bbox 857 2814 1012 2866; x_wconf 81' lang='lat' dir='ltr'><strong>pater,</strong></span> <span class='ocrx_word' id='word_1_282' title='bbox 1034 2809 1264 2865; x_wconf 80' lang='lat' dir='ltr'><strong>ignorans</strong></span> <span class='ocrx_word' id='word_1_283' title='bbox 1283 2808 1461 2867; x_wconf 81' lang='lat' dir='ltr'><strong>filiam,</strong></span> <span class='ocrx_word' id='word_1_284' title='bbox 1485 2807 1650 2853; x_wconf 85' lang='lat' dir='ltr'><strong>dotem</strong></span> <span class='ocrx_word' id='word_1_285' title='bbox 1714 2809 1905 2864; x_wconf 85' lang='lat' dir='ltr'><strong>valeat,</strong></span> <span class='ocrx_word' id='word_1_286' title='bbox 1944 2809 2028 2865; x_wconf 90' lang='lat' dir='ltr'><strong>qui</strong></span> <span class='ocrx_word' id='word_1_287' title='bbox 2065 2818 2125 2852; x_wconf 85' lang='lat' dir='ltr'><strong>ex</strong></span> <span class='ocrx_word' id='word_1_288' title='bbox 2147 2808 2264 2863; x_wconf 85' lang='lat' dir='ltr'><strong>legis</strong></span> <span class='ocrx_word' id='word_1_289' title='bbox 2285 2777 2572 2852; x_wconf 77' lang='lat' dir='ltr'><strong>necessitate</strong></span> <span class='ocrx_word' id='word_1_290' title='bbox 2592 2808 2764 2852; x_wconf 82' lang='lat' dir='ltr'><strong>dotare</strong></span> <span class='ocrx_word' id='word_1_291' title='bbox 2785 2817 2977 2851; x_wconf 84' lang='lat' dir='ltr'><strong>necesse</strong></span> <span class='ocrx_word' id='word_1_292' title='bbox 2997 2805 3091 2854; x_wconf 79' lang='lat' dir='ltr'><strong>ha-</strong></span> 
     </span>
     <span class='ocr_line' id='line_1_24' title="bbox 297 2867 3094 2928; baseline 0 -16"><span class='ocrx_word' id='word_1_293' title='bbox 297 2878 360 2913; x_wconf 83' lang='lat' dir='ltr'><strong>ex</strong></span> <span class='ocrx_word' id='word_1_294' title='bbox 379 2880 526 2914; x_wconf 86' lang='lat' dir='ltr'><strong>causa</strong></span> <span class='ocrx_word' id='word_1_295' title='bbox 548 2871 878 2928; x_wconf 79' lang='lat' dir='ltr'><strong>promissionis</strong></span> <span class='ocrx_word' id='word_1_296' title='bbox 899 2871 1202 2915; x_wconf 80' lang='lat' dir='ltr'><strong>numeravit·-</strong></span> <span class='ocrx_word' id='word_1_297' title='bbox 1219 2882 1317 2916; x_wconf 91' lang='lat' dir='ltr'><strong>non</strong></span> <span class='ocrx_word' id='word_1_298' title='bbox 1339 2882 1424 2928; x_wconf 88' lang='lat' dir='ltr'><strong>per</strong></span> <span class='ocrx_word' id='word_1_299' title='bbox 1445 2869 1649 2917; x_wconf 78' lang='lat' dir='ltr'><strong>indebiti</strong></span> <span class='ocrx_word' id='word_1_300' title='bbox 1713 2872 1848 2919; x_wconf 85' lang='lat' dir='ltr'><strong>bent.</strong></span> <span class='ocrx_word' id='word_1_301' title='bbox 1885 2869 2047 2927; x_wconf 78' lang='lat' dir='ltr'><strong>Quid?</strong></span> <span class='ocrx_word' id='word_1_302' title='bbox 2085 2872 2215 2927; x_wconf 86' lang='lat' dir='ltr'><strong>quod</strong></span> <span class='ocrx_word' id='word_1_303' title='bbox 2238 2869 2345 2923; x_wconf 85' lang='lat' dir='ltr'><strong>his,</strong></span> <span class='ocrx_word' id='word_1_304' title='bbox 2368 2869 2451 2925; x_wconf 90' lang='lat' dir='ltr'><strong>qui</strong></span> <span class='ocrx_word' id='word_1_305' title='bbox 2476 2879 2658 2926; x_wconf 85' lang='lat' dir='ltr'><strong>poenae</strong></span> <span class='ocrx_word' id='word_1_306' title='bbox 2681 2871 2880 2914; x_wconf 87' lang='lat' dir='ltr'><strong>nomine</strong></span> <span class='ocrx_word' id='word_1_307' title='bbox 2916 2870 2980 2913; x_wconf 87' lang='lat' dir='ltr'><strong>ad</strong></span> <span class='ocrx_word' id='word_1_308' title='bbox 3001 2867 3094 2913; x_wconf 80' lang='lat' dir='ltr'><strong>du·</strong></span> 
     </span>
     <span class='ocr_line' id='line_1_25' title="bbox 295 2930 3094 2990; baseline 0.001 -14"><span class='ocrx_word' id='word_1_309' title='bbox 295 2931 698 2989; x_wconf 81' lang='lat' dir='ltr'><strong>condictionem,</strong></span> <span class='ocrx_word' id='word_1_310' title='bbox 737 2934 821 2978; x_wconf 88' lang='lat' dir='ltr'><strong>sed</strong></span> <span class='ocrx_word' id='word_1_311' title='bbox 842 2934 903 2979; x_wconf 87' lang='lat' dir='ltr'><strong>de</strong></span> <span class='ocrx_word' id='word_1_312' title='bbox 928 2935 1042 2978; x_wconf 85' lang='lat' dir='ltr'><strong>dote</strong></span> <span class='ocrx_word' id='word_1_313' title='bbox 1079 2933 1269 2978; x_wconf 86' lang='lat' dir='ltr'><strong>actione</strong></span> <span class='ocrx_word' id='word_1_314' title='bbox 1301 2936 1503 2990; x_wconf 84' lang='lat' dir='ltr'><strong>pecunia</strong></span> <span class='ocrx_word' id='word_1_315' title='bbox 1522 2938 1652 2990; x_wconf 83' lang='lat' dir='ltr'><strong>pete-</strong></span> <span class='ocrx_word' id='word_1_316' title='bbox 1715 2933 1919 2981; x_wconf 86' lang='lat' dir='ltr'><strong>tandum</strong></span> <span class='ocrx_word' id='word_1_317' title='bbox 1942 2933 2265 2989; x_wconf 73' lang='lat' dir='ltr'><strong>obligantur,</strong></span> <span class='ocrx_word' id='word_1_318' title='bbox 2285 2931 2421 2975; x_wconf 88' lang='grc' dir='ltr'>ιιιιΙΙο</span> <span class='ocrx_word' id='word_1_319' title='bbox 2461 2932 2609 2977; x_wconf 89' lang='lat' dir='ltr'><strong>modo</strong></span> <span class='ocrx_word' id='word_1_320' title='bbox 2629 2932 2784 2989; x_wconf 89' lang='lat' dir='ltr'><strong>legem</strong></span> <span class='ocrx_word' id='word_1_321' title='bbox 2805 2931 2969 2977; x_wconf 83' lang='lat' dir='ltr'><strong>dicere</strong></span> <span class='ocrx_word' id='word_1_322' title='bbox 2988 2930 3094 2978; x_wconf 81' lang='lat' dir='ltr'><strong>doti</strong></span> 
     </span>
     <span class='ocr_line' id='line_1_26' title="bbox 295 2992 2622 3055; baseline -0.001 -16"><span class='ocrx_word' id='word_1_323' title='bbox 295 2997 430 3039; x_wconf 73' lang='lat' dir='ltr'><strong>tur.»</strong></span> <span class='ocrx_word' id='word_1_324' title='bbox 472 2996 645 3040; x_wconf 74' lang='lat' dir='ltr'><strong>Basse</strong></span> <span class='ocrx_word' id='word_1_325' title='bbox 684 2996 710 3050; x_wconf 76' lang='lat' dir='ltr'>S</span> <span class='ocrx_word' id='word_1_326' title='bbox 750 2993 832 3041; x_wconf 84' lang='grc'><strong>75.</strong></span> <span class='ocrx_word' id='word_1_327' title='bbox 870 3007 919 3052; x_wconf 93' lang='lat' dir='ltr'><strong>p.</strong></span> <span class='ocrx_word' id='word_1_328' title='bbox 944 2992 1037 3040; x_wconf 87' lang='grc'><strong>268</strong></span> <span class='ocrx_word' id='word_1_329' title='bbox 1054 3018 1109 3026; x_wconf 92' lang='grc'>-</span> <span class='ocrx_word' id='word_1_330' title='bbox 1133 2993 1246 3040; x_wconf 79' lang='grc'><strong>272.</strong></span> <span class='ocrx_word' id='word_1_331' title='bbox 1272 3018 1331 3027; x_wconf 89' lang='grc'>-</span> <span class='ocrx_word' id='word_1_332' title='bbox 1355 2996 1516 3053; x_wconf 77' lang='lat' dir='ltr'><strong>Neque</strong></span> <span class='ocrx_word' id='word_1_333' title='bbox 1538 3005 1651 3041; x_wconf 84' lang='lat' dir='ltr'><strong>vero</strong></span> <span class='ocrx_word' id='word_1_334' title='bbox 1714 2998 1887 3055; x_wconf 88' lang='lat' dir='ltr'><strong>licere,</strong></span> <span class='ocrx_word' id='word_1_335' title='bbox 1909 2999 2041 3041; x_wconf 87' lang='lat' dir='ltr'><strong>certe</strong></span> <span class='ocrx_word' id='word_1_336' title='bbox 2063 2993 2202 3039; x_wconf 80' lang='lat' dir='ltr'><strong>nobis</strong></span> <span class='ocrx_word' id='word_1_337' title='bbox 2226 3003 2509 3050; x_wconf 88' lang='lat' dir='ltr'><strong>persuasum</strong></span> <span class='ocrx_word' id='word_1_338' title='bbox 2531 2998 2622 3037; x_wconf 83' lang='lat' dir='ltr'><strong>est.</strong></span> 
     </span>
     <span class='ocr_line' id='line_1_27' title="bbox 296 3029 3093 3113; baseline 0 -13"><span class='ocrx_word' id='word_1_339' title='bbox 296 3058 545 3103; x_wconf 80' lang='lat' dir='ltr'><strong>contraria</strong></span> <span class='ocrx_word' id='word_1_340' title='bbox 587 3060 662 3102; x_wconf 84' lang='lat' dir='ltr'><strong>est</strong></span> <span class='ocrx_word' id='word_1_341' title='bbox 702 3058 758 3103; x_wconf 98' lang='lat' dir='ltr'><strong>L.</strong></span> <span class='ocrx_word' id='word_1_342' title='bbox 803 3058 849 3101; x_wconf 85' lang='lat'><strong>1.</strong></span> <span class='ocrx_word' id='word_1_343' title='bbox 874 3059 926 3104; x_wconf 88' lang='lat' dir='ltr'><strong>C.</strong></span> <span class='ocrx_word' id='word_1_344' title='bbox 949 3057 1018 3103; x_wconf 82' lang='lat' dir='ltr'><strong>de</strong></span> <span class='ocrx_word' id='word_1_345' title='bbox 1037 3056 1161 3102; x_wconf 81' lang='lat' dir='ltr'><strong>dote</strong></span> <span class='ocrx_word' id='word_1_346' title='bbox 1182 3061 1348 3104; x_wconf 80' lang='lat' dir='ltr'><strong>cauta</strong></span> <span class='ocrx_word' id='word_1_347' title='bbox 1369 3069 1478 3104; x_wconf 82' lang='lat' dir='ltr'><strong>non</strong></span> <span class='ocrx_word' id='word_1_348' title='bbox 1501 3068 1652 3104; x_wconf 83' lang='lat' dir='ltr'><strong>num.</strong></span> <span class='ocrx_word' id='word_1_349' title='bbox 1778 3056 1860 3113; x_wconf 87' lang='grc'><strong>20)</strong></span> <span class='ocrx_word' id='word_1_350' title='bbox 1871 3029 1940 3103; x_wconf 76' lang='lat' dir='ltr'><strong>’At</strong></span> <span class='ocrx_word' id='word_1_351' title='bbox 1961 3057 2147 3102; x_wconf 87' lang='lat' dir='ltr'><strong>nullam</strong></span> <span class='ocrx_word' id='word_1_352' title='bbox 2164 3066 2267 3100; x_wconf 88' lang='lat' dir='ltr'><strong>esse</strong></span> <span class='ocrx_word' id='word_1_353' title='bbox 2289 3053 2616 3100; x_wconf 78' lang='lat' dir='ltr'><strong>differentiam</strong></span> <span class='ocrx_word' id='word_1_354' title='bbox 2650 3054 2777 3101; x_wconf 83' lang='lat' dir='ltr'><strong>inter</strong></span> <span class='ocrx_word' id='word_1_355' title='bbox 2809 3059 2998 3112; x_wconf 85' lang='lat' dir='ltr'><strong>patrem</strong></span> <span class='ocrx_word' id='word_1_356' title='bbox 3016 3058 3093 3100; x_wconf 86' lang='lat' dir='ltr'><strong>at·</strong></span> 
     </span>
     <span class='ocr_line' id='line_1_28' title="bbox 296 3115 3092 3180; baseline -0 -17"><span class='ocrx_word' id='word_1_357' title='bbox 296 3118 399 3176; x_wconf 82' lang='lat' dir='ltr'><strong>(v,</strong></span> <span class='ocrx_word' id='word_1_358' title='bbox 424 3116 522 3178; x_wconf 83' lang='lat'><strong>15.)</strong></span> <span class='ocrx_word' id='word_1_359' title='bbox 546 3134 571 3162; x_wconf 87' lang='grc' dir='ltr'><strong>ιι</strong></span> <span class='ocrx_word' id='word_1_360' title='bbox 595 3121 762 3166; x_wconf 86' lang='lat' dir='ltr'><strong>Dotem</strong></span> <span class='ocrx_word' id='word_1_361' title='bbox 785 3120 1078 3180; x_wconf 83' lang='lat' dir='ltr'><strong>numeratio,</strong></span> <span class='ocrx_word' id='word_1_362' title='bbox 1101 3131 1199 3164; x_wconf 90' lang='lat' dir='ltr'><strong>non</strong></span> <span class='ocrx_word' id='word_1_363' title='bbox 1218 3121 1458 3178; x_wconf 85' lang='lat' dir='ltr'><strong>scriptura</strong></span> <span class='ocrx_word' id='word_1_364' title='bbox 1480 3120 1655 3167; x_wconf 79' lang='lat' dir='ltr'><strong>dotalis</strong></span> <span class='ocrx_word' id='word_1_365' title='bbox 1718 3131 1813 3178; x_wconf 89' lang='lat' dir='ltr'><strong>que</strong></span> <span class='ocrx_word' id='word_1_366' title='bbox 1836 3126 2151 3174; x_wconf 80' lang='lat' dir='ltr'><strong>extraneum,</strong></span> <span class='ocrx_word' id='word_1_367' title='bbox 2175 3116 2314 3162; x_wconf 86' lang='lat' dir='ltr'><strong>initio</strong></span> <span class='ocrx_word' id='word_1_368' title='bbox 2337 3117 2464 3162; x_wconf 87' lang='lat' dir='ltr'><strong>dotis</strong></span> <span class='ocrx_word' id='word_1_369' title='bbox 2501 3115 2688 3161; x_wconf 83' lang='lat' dir='ltr'><strong>dandae</strong></span> <span class='ocrx_word' id='word_1_370' title='bbox 2727 3118 3051 3174; x_wconf 86' lang='lat' dir='ltr'><strong>paciscentem</strong></span> <span class='ocrx_word' id='word_1_371' title='bbox 3073 3150 3092 3179; x_wconf 89' lang='lat'><strong>,</strong></span> 
     </span>
     <span class='ocr_line' id='line_1_29' title="bbox 294 3178 3090 3242; baseline 0 -18"><span class='ocrx_word' id='word_1_372' title='bbox 294 3181 608 3229; x_wconf 84' lang='lat' dir='ltr'><strong>instrumenti</strong></span> <span class='ocrx_word' id='word_1_373' title='bbox 632 3182 769 3242; x_wconf 76' lang='lat' dir='ltr'><strong>facit,</strong></span> <span class='ocrx_word' id='word_1_374' title='bbox 790 3189 840 3227; x_wconf 89' lang='lat' dir='ltr'><strong>et</strong></span> <span class='ocrx_word' id='word_1_375' title='bbox 857 3183 966 3229; x_wconf 88' lang='lat' dir='ltr'><strong>ideo</strong></span> <span class='ocrx_word' id='word_1_376' title='bbox 986 3193 1081 3227; x_wconf 87' lang='lat' dir='ltr'><strong>nou</strong></span> <span class='ocrx_word' id='word_1_377' title='bbox 1106 3183 1342 3237; x_wconf 81' lang='lat' dir='ltr'><strong>ignoras,</strong></span> <span class='ocrx_word' id='word_1_378' title='bbox 1365 3182 1431 3228; x_wconf 88' lang='lat' dir='ltr'><strong>ita</strong></span> <span class='ocrx_word' id='word_1_379' title='bbox 1455 3184 1654 3229; x_wconf 87' lang='lat' dir='ltr'><strong>demum</strong></span> <span class='ocrx_word' id='word_1_380' title='bbox 1715 3184 1865 3238; x_wconf 78' lang='lat' dir='ltr'><strong>vulgo</strong></span> <span class='ocrx_word' id='word_1_381' title='bbox 1885 3181 2202 3236; x_wconf 81' lang='lat' dir='ltr'><strong>existimant,</strong></span> <span class='ocrx_word' id='word_1_382' title='bbox 2223 3178 2431 3224; x_wconf 84' lang='lat' dir='ltr'><strong>maxime</strong></span> <span class='ocrx_word' id='word_1_383' title='bbox 2467 3183 2662 3235; x_wconf 87' lang='lat' dir='ltr'><strong>propter</strong></span> <span class='ocrx_word' id='word_1_384' title='bbox 2683 3181 2923 3235; x_wconf 86' lang='lat' dir='ltr'><strong>generalia</strong></span> <span class='ocrx_word' id='word_1_385' title='bbox 2944 3179 3090 3225; x_wconf 84' lang='lat' dir='ltr'><strong>verba</strong></span> 
     </span>
     <span class='ocr_line' id='line_1_30' title="bbox 296 3216 2932 3303; baseline -0.001 -16"><span class='ocrx_word' id='word_1_386' title='bbox 296 3248 345 3288; x_wconf 87' lang='lat' dir='ltr'><strong>te</strong></span> <span class='ocrx_word' id='word_1_387' title='bbox 361 3244 424 3288; x_wconf 82' lang='lat' dir='ltr'><strong>ad</strong></span> <span class='ocrx_word' id='word_1_388' title='bbox 451 3248 733 3303; x_wconf 76' lang='lat' dir='ltr'><strong>petitionem</strong></span> <span class='ocrx_word' id='word_1_389' title='bbox 753 3216 888 3291; x_wconf 77' lang='lat' dir='ltr'><strong>’cletis</strong></span> <span class='ocrx_word' id='word_1_390' title='bbox 908 3242 1101 3291; x_wconf 84' lang='lat' dir='ltr'><strong>admitti</strong></span> <span class='ocrx_word' id='word_1_391' title='bbox 1122 3256 1293 3301; x_wconf 85' lang='lat' dir='ltr'><strong>posse,</strong></span> <span class='ocrx_word' id='word_1_392' title='bbox 1311 3245 1353 3289; x_wconf 89' lang='lat' dir='ltr'><strong>si</strong></span> <span class='ocrx_word' id='word_1_393' title='bbox 1377 3245 1540 3291; x_wconf 87' lang='lat' dir='ltr'><strong>dotem</strong></span> <span class='ocrx_word' id='word_1_394' title='bbox 1563 3257 1592 3291; x_wconf 87' lang='lat' dir='ltr'><strong>a</strong></span> <span class='ocrx_word' id='word_1_395' title='bbox 1612 3252 1658 3290; x_wconf 84' lang='lat' dir='ltr'><strong>te</strong></span> <span class='ocrx_word' id='word_1_396' title='bbox 1720 3246 1772 3291; x_wconf 89' lang='lat'><strong>1..</strong></span> <span class='ocrx_word' id='word_1_397' title='bbox 1798 3241 1847 3289; x_wconf 89' lang='grc'><strong>7.</strong></span> <span class='ocrx_word' id='word_1_398' title='bbox 1874 3245 1928 3289; x_wconf 88' lang='lat' dir='ltr'><strong>D.</strong></span> <span class='ocrx_word' id='word_1_399' title='bbox 1950 3242 2018 3289; x_wconf 83' lang='lat' dir='ltr'><strong>de</strong></span> <span class='ocrx_word' id='word_1_400' title='bbox 2027 3243 2174 3298; x_wconf 79' lang='lat' dir='ltr'><strong>pace</strong></span> <span class='ocrx_word' id='word_1_401' title='bbox 2196 3238 2410 3288; x_wconf 78' lang='lat' dir='ltr'><strong>dotalib.</strong></span> <span class='ocrx_word' id='word_1_402' title='bbox 2435 3240 2528 3286; x_wconf 83' lang='lat' dir='ltr'><strong>Sed</strong></span> <span class='ocrx_word' id='word_1_403' title='bbox 2546 3241 2644 3286; x_wconf 81' lang='lat' dir='ltr'><strong>vid.</strong></span> <span class='ocrx_word' id='word_1_404' title='bbox 2668 3245 2771 3285; x_wconf 88' lang='lat' dir='ltr'><strong>not.</strong></span> <span class='ocrx_word' id='word_1_405' title='bbox 2796 3252 2932 3299; x_wconf 89' lang='lat' dir='ltr'><strong>seqq.</strong></span> 
     </span>
     <span class='ocr_line' id='line_1_31' title="bbox 295 3301 3091 3364; baseline -0.001 -13"><span class='ocrx_word' id='word_1_406' title='bbox 295 3316 351 3352; x_wconf 80' lang='lat' dir='ltr'><strong>re</strong></span> <span class='ocrx_word' id='word_1_407' title='bbox 373 3307 477 3363; x_wconf 79' lang='lat' dir='ltr'><strong>ipsa</strong></span> <span class='ocrx_word' id='word_1_408' title='bbox 489 3308 655 3353; x_wconf 84' lang='lat' dir='ltr'><strong>datam</strong></span> <span class='ocrx_word' id='word_1_409' title='bbox 668 3308 958 3364; x_wconf 86' lang='lat' dir='ltr'><strong>probaturus</strong></span> <span class='ocrx_word' id='word_1_410' title='bbox 970 3318 1038 3352; x_wconf 83' lang='lat' dir='ltr'><strong>es.</strong></span> <span class='ocrx_word' id='word_1_411' title='bbox 1056 3305 1195 3352; x_wconf 78' lang='lat' dir='ltr'><strong>»Vid.</strong></span> <span class='ocrx_word' id='word_1_412' title='bbox 1218 3309 1350 3352; x_wconf 87' lang='lat' dir='ltr'><strong>enim</strong></span> <span class='ocrx_word' id='word_1_413' title='bbox 1370 3308 1545 3353; x_wconf 73' lang='lat' dir='ltr'><strong>Basse</strong></span> <span class='ocrx_word' id='word_1_414' title='bbox 1566 3304 1865 3363; x_wconf 82' lang='grc'><strong>1.1.21)</strong></span> <span class='ocrx_word' id='word_1_415' title='bbox 1888 3307 1940 3352; x_wconf 87' lang='lat' dir='ltr'><strong>L.</strong></span> <span class='ocrx_word' id='word_1_416' title='bbox 1965 3303 2013 3351; x_wconf 93' lang='grc'><strong>6.</strong></span> <span class='ocrx_word' id='word_1_417' title='bbox 2035 3306 2085 3349; x_wconf 84' lang='lat' dir='ltr'><strong>C.</strong></span> <span class='ocrx_word' id='word_1_418' title='bbox 2107 3302 2158 3348; x_wconf 81' lang='grc' dir='ltr'><strong>Ιι.</strong></span> <span class='ocrx_word' id='word_1_419' title='bbox 2174 3307 2248 3350; x_wconf 61' lang='grc' dir='ltr'><strong>ιι</strong></span> <span class='ocrx_word' id='word_1_420' title='bbox 2236 3318 2262 3345; x_wconf 87' lang='grc' dir='ltr'><strong>ιι</strong></span> <span class='ocrx_word' id='word_1_421' title='bbox 2282 3303 2395 3348; x_wconf 80' lang='lat' dir='ltr'><strong>Avia</strong></span> <span class='ocrx_word' id='word_1_422' title='bbox 2421 3308 2502 3346; x_wconf 88' lang='lat' dir='ltr'><strong>tua</strong></span> <span class='ocrx_word' id='word_1_423' title='bbox 2526 3314 2714 3357; x_wconf 82' lang='lat' dir='ltr'><strong>eorum,</strong></span> <span class='ocrx_word' id='word_1_424' title='bbox 2733 3314 2858 3360; x_wconf 88' lang='lat' dir='ltr'><strong>quae</strong></span> <span class='ocrx_word' id='word_1_425' title='bbox 2881 3314 2970 3360; x_wconf 84' lang='lat' dir='ltr'><strong>pro</strong></span> <span class='ocrx_word' id='word_1_426' title='bbox 2991 3301 3091 3349; x_wconf 80' lang='lat' dir='ltr'><strong>filia</strong></span> 
     </span>
     <span class='ocr_line' id='line_1_32' title="bbox 294 3364 3089 3427; baseline -0.001 -13"><span class='ocrx_word' id='word_1_427' title='bbox 294 3380 344 3427; x_wconf 90' lang='lat' dir='ltr'><strong>p.</strong></span> <span class='ocrx_word' id='word_1_428' title='bbox 349 3366 526 3415; x_wconf 74' lang='lat'><strong>287.-</strong></span> <span class='ocrx_word' id='word_1_429' title='bbox 538 3371 669 3416; x_wconf 87' lang='lat' dir='ltr'><strong>Caet.</strong></span> <span class='ocrx_word' id='word_1_430' title='bbox 710 3371 808 3416; x_wconf 86' lang='lat' dir='ltr'><strong>vid.</strong></span> <span class='ocrx_word' id='word_1_431' title='bbox 838 3368 1134 3425; x_wconf 72' lang='lat' dir='ltr'><strong>Hoffmann</strong></span> <span class='ocrx_word' id='word_1_432' title='bbox 1168 3370 1217 3416; x_wconf 88' lang='lat' dir='ltr'><strong>in</strong></span> <span class='ocrx_word' id='word_1_433' title='bbox 1242 3370 1313 3426; x_wconf 69' lang='lat' dir='ltr'><strong>ei.</strong></span> <span class='ocrx_word' id='word_1_434' title='bbox 1331 3374 1379 3414; x_wconf 90' lang='lat' dir='ltr'><strong>et</strong></span> <span class='ocrx_word' id='word_1_435' title='bbox 1400 3370 1549 3416; x_wconf 76' lang='lat' dir='ltr'><strong>Fulu-</strong></span> <span class='ocrx_word' id='word_1_436' title='bbox 1567 3371 1659 3416; x_wconf 82' lang='lat' dir='ltr'><strong>civ.</strong></span> <span class='ocrx_word' id='word_1_437' title='bbox 1726 3374 1811 3415; x_wconf 92' lang='lat' dir='ltr'><strong>tua</strong></span> <span class='ocrx_word' id='word_1_438' title='bbox 1833 3369 1883 3413; x_wconf 89' lang='lat' dir='ltr'><strong>in</strong></span> <span class='ocrx_word' id='word_1_439' title='bbox 1905 3369 2067 3414; x_wconf 89' lang='lat' dir='ltr'><strong>dotem</strong></span> <span class='ocrx_word' id='word_1_440' title='bbox 2089 3367 2243 3421; x_wconf 86' lang='lat' dir='ltr'><strong>dedit,</strong></span> <span class='ocrx_word' id='word_1_441' title='bbox 2257 3365 2347 3411; x_wconf 88' lang='lat' dir='ltr'><strong>etsi</strong></span> <span class='ocrx_word' id='word_1_442' title='bbox 2370 3364 2630 3411; x_wconf 80' lang='lat' dir='ltr'><strong>verborum</strong></span> <span class='ocrx_word' id='word_1_443' title='bbox 2649 3365 2884 3421; x_wconf 73' lang='lat' dir='ltr'><strong>obligatio</strong></span> <span class='ocrx_word' id='word_1_444' title='bbox 2905 3366 3089 3411; x_wconf 83' lang='lat' dir='ltr'><strong>nonin</strong></span> 
     </span>
     <span class='ocr_line' id='line_1_33' title="bbox 295 3426 3091 3489; baseline -0 -13"><span class='ocrx_word' id='word_1_445' title='bbox 295 3432 438 3478; x_wconf 77' lang='lat' dir='ltr'><strong>vers.</strong></span> <span class='ocrx_word' id='word_1_446' title='bbox 462 3433 688 3486; x_wconf 81' lang='lat' dir='ltr'><strong>(Darmst.</strong></span> <span class='ocrx_word' id='word_1_447' title='bbox 712 3428 878 3485; x_wconf 86' lang='grc'><strong>1855.)</strong></span> <span class='ocrx_word' id='word_1_448' title='bbox 904 3445 953 3489; x_wconf 92' lang='lat' dir='ltr'><strong>p.</strong></span> <span class='ocrx_word' id='word_1_449' title='bbox 974 3429 1036 3477; x_wconf 90' lang='grc'><strong>57</strong></span> <span class='ocrx_word' id='word_1_450' title='bbox 1058 3442 1166 3489; x_wconf 86' lang='lat' dir='ltr'><strong>sqq.</strong></span> <span class='ocrx_word' id='word_1_451' title='bbox 1711 3432 1961 3488; x_wconf 82' lang='lat' dir='ltr'><strong>tercessit,</strong></span> <span class='ocrx_word' id='word_1_452' title='bbox 1986 3429 2229 3476; x_wconf 84' lang='lat' dir='ltr'><strong>actionem</strong></span> <span class='ocrx_word' id='word_1_453' title='bbox 2270 3438 2332 3473; x_wconf 82' lang='lat' dir='ltr'><strong>ex</strong></span> <span class='ocrx_word' id='word_1_454' title='bbox 2367 3426 2461 3472; x_wconf 80' lang='lat' dir='ltr'><strong>fide</strong></span> <span class='ocrx_word' id='word_1_455' title='bbox 2500 3428 2834 3474; x_wconf 84' lang='lat' dir='ltr'><strong>conventionis</strong></span> <span class='ocrx_word' id='word_1_456' title='bbox 2855 3428 2916 3474; x_wconf 87' lang='lat' dir='ltr'><strong>ad</strong></span> <span class='ocrx_word' id='word_1_457' title='bbox 2940 3433 2987 3473; x_wconf 89' lang='lat' dir='ltr'><strong>te</strong></span> <span class='ocrx_word' id='word_1_458' title='bbox 3012 3460 3029 3486; x_wconf 95' lang='lat'><strong>,</strong></span> <span class='ocrx_word' id='word_1_459' title='bbox 3047 3430 3091 3477; x_wconf 86' lang='lat' dir='ltr'><strong>sl</strong></span> 
     </span>
     <span class='ocr_line' id='line_1_34' title="bbox 363 3489 3087 3550; baseline -0.002 -9"><span class='ocrx_word' id='word_1_460' title='bbox 363 3493 442 3549; x_wconf 87' lang='grc'><strong>12)</strong></span> <span class='ocrx_word' id='word_1_461' title='bbox 462 3496 516 3541; x_wconf 89' lang='lat' dir='ltr'><strong>L.</strong></span> <span class='ocrx_word' id='word_1_462' title='bbox 523 3491 605 3540; x_wconf 91' lang='grc'><strong>56.</strong></span> <span class='ocrx_word' id='word_1_463' title='bbox 628 3494 678 3539; x_wconf 88' lang='grc'><strong>1..</strong></span> <span class='ocrx_word' id='word_1_464' title='bbox 700 3491 782 3541; x_wconf 88' lang='grc'><strong>68</strong></span> <span class='ocrx_word' id='word_1_465' title='bbox 788 3497 838 3541; x_wconf 88' lang='grc'><strong>1..</strong></span> <span class='ocrx_word' id='word_1_466' title='bbox 853 3494 933 3542; x_wconf 93' lang='grc'><strong>80.</strong></span> <span class='ocrx_word' id='word_1_467' title='bbox 939 3494 990 3541; x_wconf 89' lang='lat' dir='ltr'><strong>L.</strong></span> <span class='ocrx_word' id='word_1_468' title='bbox 994 3492 1074 3540; x_wconf 87' lang='lat'><strong>85.</strong></span> <span class='ocrx_word' id='word_1_469' title='bbox 1080 3494 1132 3539; x_wconf 86' lang='lat' dir='ltr'><strong>D.</strong></span> <span class='ocrx_word' id='word_1_470' title='bbox 1143 3493 1197 3539; x_wconf 78' lang='grc' dir='ltr'><strong>Ιι.</strong></span> <span class='ocrx_word' id='word_1_471' title='bbox 1204 3496 1241 3539; x_wconf 82' lang='lat' dir='ltr'><strong>e.</strong></span> <span class='ocrx_word' id='word_1_472' title='bbox 1248 3492 1381 3540; x_wconf 65' lang='lat' dir='ltr'><strong>-CL</strong></span> <span class='ocrx_word' id='word_1_473' title='bbox 1388 3493 1437 3538; x_wconf 87' lang='lat' dir='ltr'><strong>L.</strong></span> <span class='ocrx_word' id='word_1_474' title='bbox 1444 3490 1524 3541; x_wconf 81' lang='grc'><strong>54.</strong></span> <span class='ocrx_word' id='word_1_475' title='bbox 1529 3491 1645 3540; x_wconf 84' lang='lat' dir='ltr'><strong>eod.</strong></span> <span class='ocrx_word' id='word_1_476' title='bbox 1714 3493 1859 3540; x_wconf 87' lang='lat' dir='ltr'><strong>heres</strong></span> <span class='ocrx_word' id='word_1_477' title='bbox 1878 3491 2124 3550; x_wconf 78' lang='lat' dir='ltr'><strong>exstitisti,</strong></span> <span class='ocrx_word' id='word_1_478' title='bbox 2147 3489 2479 3537; x_wconf 78' lang='lat' dir='ltr'><strong>transmittere</strong></span> <span class='ocrx_word' id='word_1_479' title='bbox 2503 3491 2678 3546; x_wconf 87' lang='lat' dir='ltr'><strong>potuit.</strong></span> <span class='ocrx_word' id='word_1_480' title='bbox 2719 3490 2815 3535; x_wconf 77' lang='lat' dir='ltr'><strong>Nec</strong></span> <span class='ocrx_word' id='word_1_481' title='bbox 2848 3490 2981 3536; x_wconf 90' lang='lat' dir='ltr'><strong>enim</strong></span> <span class='ocrx_word' id='word_1_482' title='bbox 3001 3502 3087 3537; x_wconf 85' lang='lat' dir='ltr'><strong>ea-</strong></span> 
     </span>
     <span class='ocr_line' id='line_1_35' title="bbox 358 3553 3090 3612; baseline -0.002 -10"><span class='ocrx_word' id='word_1_483' title='bbox 358 3555 438 3612; x_wconf 85' lang='grc'><strong>15)</strong></span> <span class='ocrx_word' id='word_1_484' title='bbox 471 3554 523 3603; x_wconf 88' lang='lat' dir='ltr'><strong>L.</strong></span> <span class='ocrx_word' id='word_1_485' title='bbox 547 3555 626 3603; x_wconf 77' lang='lat'><strong>35.</strong></span> <span class='ocrx_word' id='word_1_486' title='bbox 652 3557 705 3602; x_wconf 88' lang='lat' dir='ltr'><strong>L.</strong></span> <span class='ocrx_word' id='word_1_487' title='bbox 723 3553 805 3604; x_wconf 80' lang='grc'><strong>49.</strong></span> <span class='ocrx_word' id='word_1_488' title='bbox 830 3561 883 3607; x_wconf 88' lang='lat' dir='ltr'><strong>D.</strong></span> <span class='ocrx_word' id='word_1_489' title='bbox 906 3557 959 3603; x_wconf 81' lang='grc' dir='ltr'><strong>Ιι.</strong></span> <span class='ocrx_word' id='word_1_490' title='bbox 983 3557 1141 3603; x_wconf 86' lang='lat' dir='ltr'><strong>t.-1..</strong></span> <span class='ocrx_word' id='word_1_491' title='bbox 1160 3553 1239 3602; x_wconf 83' lang='grc'><strong>50.</strong></span> <span class='ocrx_word' id='word_1_492' title='bbox 1265 3558 1291 3612; x_wconf 79' lang='lat' dir='ltr'>S</span> <span class='ocrx_word' id='word_1_493' title='bbox 1319 3556 1361 3603; x_wconf 91' lang='grc'><strong>1.</strong></span> <span class='ocrx_word' id='word_1_494' title='bbox 1385 3557 1436 3602; x_wconf 87' lang='lat' dir='ltr'><strong>L.</strong></span> <span class='ocrx_word' id='word_1_495' title='bbox 1458 3554 1536 3604; x_wconf 74' lang='lat'><strong>44.</strong></span> <span class='ocrx_word' id='word_1_496' title='bbox 1558 3557 1583 3611; x_wconf 75' lang='lat' dir='ltr'>S</span> <span class='ocrx_word' id='word_1_497' title='bbox 1610 3555 1652 3602; x_wconf 97' lang='grc'><strong>1.</strong></span> <span class='ocrx_word' id='word_1_498' title='bbox 1717 3557 1829 3602; x_wconf 89' lang='lat' dir='ltr'><strong>dem</strong></span> <span class='ocrx_word' id='word_1_499' title='bbox 1847 3567 1993 3602; x_wconf 88' lang='lat' dir='ltr'><strong>causa</strong></span> <span class='ocrx_word' id='word_1_500' title='bbox 2009 3559 2083 3601; x_wconf 90' lang='lat' dir='ltr'><strong>est</strong></span> <span class='ocrx_word' id='word_1_501' title='bbox 2101 3561 2250 3612; x_wconf 82' lang='lat' dir='ltr'><strong>patris</strong></span> <span class='ocrx_word' id='word_1_502' title='bbox 2270 3553 2501 3598; x_wconf 79' lang='lat' dir='ltr'><strong>etmatris</strong></span> <span class='ocrx_word' id='word_1_503' title='bbox 2513 3553 2887 3609; x_wconf 80' lang='lat' dir='ltr'><strong>paciscentium</strong></span> <span class='ocrx_word' id='word_1_504' title='bbox 2909 3554 3090 3612; x_wconf 73' lang='lat' dir='ltr'><strong>quippe</strong></span> 
     </span>
     <span class='ocr_line' id='line_1_36' title="bbox 296 3613 3088 3677; baseline -0 -13"><span class='ocrx_word' id='word_1_505' title='bbox 296 3620 352 3664; x_wconf 94' lang='lat' dir='ltr'><strong>D.</strong></span> <span class='ocrx_word' id='word_1_506' title='bbox 370 3621 468 3665; x_wconf 76' lang='lat' dir='ltr'><strong>sol.</strong></span> <span class='ocrx_word' id='word_1_507' title='bbox 493 3620 721 3666; x_wconf 79' lang='lat' dir='ltr'><strong>matrim.</strong></span> <span class='ocrx_word' id='word_1_508' title='bbox 744 3620 761 3677; x_wconf 94' lang='lat'><strong>(</strong></span> <span class='ocrx_word' id='word_1_509' title='bbox 787 3621 925 3665; x_wconf 77' lang='lat' dir='ltr'>XXIV</span> <span class='ocrx_word' id='word_1_510' title='bbox 953 3653 969 3677; x_wconf 89' lang='lat'>‚</span> <span class='ocrx_word' id='word_1_511' title='bbox 1003 3620 1050 3665; x_wconf 83' lang='grc'><strong>5.</strong></span> <span class='ocrx_word' id='word_1_512' title='bbox 1076 3620 1091 3675; x_wconf 91' lang='grc'><strong>)</strong></span> <span class='ocrx_word' id='word_1_513' title='bbox 1125 3642 1188 3653; x_wconf 92' lang='lat'><strong>—-</strong></span> <span class='ocrx_word' id='word_1_514' title='bbox 1219 3619 1330 3666; x_wconf 81' lang='lat' dir='ltr'><strong>vid.</strong></span> <span class='ocrx_word' id='word_1_515' title='bbox 1351 3618 1479 3665; x_wconf 62' lang='lat' dir='ltr'><strong>inira</strong></span> <span class='ocrx_word' id='word_1_516' title='bbox 1497 3620 1522 3674; x_wconf 83' lang='lat' dir='ltr'>S</span> <span class='ocrx_word' id='word_1_517' title='bbox 1540 3614 1651 3665; x_wconf 86' lang='grc'><strong>528.</strong></span> <span class='ocrx_word' id='word_1_518' title='bbox 1718 3619 1888 3667; x_wconf 88' lang='lat' dir='ltr'><strong>matris</strong></span> <span class='ocrx_word' id='word_1_519' title='bbox 1911 3624 2109 3676; x_wconf 88' lang='lat' dir='ltr'><strong>pactum</strong></span> <span class='ocrx_word' id='word_1_520' title='bbox 2126 3618 2370 3663; x_wconf 86' lang='lat' dir='ltr'><strong>actionem</strong></span> <span class='ocrx_word' id='word_1_521' title='bbox 2392 3615 2700 3672; x_wconf 79' lang='lat' dir='ltr'><strong>praescriptis</strong></span> <span class='ocrx_word' id='word_1_522' title='bbox 2721 3613 2881 3659; x_wconf 86' lang='lat' dir='ltr'><strong>verbis</strong></span> <span class='ocrx_word' id='word_1_523' title='bbox 2909 3617 3088 3663; x_wconf 89' lang='lat' dir='ltr'><strong>consti·</strong></span> 
     </span>
     <span class='ocr_line' id='line_1_37' title="bbox 296 3675 3091 3740; baseline -0.001 -11"><span class='ocrx_word' id='word_1_524' title='bbox 296 3688 400 3729; x_wconf 83' lang='lat' dir='ltr'><strong>not.</strong></span> <span class='ocrx_word' id='word_1_525' title='bbox 422 3681 502 3730; x_wconf 91' lang='grc'><strong>10.</strong></span> <span class='ocrx_word' id='word_1_526' title='bbox 523 3684 607 3738; x_wconf 79' lang='lat' dir='ltr'><strong>ets</strong></span> <span class='ocrx_word' id='word_1_527' title='bbox 624 3680 739 3730; x_wconf 85' lang='grc'><strong>556.</strong></span> <span class='ocrx_word' id='word_1_528' title='bbox 763 3688 871 3730; x_wconf 87' lang='grc' dir='ltr'>ιιοι.</span> <span class='ocrx_word' id='word_1_529' title='bbox 892 3679 973 3731; x_wconf 87' lang='grc'><strong>17.</strong></span> <span class='ocrx_word' id='word_1_530' title='bbox 999 3680 1079 3729; x_wconf 88' lang='grc'><strong>18.</strong></span> <span class='ocrx_word' id='word_1_531' title='bbox 1718 3681 1844 3726; x_wconf 91' lang='lat' dir='ltr'><strong>tuit·</strong></span> <span class='ocrx_word' id='word_1_532' title='bbox 1831 3711 1844 3740; x_wconf 94' lang='lat'><strong>,</strong></span> <span class='ocrx_word' id='word_1_533' title='bbox 1866 3679 2042 3739; x_wconf 80' lang='lat' dir='ltr'><strong>patris</strong></span> <span class='ocrx_word' id='word_1_534' title='bbox 2079 3678 2218 3727; x_wconf 75' lang='lat' dir='ltr'><strong>dotis</strong></span> <span class='ocrx_word' id='word_1_535' title='bbox 2250 3676 2509 3726; x_wconf 74' lang='lat' dir='ltr'><strong>actionem</strong></span> <span class='ocrx_word' id='word_1_536' title='bbox 2524 3675 2858 3733; x_wconf 75' lang='lat' dir='ltr'><strong>profectitiae</strong></span> <span class='ocrx_word' id='word_1_537' title='bbox 2880 3677 3091 3726; x_wconf 80' lang='lat' dir='ltr'><strong>nomine</strong></span> 
     </span>
     <span class='ocr_line' id='line_1_38' title="bbox 1717 3737 3092 3799; baseline -0.001 -8"><span class='ocrx_word' id='word_1_538' title='bbox 1717 3746 2095 3799; x_wconf 79' lang='lat' dir='ltr'><strong>competentem</strong></span> <span class='ocrx_word' id='word_1_539' title='bbox 2106 3740 2457 3792; x_wconf 79' lang='lat' dir='ltr'><strong>conventione</strong></span> <span class='ocrx_word' id='word_1_540' title='bbox 2467 3738 2687 3795; x_wconf 74' lang='lat' dir='ltr'><strong>simplici</strong></span> <span class='ocrx_word' id='word_1_541' title='bbox 2694 3737 2901 3785; x_wconf 78' lang='lat' dir='ltr'><strong>minime</strong></span> <span class='ocrx_word' id='word_1_542' title='bbox 2920 3740 3092 3789; x_wconf 72' lang='lat' dir='ltr'><strong>cred!-</strong></span> 
     </span>
    </p>
   </div>
   <div class='ocr_carea' id='block_1_9' title="bbox 295 3801 3090 4052">
    <p class='ocr_par' dir='ltr' id='par_1_9' title="bbox 295 3801 3090 4052">
     <span class='ocr_line' id='line_1_39' title="bbox 1718 3801 3090 3860; baseline -0.001 -8"><span class='ocrx_word' id='word_1_543' title='bbox 1718 3809 1814 3852; x_wconf 76' lang='grc' dir='ltr'><strong>τω·</strong></span> <span class='ocrx_word' id='word_1_544' title='bbox 1828 3807 2103 3853; x_wconf 73' lang='lat' dir='ltr'><strong>innovare.</strong></span> <span class='ocrx_word' id='word_1_545' title='bbox 2119 3820 2145 3848; x_wconf 90' lang='grc' dir='ltr'><strong>ιι</strong></span> <span class='ocrx_word' id='word_1_546' title='bbox 2200 3806 2214 3835; x_wconf 75' lang='lat'><em>¹</em></span> <span class='ocrx_word' id='word_1_547' title='bbox 2201 3805 2369 3859; x_wconf 88' lang='lat' dir='ltr'><strong>Quae</strong></span> <span class='ocrx_word' id='word_1_548' title='bbox 2408 3803 2606 3860; x_wconf 87' lang='lat' dir='ltr'><strong>quidem</strong></span> <span class='ocrx_word' id='word_1_549' title='bbox 2639 3801 2905 3860; x_wconf 85' lang='lat' dir='ltr'><strong>posteriora</strong></span> <span class='ocrx_word' id='word_1_550' title='bbox 2943 3804 3090 3851; x_wconf 83' lang='lat' dir='ltr'><strong>verba</strong></span> 
     </span>
     <span class='ocr_line' id='line_1_40' title="bbox 1720 3863 3090 3924; baseline -0.001 -10"><span class='ocrx_word' id='word_1_551' title='bbox 1720 3867 1866 3924; x_wconf 82' lang='lat' dir='ltr'><strong>hujus</strong></span> <span class='ocrx_word' id='word_1_552' title='bbox 1882 3867 2185 3917; x_wconf 78' lang='lat' dir='ltr'><strong>differentiae</strong></span> <span class='ocrx_word' id='word_1_553' title='bbox 2205 3867 2445 3911; x_wconf 85' lang='lat' dir='ltr'><strong>rationem</strong></span> <span class='ocrx_word' id='word_1_554' title='bbox 2456 3866 2572 3910; x_wconf 88' lang='lat' dir='ltr'><strong>satis</strong></span> <span class='ocrx_word' id='word_1_555' title='bbox 2585 3866 2817 3911; x_wconf 87' lang='lat' dir='ltr'><strong>indicant.</strong></span> <span class='ocrx_word' id='word_1_556' title='bbox 2840 3863 2958 3909; x_wconf 76' lang='lat' dir='ltr'><strong>Nam</strong></span> <span class='ocrx_word' id='word_1_557' title='bbox 2977 3877 3090 3914; x_wconf 87' lang='lat' dir='ltr'><strong>cum</strong></span> 
     </span>
     <span class='ocr_line' id='line_1_41' title="bbox 353 3927 1660 3990; baseline -0.002 -11"><span class='ocrx_word' id='word_1_558' title='bbox 353 3929 436 3990; x_wconf 80' lang='lat' dir='ltr'><strong>u)</strong></span> <span class='ocrx_word' id='word_1_559' title='bbox 454 3932 526 3980; x_wconf 68' lang='lat' dir='ltr'><strong>Cf.</strong></span> <span class='ocrx_word' id='word_1_560' title='bbox 549 3933 606 3979; x_wconf 82' lang='grc' dir='ltr'><strong>Ι..</strong></span> <span class='ocrx_word' id='word_1_561' title='bbox 628 3930 709 3979; x_wconf 81' lang='grc'><strong>48.</strong></span> <span class='ocrx_word' id='word_1_562' title='bbox 732 3934 758 3989; x_wconf 82' lang='lat' dir='ltr'>S</span> <span class='ocrx_word' id='word_1_563' title='bbox 781 3931 826 3980; x_wconf 90' lang='grc'><strong>1.</strong></span> <span class='ocrx_word' id='word_1_564' title='bbox 849 3934 905 3979; x_wconf 93' lang='lat' dir='ltr'><strong>D.</strong></span> <span class='ocrx_word' id='word_1_565' title='bbox 926 3932 979 3979; x_wconf 83' lang='grc' dir='ltr'><strong>Ιι.</strong></span> <span class='ocrx_word' id='word_1_566' title='bbox 1003 3937 1041 3979; x_wconf 84' lang='lat' dir='ltr'><strong>t.</strong></span> <span class='ocrx_word' id='word_1_567' title='bbox 1061 3957 1120 3966; x_wconf 91' lang='lat'>—</span> <span class='ocrx_word' id='word_1_568' title='bbox 1153 3932 1205 3977; x_wconf 86' lang='lat' dir='ltr'><strong>L.</strong></span> <span class='ocrx_word' id='word_1_569' title='bbox 1227 3927 1309 3976; x_wconf 91' lang='grc'><strong>79.</strong></span> <span class='ocrx_word' id='word_1_570' title='bbox 1333 3930 1419 3985; x_wconf 66' lang='grc'><strong>81.</strong></span> <span class='ocrx_word' id='word_1_571' title='bbox 1444 3929 1562 3978; x_wconf 84' lang='lat' dir='ltr'><strong>eod.</strong></span> <span class='ocrx_word' id='word_1_572' title='bbox 1599 3954 1660 3964; x_wconf 92' lang='lat'>—</span> 
     </span>
     <span class='ocr_line' id='line_1_42' title="bbox 295 3994 1660 4052; baseline -0.001 -11"><span class='ocrx_word' id='word_1_573' title='bbox 295 3995 346 4041; x_wconf 87' lang='lat'><strong>1..</strong></span> <span class='ocrx_word' id='word_1_574' title='bbox 371 3994 453 4040; x_wconf 84' lang='grc'><strong>20.</strong></span> <span class='ocrx_word' id='word_1_575' title='bbox 477 3995 597 4042; x_wconf 83' lang='lat' dir='ltr'><strong>eod.</strong></span> <span class='ocrx_word' id='word_1_576' title='bbox 620 3997 877 4041; x_wconf 65' lang='lat' dir='ltr'><strong>“Julianus</strong></span> <span class='ocrx_word' id='word_1_577' title='bbox 897 3995 1085 4052; x_wconf 83' lang='lat' dir='ltr'><strong>scribit,</strong></span> <span class='ocrx_word' id='word_1_578' title='bbox 1108 3997 1266 4039; x_wconf 84' lang='lat' dir='ltr'><strong>valere</strong></span> <span class='ocrx_word' id='word_1_579' title='bbox 1290 3995 1436 4038; x_wconf 79' lang='lat' dir='ltr'><strong>talem</strong></span> <span class='ocrx_word' id='word_1_580' title='bbox 1456 3994 1660 4051; x_wconf 88' lang='lat' dir='ltr'><strong>stipula-</strong></span> 
     </span>
    </p>
   </div>
   <div class='ocr_carea' id='block_1_10' title="bbox 290 3926 3091 4178">
    <p class='ocr_par' dir='ltr' id='par_1_10' title="bbox 1722 3926 3091 3990">
     <span class='ocr_line' id='line_1_43' title="bbox 1722 3926 3091 3990; baseline -0.001 -14"><span class='ocrx_word' id='word_1_581' title='bbox 1722 3932 1906 3990; x_wconf 78' lang='lat' dir='ltr'><strong>legibus</strong></span> <span class='ocrx_word' id='word_1_582' title='bbox 1922 3932 2025 3987; x_wconf 82' lang='lat' dir='ltr'><strong>jam</strong></span> <span class='ocrx_word' id='word_1_583' title='bbox 2046 3935 2152 3974; x_wconf 87' lang='lat' dir='ltr'><strong>erat</strong></span> <span class='ocrx_word' id='word_1_584' title='bbox 2191 3928 2389 3974; x_wconf 79' lang='lat' dir='ltr'><strong>definita</strong></span> <span class='ocrx_word' id='word_1_585' title='bbox 2430 3927 2816 3984; x_wconf 76' lang='lat' dir='ltr'><strong>profectitiarum</strong></span> <span class='ocrx_word' id='word_1_586' title='bbox 2833 3926 3023 3973; x_wconf 91' lang='lat' dir='ltr'><strong>dotium</strong></span> <span class='ocrx_word' id='word_1_587' title='bbox 3038 3935 3091 3975; x_wconf 87' lang='lat' dir='ltr'><strong>et</strong></span> 
     </span>
    </p>

    <p class='ocr_par' dir='ltr' id='par_1_11' title="bbox 290 3988 3090 4178">
     <span class='ocr_line' id='line_1_44' title="bbox 1721 3988 3090 4046; baseline -0.003 -6"><span class='ocrx_word' id='word_1_588' title='bbox 1721 3994 2171 4039; x_wconf 84' lang='lat' dir='ltr'><strong>constituendarum</strong></span> <span class='ocrx_word' id='word_1_589' title='bbox 2193 3995 2242 4035; x_wconf 91' lang='lat' dir='ltr'><strong>et</strong></span> <span class='ocrx_word' id='word_1_590' title='bbox 2262 3991 2668 4035; x_wconf 84' lang='lat' dir='ltr'><strong>restituendarum</strong></span> <span class='ocrx_word' id='word_1_591' title='bbox 2703 3988 2955 4046; x_wconf 81' lang='lat' dir='ltr'><strong>obligatio,</strong></span> <span class='ocrx_word' id='word_1_592' title='bbox 2977 4002 3090 4036; x_wconf 88' lang='lat' dir='ltr'><strong>con-</strong></span> 
     </span>
     <span class='ocr_line' id='line_1_45' title="bbox 293 4052 3088 4116; baseline -0 -15"><span class='ocrx_word' id='word_1_593' title='bbox 293 4058 480 4103; x_wconf 87' lang='lat' dir='ltr'><strong>tionem</strong></span> <span class='ocrx_word' id='word_1_594' title='bbox 504 4072 517 4103; x_wconf 90' lang='lat'>:</span> <span class='ocrx_word' id='word_1_595' title='bbox 542 4070 652 4105; x_wconf 90' lang='lat' dir='ltr'><strong>cum</strong></span> <span class='ocrx_word' id='word_1_596' title='bbox 671 4056 1052 4116; x_wconf 85' lang='lat' dir='ltr'><strong>morieris,dotis</strong></span> <span class='ocrx_word' id='word_1_597' title='bbox 1072 4058 1268 4103; x_wconf 89' lang='lat' dir='ltr'><strong>nomine</strong></span> <span class='ocrx_word' id='word_1_598' title='bbox 1289 4060 1360 4101; x_wconf 91' lang='lat' dir='ltr'><strong>tot</strong></span> <span class='ocrx_word' id='word_1_599' title='bbox 1379 4057 1522 4102; x_wconf 81' lang='lat' dir='ltr'><strong>dari?</strong></span> <span class='ocrx_word' id='word_1_600' title='bbox 1544 4057 1660 4113; x_wconf 88' lang='lat' dir='ltr'><strong>quia</strong></span> <span class='ocrx_word' id='word_1_601' title='bbox 1722 4067 1929 4114; x_wconf 82' lang='lat' dir='ltr'><strong>sequens</strong></span> <span class='ocrx_word' id='word_1_602' title='bbox 1948 4057 2063 4111; x_wconf 77' lang='lat' dir='ltr'><strong>fuit,</strong></span> <span class='ocrx_word' id='word_1_603' title='bbox 2081 4060 2134 4099; x_wconf 89' lang='lat' dir='ltr'><strong>ut</strong></span> <span class='ocrx_word' id='word_1_604' title='bbox 2156 4065 2254 4098; x_wconf 88' lang='lat' dir='ltr'><strong>non</strong></span> <span class='ocrx_word' id='word_1_605' title='bbox 2280 4053 2371 4098; x_wconf 88' lang='lat' dir='ltr'><strong>nisi</strong></span> <span class='ocrx_word' id='word_1_606' title='bbox 2400 4052 2541 4096; x_wconf 86' lang='lat' dir='ltr'><strong>solita</strong></span> <span class='ocrx_word' id='word_1_607' title='bbox 2564 4052 2890 4108; x_wconf 83' lang='lat' dir='ltr'><strong>stipulationis</strong></span> <span class='ocrx_word' id='word_1_608' title='bbox 2927 4053 3088 4100; x_wconf 77' lang='lat' dir='ltr'><strong>forma</strong></span> 
     </span>
     <span class='ocr_line' id='line_1_46' title="bbox 290 4117 1659 4178; baseline -0.001 -14"><span class='ocrx_word' id='word_1_609' title='bbox 290 4126 342 4164; x_wconf 88' lang='lat' dir='ltr'><strong>et</strong></span> <span class='ocrx_word' id='word_1_610' title='bbox 363 4120 541 4175; x_wconf 88' lang='lat' dir='ltr'><strong>pacisci</strong></span> <span class='ocrx_word' id='word_1_611' title='bbox 560 4122 775 4178; x_wconf 88' lang='lat' dir='ltr'><strong>soleant,</strong></span> <span class='ocrx_word' id='word_1_612' title='bbox 798 4133 859 4166; x_wconf 91' lang='lat' dir='ltr'><strong>ne</strong></span> <span class='ocrx_word' id='word_1_613' title='bbox 879 4131 907 4164; x_wconf 89' lang='lat' dir='ltr'><strong>a</strong></span> <span class='ocrx_word' id='word_1_614' title='bbox 930 4121 1034 4166; x_wconf 83' lang='lat' dir='ltr'><strong>viva</strong></span> <span class='ocrx_word' id='word_1_615' title='bbox 1057 4119 1165 4177; x_wconf 83' lang='lat' dir='ltr'><strong>[al.</strong></span> <span class='ocrx_word' id='word_1_616' title='bbox 1186 4132 1241 4163; x_wconf 70' lang='lat' dir='ltr'><strong>ea</strong></span> <span class='ocrx_word' id='word_1_617' title='bbox 1266 4117 1405 4175; x_wconf 84' lang='lat' dir='ltr'><strong>viva]</strong></span> <span class='ocrx_word' id='word_1_618' title='bbox 1426 4117 1659 4163; x_wconf 81' lang='lat' dir='ltr'><strong>exhibea·</strong></span> 
     </span>
    </p>
   </div>
   <div class='ocr_carea' id='block_1_11' title="bbox 1720 4114 2604 4174">
    <p class='ocr_par' dir='ltr' id='par_1_12' title="bbox 1720 4114 2604 4174">
     <span class='ocr_line' id='line_1_47' title="bbox 1720 4114 2604 4174; baseline -0.008 -10"><span class='ocrx_word' id='word_1_619' title='bbox 1720 4117 1896 4165; x_wconf 83' lang='lat' dir='ltr'><strong>haecce</strong></span> <span class='ocrx_word' id='word_1_620' title='bbox 1915 4118 2149 4174; x_wconf 82' lang='lat' dir='ltr'><strong>obligatio</strong></span> <span class='ocrx_word' id='word_1_621' title='bbox 2172 4114 2390 4161; x_wconf 88' lang='lat' dir='ltr'><strong>innovari</strong></span> <span class='ocrx_word' id='word_1_622' title='bbox 2406 4118 2604 4171; x_wconf 89' lang='lat' dir='ltr'><strong>posset.)</strong></span> 
     </span>
    </p>
   </div>
   <div class='ocr_carea' id='block_1_12' title="bbox 283 4179 1660 4992">
    <p class='ocr_par' dir='ltr' id='par_1_13' title="bbox 287 4179 1660 4425">
     <span class='ocr_line' id='line_1_48' title="bbox 289 4179 1659 4240; baseline 0.001 -15"><span class='ocrx_word' id='word_1_623' title='bbox 289 4186 403 4226; x_wconf 85' lang='lat' dir='ltr'><strong>tur:</strong></span> <span class='ocrx_word' id='word_1_624' title='bbox 429 4183 561 4240; x_wconf 85' lang='lat' dir='ltr'><strong>quod</strong></span> <span class='ocrx_word' id='word_1_625' title='bbox 583 4195 682 4228; x_wconf 86' lang='lat' dir='ltr'><strong>non</strong></span> <span class='ocrx_word' id='word_1_626' title='bbox 711 4194 816 4228; x_wconf 82' lang='lat' dir='ltr'><strong>esse</strong></span> <span class='ocrx_word' id='word_1_627' title='bbox 854 4184 1009 4228; x_wconf 87' lang='lat' dir='ltr'><strong>simile</strong></span> <span class='ocrx_word' id='word_1_628' title='bbox 1040 4184 1202 4239; x_wconf 83' lang='lat' dir='ltr'><strong>accepi</strong></span> <span class='ocrx_word' id='word_1_629' title='bbox 1229 4196 1239 4225; x_wconf 95' lang='lat'>:</span> <span class='ocrx_word' id='word_1_630' title='bbox 1265 4179 1398 4225; x_wconf 87' lang='lat' dir='ltr'><strong>aliud</strong></span> <span class='ocrx_word' id='word_1_631' title='bbox 1420 4186 1492 4226; x_wconf 85' lang='lat' dir='ltr'><strong>cst</strong></span> <span class='ocrx_word' id='word_1_632' title='bbox 1528 4182 1659 4226; x_wconf 88' lang='lat' dir='ltr'><strong>enim</strong></span> 
     </span>
     <span class='ocr_line' id='line_1_49' title="bbox 288 4242 1660 4300; baseline -0.001 -11"><span class='ocrx_word' id='word_1_633' title='bbox 288 4242 488 4290; x_wconf 82' lang='lat' dir='ltr'><strong>differre</strong></span> <span class='ocrx_word' id='word_1_634' title='bbox 523 4246 845 4298; x_wconf 73' lang='lat' dir='ltr'><strong>exactionem,</strong></span> <span class='ocrx_word' id='word_1_635' title='bbox 876 4246 1005 4292; x_wconf 87' lang='lat' dir='ltr'><strong>aliud</strong></span> <span class='ocrx_word' id='word_1_636' title='bbox 1040 4246 1102 4291; x_wconf 81' lang='lat' dir='ltr'><strong>al)</strong></span> <span class='ocrx_word' id='word_1_637' title='bbox 1134 4245 1272 4289; x_wconf 86' lang='lat' dir='ltr'><strong>initio</strong></span> <span class='ocrx_word' id='word_1_638' title='bbox 1305 4242 1354 4286; x_wconf 89' lang='lat' dir='ltr'><strong>in</strong></span> <span class='ocrx_word' id='word_1_639' title='bbox 1388 4243 1435 4288; x_wconf 90' lang='lat' dir='ltr'><strong>id</strong></span> <span class='ocrx_word' id='word_1_640' title='bbox 1470 4248 1660 4300; x_wconf 86' lang='lat' dir='ltr'><strong>tempus</strong></span> 
     </span>
     <span class='ocr_line' id='line_1_50' title="bbox 287 4306 1660 4368; baseline 0 -17"><span class='ocrx_word' id='word_1_641' title='bbox 287 4308 536 4368; x_wconf 86' lang='lat' dir='ltr'><strong>stipulari,</strong></span> <span class='ocrx_word' id='word_1_642' title='bbox 565 4320 663 4365; x_wconf 89' lang='lat' dir='ltr'><strong>quo</strong></span> <span class='ocrx_word' id='word_1_643' title='bbox 695 4310 1057 4354; x_wconf 82' lang='lat' dir='ltr'><strong>matrimonium</strong></span> <span class='ocrx_word' id='word_1_644' title='bbox 1094 4307 1309 4352; x_wconf 78' lang='lat' dir='ltr'><strong>futurum</strong></span> <span class='ocrx_word' id='word_1_645' title='bbox 1332 4317 1427 4350; x_wconf 86' lang='lat' dir='ltr'><strong>non</strong></span> <span class='ocrx_word' id='word_1_646' title='bbox 1466 4306 1562 4350; x_wconf 88' lang='lat' dir='ltr'><strong>sit:</strong></span> <span class='ocrx_word' id='word_1_647' title='bbox 1590 4307 1660 4351; x_wconf 86' lang='lat' dir='ltr'><strong>id-</strong></span> 
     </span>
     <span class='ocr_line' id='line_1_51' title="bbox 287 4368 1650 4438; baseline -0.001 -25"><span class='ocrx_word' id='word_1_648' title='bbox 287 4381 385 4425; x_wconf 86' lang='lat' dir='ltr'><strong>que</strong></span> <span class='ocrx_word' id='word_1_649' title='bbox 401 4376 453 4415; x_wconf 86' lang='lat' dir='ltr'><strong>et</strong></span> <span class='ocrx_word' id='word_1_650' title='bbox 474 4371 719 4424; x_wconf 78' lang='lat' dir='ltr'><strong>Aristoni,</strong></span> <span class='ocrx_word' id='word_1_651' title='bbox 753 4376 803 4415; x_wconf 88' lang='lat' dir='ltr'><strong>et</strong></span> <span class='ocrx_word' id='word_1_652' title='bbox 835 4373 1047 4429; x_wconf 73' lang='lat' dir='ltr'><strong>Neratio,</strong></span> <span class='ocrx_word' id='word_1_653' title='bbox 1065 4376 1115 4416; x_wconf 89' lang='lat' dir='ltr'><strong>et</strong></span> <span class='ocrx_word' id='word_1_654' title='bbox 1135 4369 1398 4425; x_wconf 84' lang='lat' dir='ltr'><strong>Pomponio</strong></span> <span class='ocrx_word' id='word_1_655' title='bbox 1421 4368 1605 4438; x_wconf 78' lang='lat' dir='ltr'><strong>placet.</strong></span> <span class='ocrx_word' id='word_1_656' title='bbox 1625 4382 1650 4409; x_wconf 87' lang='grc' dir='ltr'><strong>ιι</strong></span> 
     </span>
    </p>

    <p class='ocr_par' dir='ltr' id='par_1_14' title="bbox 284 4428 1658 4611">
     <span class='ocr_line' id='line_1_52' title="bbox 284 4428 1655 4490; baseline 0.002 -16.073"><span class='ocrx_word' id='word_1_657' title='bbox 284 4428 1266 4490; x_wconf 61' lang='lat' dir='ltr'><strong>vimsctiol.Basilic.T.1v.1›..567</strong></span> <span class='ocrx_word' id='word_1_658' title='bbox 1301 4436 1404 4477; x_wconf 88' lang='lat' dir='ltr'><strong>not.</strong></span> <span class='ocrx_word' id='word_1_659' title='bbox 1437 4428 1488 4475; x_wconf 89' lang='lat' dir='ltr'><strong>h.</strong></span> <span class='ocrx_word' id='word_1_660' title='bbox 1523 4431 1558 4476; x_wconf 88' lang='lat' dir='ltr'><strong>i.</strong></span> <span class='ocrx_word' id='word_1_661' title='bbox 1596 4453 1655 4461; x_wconf 89' lang='lat'>—</span> 
     </span>
     <span class='ocr_line' id='line_1_53' title="bbox 287 4491 1658 4603; baseline -0.003 -63"><span class='ocrx_word' id='word_1_662' title='bbox 287 4492 471 4603; x_wconf 46' lang='grc'><strong>(2154916</strong></span> <span class='ocrx_word' id='word_1_663' title='bbox 491 4494 787 4551; x_wconf 67' lang='lat' dir='ltr'><strong>Meyer-feld</strong></span> <span class='ocrx_word' id='word_1_664' title='bbox 814 4498 850 4542; x_wconf 97' lang='grc'><strong>1.</strong></span> <span class='ocrx_word' id='word_1_665' title='bbox 894 4498 928 4543; x_wconf 89' lang='lat' dir='ltr'><strong>l.</strong></span> <span class='ocrx_word' id='word_1_666' title='bbox 963 4494 1101 4551; x_wconf 76' lang='grc' dir='ltr'><strong>ς12.</strong></span> <span class='ocrx_word' id='word_1_667' title='bbox 1137 4507 1187 4553; x_wconf 89' lang='lat' dir='ltr'><strong>p.</strong></span> <span class='ocrx_word' id='word_1_668' title='bbox 1221 4491 1286 4541; x_wconf 83' lang='lat'><strong>29</strong></span> <span class='ocrx_word' id='word_1_669' title='bbox 1325 4505 1400 4552; x_wconf 88' lang='lat' dir='ltr'><strong>sq.</strong></span> <span class='ocrx_word' id='word_1_670' title='bbox 1442 4497 1492 4537; x_wconf 88' lang='lat' dir='ltr'><strong>et</strong></span> <span class='ocrx_word' id='word_1_671' title='bbox 1527 4491 1658 4538; x_wconf 72' lang='lat' dir='ltr'><strong>infra</strong></span> 
     </span>
     <span class='ocr_line' id='line_1_54' title="bbox 284 4557 642 4611; baseline 0.006 -10"><span class='ocrx_word' id='word_1_672' title='bbox 284 4557 312 4611; x_wconf 76' lang='lat' dir='ltr'>S</span> <span class='ocrx_word' id='word_1_673' title='bbox 473 4564 575 4603; x_wconf 88' lang='lat' dir='ltr'><strong>not.</strong></span> <span class='ocrx_word' id='word_1_674' title='bbox 594 4558 642 4603; x_wconf 96' lang='grc'><strong>8.</strong></span> 
     </span>
    </p>

    <p class='ocr_par' dir='ltr' id='par_1_15' title="bbox 286 4615 1656 4742">
     <span class='ocr_line' id='line_1_55' title="bbox 352 4615 1656 4678; baseline -0.004 -14"><span class='ocrx_word' id='word_1_675' title='bbox 352 4616 504 4675; x_wconf 86' lang='grc'><strong>15)1..</strong></span> <span class='ocrx_word' id='word_1_676' title='bbox 526 4617 576 4666; x_wconf 97' lang='grc'><strong>7.</strong></span> <span class='ocrx_word' id='word_1_677' title='bbox 596 4623 649 4666; x_wconf 96' lang='grc'><strong>1..</strong></span> <span class='ocrx_word' id='word_1_678' title='bbox 674 4617 754 4667; x_wconf 81' lang='grc'><strong>20.</strong></span> <span class='ocrx_word' id='word_1_679' title='bbox 778 4619 874 4675; x_wconf 74' lang='grc'><strong>31.</strong></span> <span class='ocrx_word' id='word_1_680' title='bbox 898 4622 953 4667; x_wconf 92' lang='lat' dir='ltr'><strong>D.</strong></span> <span class='ocrx_word' id='word_1_681' title='bbox 973 4620 1199 4678; x_wconf 81' lang='lat' dir='ltr'><strong>depact.</strong></span> <span class='ocrx_word' id='word_1_682' title='bbox 1223 4621 1387 4667; x_wconf 74' lang='lat' dir='ltr'><strong>dolat.</strong></span> <span class='ocrx_word' id='word_1_683' title='bbox 1412 4615 1656 4675; x_wconf 79' lang='lat' dir='ltr'><strong>(xxxin,</strong></span> 
     </span>
     <span class='ocr_line' id='line_1_56' title="bbox 286 4678 771 4742; baseline 0 -15"><span class='ocrx_word' id='word_1_684' title='bbox 286 4678 469 4738; x_wconf 71' lang='lat' dir='ltr'><strong>4.)(cf.</strong></span> <span class='ocrx_word' id='word_1_685' title='bbox 494 4689 597 4728; x_wconf 89' lang='lat' dir='ltr'><strong>not.</strong></span> <span class='ocrx_word' id='word_1_686' title='bbox 617 4685 771 4742; x_wconf 86' lang='lat' dir='ltr'><strong>seqq.)</strong></span> 
     </span>
    </p>

    <p class='ocr_par' dir='ltr' id='par_1_16' title="bbox 286 4740 1651 4865">
     <span class='ocr_line' id='line_1_57' title="bbox 351 4740 1651 4808; baseline -0.002 -19"><span class='ocrx_word' id='word_1_687' title='bbox 351 4743 573 4798; x_wconf 63' lang='lat' dir='ltr'><strong>wivlp.</strong></span> <span class='ocrx_word' id='word_1_688' title='bbox 598 4746 672 4793; x_wconf 80' lang='lat' dir='ltr'><strong>Fr.</strong></span> <span class='ocrx_word' id='word_1_689' title='bbox 700 4747 779 4808; x_wconf 86' lang='lat' dir='ltr'><strong>lv,</strong></span> <span class='ocrx_word' id='word_1_690' title='bbox 800 4743 1004 4792; x_wconf 86' lang='lat' dir='ltr'><strong>5-L</strong></span> <span class='ocrx_word' id='word_1_691' title='bbox 1023 4744 1104 4793; x_wconf 81' lang='grc'><strong>51</strong></span> <span class='ocrx_word' id='word_1_692' title='bbox 1127 4744 1219 4802; x_wconf 69' lang='grc'><strong>32.</strong></span> <span class='ocrx_word' id='word_1_693' title='bbox 1245 4748 1299 4793; x_wconf 92' lang='lat' dir='ltr'><strong>D.</strong></span> <span class='ocrx_word' id='word_1_694' title='bbox 1334 4743 1501 4793; x_wconf 84' lang='lat' dir='ltr'><strong>dem.</strong></span> <span class='ocrx_word' id='word_1_695' title='bbox 1524 4740 1651 4791; x_wconf 80' lang='lat' dir='ltr'><strong>c..d</strong></span> 
     </span>
     <span class='ocr_line' id='line_1_58' title="bbox 286 4806 614 4865; baseline 0.006 -13"><span class='ocrx_word' id='word_1_696' title='bbox 286 4807 522 4865; x_wconf 80' lang='grc' dir='ltr'>(ΧΧΧΙΧ,</span> <span class='ocrx_word' id='word_1_697' title='bbox 543 4806 614 4865; x_wconf 90' lang='grc'><strong>6.)</strong></span> 
     </span>
    </p>

    <p class='ocr_par' dir='ltr' id='par_1_17' title="bbox 283 4866 1659 4989">
     <span class='ocr_line' id='line_1_59' title="bbox 346 4866 1659 4930; baseline 0.002 -16"><span class='ocrx_word' id='word_1_698' title='bbox 346 4867 426 4926; x_wconf 88' lang='grc'><strong>17)</strong></span> <span class='ocrx_word' id='word_1_699' title='bbox 449 4869 524 4915; x_wconf 75' lang='lat' dir='ltr'><strong>ef</strong></span> <span class='ocrx_word' id='word_1_700' title='bbox 551 4871 604 4917; x_wconf 91' lang='lat' dir='ltr'><strong>L.</strong></span> <span class='ocrx_word' id='word_1_701' title='bbox 625 4871 672 4918; x_wconf 71' lang='lat'><strong>2.</strong></span> <span class='ocrx_word' id='word_1_702' title='bbox 697 4883 775 4930; x_wconf 88' lang='lat' dir='ltr'><strong>pr.</strong></span> <span class='ocrx_word' id='word_1_703' title='bbox 813 4896 870 4904; x_wconf 95' lang='lat'>—</span> <span class='ocrx_word' id='word_1_704' title='bbox 899 4872 951 4917; x_wconf 90' lang='lat' dir='ltr'><strong>L.</strong></span> <span class='ocrx_word' id='word_1_705' title='bbox 985 4868 1065 4917; x_wconf 83' lang='grc'><strong>45.</strong></span> <span class='ocrx_word' id='word_1_706' title='bbox 1093 4872 1146 4917; x_wconf 88' lang='lat' dir='ltr'><strong>D.</strong></span> <span class='ocrx_word' id='word_1_707' title='bbox 1173 4870 1332 4917; x_wconf 78' lang='lat' dir='ltr'><strong>solut.</strong></span> <span class='ocrx_word' id='word_1_708' title='bbox 1357 4866 1659 4918; x_wconf 71' lang='lat' dir='ltr'><strong>matrimon.</strong></span> 
     </span>
     <span class='ocr_line' id='line_1_60' title="bbox 283 4934 565 4992; baseline 0.004 -14"><span class='ocrx_word' id='word_1_709' title='bbox 283 4934 565 4992; x_wconf 73' lang='lat' dir='ltr'><strong>(xx1v,5.&gt;</strong></span> 
     </span>
    </p>
   </div>
   <div class='ocr_carea' id='block_1_13' title="bbox 1716 4174 3089 4986">
    <p class='ocr_par' dir='ltr' id='par_1_18' title="bbox 1716 4174 3089 4850">
     <span class='ocr_line' id='line_1_61' title="bbox 1783 4174 3087 4237; baseline -0.002 -12"><span class='ocrx_word' id='word_1_710' title='bbox 1783 4180 1862 4237; x_wconf 84' lang='grc'><strong>22)</strong></span> <span class='ocrx_word' id='word_1_711' title='bbox 1889 4184 1937 4226; x_wconf 87' lang='lat' dir='ltr'><strong>L.</strong></span> <span class='ocrx_word' id='word_1_712' title='bbox 1964 4182 2009 4226; x_wconf 84' lang='grc'><strong>2.</strong></span> <span class='ocrx_word' id='word_1_713' title='bbox 2039 4190 2113 4236; x_wconf 88' lang='lat' dir='ltr'><strong>pr.</strong></span> <span class='ocrx_word' id='word_1_714' title='bbox 2139 4179 2193 4223; x_wconf 91' lang='lat' dir='ltr'><strong>D.</strong></span> <span class='ocrx_word' id='word_1_715' title='bbox 2216 4177 2312 4222; x_wconf 75' lang='lat' dir='ltr'><strong>sol.</strong></span> <span class='ocrx_word' id='word_1_716' title='bbox 2335 4174 2560 4222; x_wconf 78' lang='lat' dir='ltr'><strong>matrt‘m.</strong></span> <span class='ocrx_word' id='word_1_717' title='bbox 2582 4176 2763 4236; x_wconf 79' lang='lat' dir='ltr'><strong>(xxiv,</strong></span> <span class='ocrx_word' id='word_1_718' title='bbox 2785 4174 2856 4231; x_wconf 81' lang='grc'><strong>5.)</strong></span> <span class='ocrx_word' id='word_1_719' title='bbox 2879 4176 3087 4223; x_wconf 67' lang='lat' dir='ltr'><strong>insoluto</strong></span> 
     </span>
     <span class='ocr_line' id='line_1_62' title="bbox 1722 4238 3088 4296; baseline 0 -9"><span class='ocrx_word' id='word_1_720' title='bbox 1722 4244 2035 4289; x_wconf 78' lang='lat' dir='ltr'><strong>matrimonio</strong></span> <span class='ocrx_word' id='word_1_721' title='bbox 2056 4239 2176 4286; x_wconf 87' lang='lat' dir='ltr'><strong>solvi</strong></span> <span class='ocrx_word' id='word_1_722' title='bbox 2198 4239 2391 4284; x_wconf 87' lang='lat' dir='ltr'><strong>mulieri</strong></span> <span class='ocrx_word' id='word_1_723' title='bbox 2432 4238 2518 4283; x_wconf 92' lang='lat' dir='ltr'><strong>dos</strong></span> <span class='ocrx_word' id='word_1_724' title='bbox 2556 4238 2702 4284; x_wconf 84' lang='lat' dir='ltr'><strong>debet</strong></span> <span class='ocrx_word' id='word_1_725' title='bbox 2725 4272 2740 4294; x_wconf 82' lang='lat'><strong>,</strong></span> <span class='ocrx_word' id='word_1_726' title='bbox 2779 4251 2868 4285; x_wconf 88' lang='lat' dir='ltr'><strong>nec</strong></span> <span class='ocrx_word' id='word_1_727' title='bbox 2897 4241 3088 4296; x_wconf 80' lang='lat' dir='ltr'><strong>cogitur</strong></span> 
     </span>
     <span class='ocr_line' id='line_1_63' title="bbox 1722 4300 3089 4362; baseline -0.004 -11"><span class='ocrx_word' id='word_1_728' title='bbox 1722 4306 1926 4351; x_wconf 81' lang='lat' dir='ltr'><strong>mai-itus</strong></span> <span class='ocrx_word' id='word_1_729' title='bbox 1944 4337 1959 4356; x_wconf 87' lang='lat'><strong>.</strong></span> <span class='ocrx_word' id='word_1_730' title='bbox 1984 4304 2065 4350; x_wconf 86' lang='lat' dir='ltr'><strong>alii</strong></span> <span class='ocrx_word' id='word_1_731' title='bbox 2086 4313 2193 4349; x_wconf 88' lang='lat' dir='ltr'><strong>eam</strong></span> <span class='ocrx_word' id='word_1_732' title='bbox 2217 4301 2280 4347; x_wconf 86' lang='lat' dir='ltr'><strong>ab</strong></span> <span class='ocrx_word' id='word_1_733' title='bbox 2303 4300 2439 4345; x_wconf 88' lang='lat' dir='ltr'><strong>initio</strong></span> <span class='ocrx_word' id='word_1_734' title='bbox 2473 4300 2725 4357; x_wconf 86' lang='lat' dir='ltr'><strong>stipulanti</strong></span> <span class='ocrx_word' id='word_1_735' title='bbox 2766 4304 3049 4359; x_wconf 87' lang='lat' dir='ltr'><strong>promittere</strong></span> <span class='ocrx_word' id='word_1_736' title='bbox 3070 4334 3089 4362; x_wconf 91' lang='lat'><strong>,</strong></span> 
     </span>
     <span class='ocr_line' id='line_1_64' title="bbox 1718 4362 3087 4415; baseline 0.001 -4"><span class='ocrx_word' id='word_1_737' title='bbox 1718 4366 1890 4414; x_wconf 77' lang='lat' dir='ltr'><strong>nisisi</strong></span> <span class='ocrx_word' id='word_1_738' title='bbox 1916 4367 2014 4415; x_wconf 79' lang='lat' dir='ltr'><strong>hoc</strong></span> <span class='ocrx_word' id='word_1_739' title='bbox 2041 4363 2093 4412; x_wconf 76' lang='lat' dir='ltr'><strong>ei</strong></span> <span class='ocrx_word' id='word_1_740' title='bbox 2123 4363 2258 4410; x_wconf 70' lang='lat' dir='ltr'><strong>nihil</strong></span> <span class='ocrx_word' id='word_1_741' title='bbox 2276 4365 2449 4408; x_wconf 81' lang='lat' dir='ltr'><strong>nocet.</strong></span> <span class='ocrx_word' id='word_1_742' title='bbox 2493 4362 2614 4408; x_wconf 81' lang='lat' dir='ltr'><strong>Nam</strong></span> <span class='ocrx_word' id='word_1_743' title='bbox 2648 4364 2688 4409; x_wconf 90' lang='lat' dir='ltr'><strong>si</strong></span> <span class='ocrx_word' id='word_1_744' title='bbox 2726 4362 3087 4412; x_wconf 85' lang='lat' dir='ltr'><strong>incommodum</strong></span> 
     </span>
     <span class='ocr_line' id='line_1_65' title="bbox 1717 4423 3088 4486; baseline -0.001 -12"><span class='ocrx_word' id='word_1_745' title='bbox 1717 4429 1915 4486; x_wconf 84' lang='lat' dir='ltr'><strong>aliquod</strong></span> <span class='ocrx_word' id='word_1_746' title='bbox 1939 4430 2141 4475; x_wconf 85' lang='lat' dir='ltr'><strong>maritus</strong></span> <span class='ocrx_word' id='word_1_747' title='bbox 2160 4431 2434 4482; x_wconf 84' lang='lat' dir='ltr'><strong>suspectum</strong></span> <span class='ocrx_word' id='word_1_748' title='bbox 2456 4423 2601 4471; x_wconf 85' lang='lat' dir='ltr'><strong>habet</strong></span> <span class='ocrx_word' id='word_1_749' title='bbox 2618 4458 2633 4484; x_wconf 91' lang='lat'><strong>,</strong></span> <span class='ocrx_word' id='word_1_750' title='bbox 2657 4437 2756 4472; x_wconf 91' lang='lat' dir='ltr'><strong>non</strong></span> <span class='ocrx_word' id='word_1_751' title='bbox 2777 4428 2952 4472; x_wconf 85' lang='lat' dir='ltr'><strong>debere</strong></span> <span class='ocrx_word' id='word_1_752' title='bbox 2973 4438 3088 4474; x_wconf 87' lang='lat' dir='ltr'><strong>eum</strong></span> 
     </span>
     <span class='ocr_line' id='line_1_66' title="bbox 1719 4488 3081 4550; baseline -0.005 -13"><span class='ocrx_word' id='word_1_753' title='bbox 1719 4493 1850 4549; x_wconf 78' lang='lat' dir='ltr'><strong>cogi,</strong></span> <span class='ocrx_word' id='word_1_754' title='bbox 1871 4493 1974 4550; x_wconf 80' lang='lat' dir='ltr'><strong>alii,</strong></span> <span class='ocrx_word' id='word_1_755' title='bbox 1992 4502 2141 4549; x_wconf 88' lang='lat' dir='ltr'><strong>quam</strong></span> <span class='ocrx_word' id='word_1_756' title='bbox 2163 4488 2321 4544; x_wconf 79' lang='lat' dir='ltr'><strong>uxori,</strong></span> <span class='ocrx_word' id='word_1_757' title='bbox 2344 4490 2644 4545; x_wconf 83' lang='lat' dir='ltr'><strong>promittere,</strong></span> <span class='ocrx_word' id='word_1_758' title='bbox 2664 4488 2923 4535; x_wconf 81' lang='lat' dir='ltr'><strong>dicendum</strong></span> <span class='ocrx_word' id='word_1_759' title='bbox 2944 4496 3034 4536; x_wconf 84' lang='lat' dir='ltr'><strong>est.</strong></span> <span class='ocrx_word' id='word_1_760' title='bbox 3058 4504 3081 4530; x_wconf 72' lang='grc' dir='ltr'><strong>ι</strong></span> 
     </span>
     <span class='ocr_line' id='line_1_67' title="bbox 1722 4550 3089 4612; baseline -0.001 -13"><span class='ocrx_word' id='word_1_761' title='bbox 1722 4577 1778 4585; x_wconf 91' lang='grc'><strong>-</strong></span> <span class='ocrx_word' id='word_1_762' title='bbox 1793 4556 1942 4611; x_wconf 87' lang='lat' dir='ltr'><strong>Quem</strong></span> <span class='ocrx_word' id='word_1_763' title='bbox 1961 4553 2157 4612; x_wconf 86' lang='lat' dir='ltr'><strong>quidem</strong></span> <span class='ocrx_word' id='word_1_764' title='bbox 2180 4554 2337 4597; x_wconf 88' lang='lat' dir='ltr'><strong>locum</strong></span> <span class='ocrx_word' id='word_1_765' title='bbox 2362 4562 2458 4595; x_wconf 89' lang='lat' dir='ltr'><strong>non</strong></span> <span class='ocrx_word' id='word_1_766' title='bbox 2482 4550 2572 4595; x_wconf 88' lang='lat' dir='ltr'><strong>nisi</strong></span> <span class='ocrx_word' id='word_1_767' title='bbox 2595 4550 2656 4596; x_wconf 89' lang='lat' dir='ltr'><strong>ad</strong></span> <span class='ocrx_word' id='word_1_768' title='bbox 2681 4552 2979 4608; x_wconf 73' lang='lat' dir='ltr'><strong>profectitias</strong></span> <span class='ocrx_word' id='word_1_769' title='bbox 3002 4553 3089 4598; x_wconf 83' lang='lat' dir='ltr'><strong>do·</strong></span> 
     </span>
     <span class='ocr_line' id='line_1_68' title="bbox 1721 4613 3088 4675; baseline 0 -14"><span class='ocrx_word' id='word_1_770' title='bbox 1721 4621 1792 4662; x_wconf 88' lang='lat' dir='ltr'><strong>tes</strong></span> <span class='ocrx_word' id='word_1_771' title='bbox 1816 4619 2075 4675; x_wconf 84' lang='lat' dir='ltr'><strong>pertinere,</strong></span> <span class='ocrx_word' id='word_1_772' title='bbox 2097 4629 2154 4662; x_wconf 77' lang='lat' dir='ltr'><strong>ex</strong></span> <span class='ocrx_word' id='word_1_773' title='bbox 2170 4614 2317 4671; x_wconf 87' lang='lat' dir='ltr'><strong>ipsius</strong></span> <span class='ocrx_word' id='word_1_774' title='bbox 2331 4613 2562 4658; x_wconf 86' lang='lat' dir='ltr'><strong>orationis</strong></span> <span class='ocrx_word' id='word_1_775' title='bbox 2584 4613 2927 4668; x_wconf 74' lang='lat' dir='ltr'><strong>coniunctione</strong></span> <span class='ocrx_word' id='word_1_776' title='bbox 2942 4649 2957 4670; x_wconf 89' lang='lat'><strong>,</strong></span> <span class='ocrx_word' id='word_1_777' title='bbox 2982 4621 3088 4661; x_wconf 90' lang='lat' dir='ltr'><strong>tum</strong></span> 
     </span>
     <span class='ocr_line' id='line_1_69' title="bbox 1720 4677 3087 4735; baseline 0 -12"><span class='ocrx_word' id='word_1_778' title='bbox 1720 4689 1835 4726; x_wconf 88' lang='lat' dir='ltr'><strong>vero</strong></span> <span class='ocrx_word' id='word_1_779' title='bbox 1855 4692 1912 4725; x_wconf 82' lang='lat' dir='ltr'><strong>ex</strong></span> <span class='ocrx_word' id='word_1_780' title='bbox 1936 4680 2011 4735; x_wconf 80' lang='lat' dir='ltr'><strong>iis,</strong></span> <span class='ocrx_word' id='word_1_781' title='bbox 2033 4690 2157 4735; x_wconf 90' lang='lat' dir='ltr'><strong>quae</strong></span> <span class='ocrx_word' id='word_1_782' title='bbox 2176 4682 2464 4733; x_wconf 87' lang='lat' dir='ltr'><strong>sequuntur,</strong></span> <span class='ocrx_word' id='word_1_783' title='bbox 2484 4682 2705 4732; x_wconf 82' lang='lat' dir='ltr'><strong>apparet.</strong></span> <span class='ocrx_word' id='word_1_784' title='bbox 2731 4677 2824 4723; x_wconf 82' lang='lat' dir='ltr'><strong>Nec</strong></span> <span class='ocrx_word' id='word_1_785' title='bbox 2845 4688 2959 4722; x_wconf 79' lang='lat' dir='ltr'><strong>sane</strong></span> <span class='ocrx_word' id='word_1_786' title='bbox 2983 4678 3087 4724; x_wconf 81' lang='lat' dir='ltr'><strong>fieri</strong></span> 
     </span>
     <span class='ocr_line' id='line_1_70' title="bbox 1716 4737 3089 4799; baseline 0 -13"><span class='ocrx_word' id='word_1_787' title='bbox 1716 4748 1895 4799; x_wconf 86' lang='lat' dir='ltr'><strong>potest,</strong></span> <span class='ocrx_word' id='word_1_788' title='bbox 1916 4747 1969 4786; x_wconf 92' lang='lat' dir='ltr'><strong>ut</strong></span> <span class='ocrx_word' id='word_1_789' title='bbox 1991 4740 2095 4796; x_wconf 74' lang='lat' dir='ltr'><strong>eJus</strong></span> <span class='ocrx_word' id='word_1_790' title='bbox 2115 4774 2131 4797; x_wconf 91' lang='lat'><strong>,</strong></span> <span class='ocrx_word' id='word_1_791' title='bbox 2149 4739 2231 4798; x_wconf 88' lang='lat' dir='ltr'><strong>qui</strong></span> <span class='ocrx_word' id='word_1_792' title='bbox 2274 4741 2403 4784; x_wconf 87' lang='lat' dir='ltr'><strong>ultro</strong></span> <span class='ocrx_word' id='word_1_793' title='bbox 2445 4737 2609 4783; x_wconf 86' lang='lat' dir='ltr'><strong>dotem</strong></span> <span class='ocrx_word' id='word_1_794' title='bbox 2630 4740 2896 4785; x_wconf 84' lang='lat' dir='ltr'><strong>constituat</strong></span> <span class='ocrx_word' id='word_1_795' title='bbox 2914 4772 2931 4798; x_wconf 88' lang='lat'><strong>,</strong></span> <span class='ocrx_word' id='word_1_796' title='bbox 2951 4740 3089 4798; x_wconf 87' lang='lat' dir='ltr'><strong>sequi</strong></span> 
     </span>
     <span class='ocr_line' id='line_1_71' title="bbox 1726 4800 2785 4850; baseline -0.002 0"><span class='ocrx_word' id='word_1_797' title='bbox 1726 4806 2021 4850; x_wconf 84' lang='lat' dir='ltr'><strong>voluntatem</strong></span> <span class='ocrx_word' id='word_1_798' title='bbox 2040 4814 2232 4849; x_wconf 87' lang='lat' dir='ltr'><strong>necesse</strong></span> <span class='ocrx_word' id='word_1_799' title='bbox 2250 4812 2349 4846; x_wconf 92' lang='lat' dir='ltr'><strong>non</strong></span> <span class='ocrx_word' id='word_1_800' title='bbox 2368 4800 2549 4847; x_wconf 78' lang='lat' dir='ltr'><strong>habeat</strong></span> <span class='ocrx_word' id='word_1_801' title='bbox 2567 4802 2785 4848; x_wconf 79' lang='lat' dir='ltr'><strong>maritus.</strong></span> 
     </span>
    </p>

    <p class='ocr_par' dir='ltr' id='par_1_19' title="bbox 1727 4862 3087 4986">
     <span class='ocr_line' id='line_1_72' title="bbox 1791 4862 3087 4924; baseline 0.001 -11"><span class='ocrx_word' id='word_1_802' title='bbox 1791 4864 1871 4924; x_wconf 82' lang='grc'><strong>23)</strong></span> <span class='ocrx_word' id='word_1_803' title='bbox 1893 4868 1947 4913; x_wconf 90' lang='lat' dir='ltr'><strong>L.</strong></span> <span class='ocrx_word' id='word_1_804' title='bbox 1967 4865 2015 4912; x_wconf 88' lang='grc'><strong>2.</strong></span> <span class='ocrx_word' id='word_1_805' title='bbox 2040 4864 2129 4922; x_wconf 78' lang='lat' dir='ltr'><strong>sl.</strong></span> <span class='ocrx_word' id='word_1_806' title='bbox 2156 4867 2211 4911; x_wconf 90' lang='lat' dir='ltr'><strong>D.</strong></span> <span class='ocrx_word' id='word_1_807' title='bbox 2244 4863 2343 4910; x_wconf 78' lang='lat' dir='ltr'><strong>sol.</strong></span> <span class='ocrx_word' id='word_1_808' title='bbox 2375 4862 2600 4911; x_wconf 81' lang='lat' dir='ltr'><strong>matrim.</strong></span> <span class='ocrx_word' id='word_1_809' title='bbox 2627 4863 2644 4921; x_wconf 91' lang='lat'>(</span> <span class='ocrx_word' id='word_1_810' title='bbox 2666 4864 2765 4913; x_wconf 86' lang='lat' dir='ltr'><strong>vid.</strong></span> <span class='ocrx_word' id='word_1_811' title='bbox 2786 4864 2912 4913; x_wconf 83' lang='lat' dir='ltr'><strong>infra</strong></span> <span class='ocrx_word' id='word_1_812' title='bbox 2931 4864 2957 4919; x_wconf 82' lang='lat' dir='ltr'>S</span> <span class='ocrx_word' id='word_1_813' title='bbox 2975 4862 3087 4915; x_wconf 78' lang='lat'><strong>552.</strong></span> 
     </span>
     <span class='ocr_line' id='line_1_73' title="bbox 1727 4925 2403 4986; baseline -0.004 -10"><span class='ocrx_word' id='word_1_814' title='bbox 1727 4936 1831 4978; x_wconf 88' lang='lat' dir='ltr'><strong>not.</strong></span> <span class='ocrx_word' id='word_1_815' title='bbox 1856 4933 1899 4977; x_wconf 85' lang='grc'><strong>7.</strong></span> <span class='ocrx_word' id='word_1_816' title='bbox 1925 4925 2142 4986; x_wconf 71' lang='grc' dir='ltr'><strong>ε15547.</strong></span> <span class='ocrx_word' id='word_1_817' title='bbox 2162 4932 2266 4974; x_wconf 88' lang='lat' dir='ltr'><strong>not.</strong></span> <span class='ocrx_word' id='word_1_818' title='bbox 2289 4926 2403 4985; x_wconf 83' lang='lat'><strong>15.).</strong></span> 
     </span>
    </p>
   </div>
  </div>
 </body>
</html>
