3544 5506
943 341 1079 409 oar.
1119 366 1209 409 tv,
1249 366 1326 409 ns
1362 365 1763 441 ammaum
1801 366 2302 412 mannas-mis.
2906 354 3021 414 629

224 471 556 545 cognovit,
604 477 741 549 vel,
773 479 826 537 si
859 475 1107 548 longius
1142 475 1326 534 abest
1377 474 1459 532 ab
1494 469 1568 532 iis
1596 471 1783 543 locis,
1825 475 1934 533 ubi
1980 490 2083 533 res
2127 475 2585 545 hereditariae,
2616 476 2715 534 vel
2744 474 3019 535 maxima

224 589 451 632 earum
472 591 619 648 pars
640 620 658 646 ,
690 577 936 649 positae
960 582 1139 644 sunt,
1169 575 1338 633 intra
1362 575 1511 633 anni
1534 576 1809 646 spatium
1840 591 1879 632 a
1910 581 2118 633 morte
2140 574 2461 634 testatoris
2488 577 3016 652 computandum,

223 673 346 732 rite
376 671 780 750 legitimeque
800 675 1198 736 conficiendo
1233 671 1321 747 ιι).
1351 679 1490 750 Quo
1512 676 1768 749 quidem
1797 674 1967 734 facto
1985 720 2004 751 ,
2034 690 2167 733 non
2194 677 2398 735 solum
2415 672 2553 734 sine
2579 676 2752 734 omni
2780 677 3018 735 damno

226 775 423 842 atque
456 772 742 843 periculo
787 773 1206 833 hereditatem
1261 770 1549 837 habebit,
1603 774 1714 829 sed
1761 776 2097 843 praeterea
2139 771 2329 829 etiam
2359 767 2702 845 peculiaria
2740 771 2855 828 sibi
2909 776 3022 827 aut

224 869 629 926 conservabit
654 876 767 927 aut
792 869 1082 941 acquiret
1110 866 1253 946 jura
1282 864 1374 942 ¹²),
1408 868 1491 926 de
1517 869 1749 940 quibus
1777 867 2143 926 accuratius
2170 869 2419 926 dicetur
2441 883 2561 926 suo
2593 870 2737 926 loco
2759 865 2808 942 (ς
2830 866 3016 939 699).

228 959 460 1039 Quodsi
487 981 641 1043 vero
655 967 1081 1025 inventarium
1104 965 1318 1023 facere
1343 959 1717 1035 neglexerit,
1741 965 2108 1022 omnimodo
2129 971 2346 1022 manet
2367 965 2641 1036 illigatus
2659 962 3020 1036 hereditati,

226 1074 347 1118 nec
365 1056 590 1134 utique
613 1063 978 1134 perfruetur
998 1062 1348 1120 commodis
1366 1103 1383 1134 ,
1409 1074 1576 1133 quae
1597 1060 2023 1119 inventarium
2047 1057 2304 1121 facienti
2326 1063 2423 1120 lex
2445 1059 2666 1118 heredi
2682 1056 2908 1116 tribuit
2935 1054 3021 1131 13).

228 1157 291 1229 ὅ)
324 1158 475 1233 Qui,
509 1159 697 1231 hujus
722 1154 875 1232 legis
919 1157 1231 1218 beneficio
1256 1171 1386 1216 non
1424 1171 1692 1225 usurus,
1723 1157 2083 1216 deliberare
2107 1159 2349 1215 mavult
2377 1171 2571 1230 quam
2605 1153 3023 1212 hereditatem

229 1253 447 1321 adire,
481 1253 692 1313 facere
722 1251 786 1312 id
818 1254 1076 1328 quidem
1106 1260 1348 1327 potest,
1381 1254 1730 1311 dummodo
1762 1254 2157 1312 deliberandi
2186 1253 2460 1326 spatium
2482 1292 2499 1321 ‚
2522 1251 2621 1310 vel
2653 1250 2843 1307 unius
2871 1246 3022 1306 anni

232 1363 272 1406 a
295 1348 581 1423 principe
603 1353 704 1409 vel
734 1366 964 1410 novem
996 1350 1306 1408 mensium
1335 1366 1373 1408 a
1406 1349 1624 1424 judice
1646 1395 1664 1423 ,
1708 1344 1827 1407 sibi
1855 1349 2167 1421 indulgeri
2212 1355 2397 1408 curet
2442 1342 2538 1420 ¹⁴).
2597 1341 2831 1423 Quodsi
2854 1345 3023 1402 intra

229 1443 386 1507 illud
414 1447 807 1510 deliberandi
836 1458 1091 1525 tempus
1114 1457 1225 1508 aut
1247 1450 1475 1509 adierit
1488 1450 1906 1509 hereditatem
1936 1455 2195 1508 autnon
2224 1448 2654 1516 recusaverit,
2687 1446 2737 1503 si
2765 1439 3022 1517 quidem

229 1547 658 1609 inventarium
681 1552 872 1611 etiam
893 1552 1268 1625 confecerit,
1294 1559 1508 1609 tamen
1531 1551 1595 1608 in
1621 1551 1891 1609 solidum
1916 1556 2174 1608 tenetur
2190 1547 2612 1607 creditoribus
2629 1540 3020 1612 hereditatis,

230 1639 556 1704 Falcidiae
612 1663 767 1709 vero
813 1649 965 1721 legis
991 1648 1301 1705 beneficio
1329 1648 1423 1705 uti
1467 1652 1697 1719 potest.
1746 1648 1852 1704 Sin
1894 1660 1975 1703 ne
2001 1644 2424 1703 inventarium
2453 1643 2712 1715 quidem
2739 1638 3024 1699 conscri-

232 1745 456 1817 pserit,
483 1746 677 1805 etiam
701 1750 909 1820 legata
937 1749 1181 1807 solvere
1211 1748 1458 1820 integra
1484 1762 1743 1805 necesse
1761 1746 1974 1804 habet.
1994 1741 2414 1804 Recusatione
2440 1748 2656 1800 autem
2690 1744 2836 1811 post
2862 1736 3024 1795 deli-

233 1841 633 1901 berationem
656 1844 1061 1918 impetratam
1082 1887 1099 1914 ‚
1133 1851 1200 1903 at
1227 1844 1601 1917 tempestive
1620 1885 1636 1911 ,
1668 1843 1870 1913 facta,
1907 1858 2125 1901 rerum
2155 1839 2685 1900 hereditariarum
2710 1832 3024 1894 restitutio

232 1938 660 2003 creditoribus
677 1985 694 2015 ‚
719 1947 872 2004 iisve
888 1988 906 2020 ‚
934 1947 1015 2004 ad
1036 1961 1198 2018 quos
1223 1946 1564 2017 pertinebit
1589 1941 1913 2002 hereditas
1931 1986 1948 2013 ,
1975 1942 2259 2002 facienda
2283 1946 2380 1998 est
2400 1944 2512 1997 aut
2535 1953 2612 1996 ex
2640 1928 3022 2000 inventario,

235 2037 287 2095 si
316 2042 491 2111 quod
525 2047 621 2098 est
654 2037 1084 2117 conscriptum
1106 2086 1124 2118 ‚
1159 2048 1268 2100 aut
1285 2087 1303 2116 ‚
1331 2042 1510 2100 nullo
1538 2038 1799 2100 condito
1831 2038 2184 2099 inventario
2201 2079 2219 2107 ‚
2244 2053 2320 2096 ex
2343 2032 2787 2107 accipientium
2814 2043 3026 2088 sacra·

234 2141 480 2211 mento,
509 2139 834 2198 taxatione
856 2139 989 2198 scil.
1014 2156 1050 2198 a
1068 2140 1286 2213 jndice
1309 2139 1663 2213 adjicienda
1681 2132 1780 2212 ¹⁵).
1830 2140 1962 2213 Qua
1977 2136 2234 2209 quidem
2251 2130 2652 2206 imperatoris
2667 2127 3022 2192 sanctione,

236 2233 385 2291 licet
410 2234 873 2307 antiquioribus
897 2238 1385 2308 legumlatorum
1407 2237 1486 2294 de
1518 2241 1811 2309 tempore
1836 2230 2232 2292 deliberandi
2263 2228 2619 2302 praeceptis
2645 2227 3023 2295 derogatum

239 2331 319 2390 δὴ
336 2376 354 2402 ,
380 2332 507 2393 hoc
543 2344 733 2409 pacto
751 2379 768 2406 ‚
802 2347 871 2397 ut
900 2351 1020 2396 nec
1048 2337 1393 2408 legitimum
1423 2337 1655 2395 annale
1682 2334 2151 2394 deliberationis
2175 2339 2424 2403 tempus
2455 2327 2725 2401 amplius
2753 2324 3025 2397 supersit

234 2423 461 2487 heredi
494 2431 585 2506 ¹⁶),
623 2440 836 2491 tamen
873 2433 1025 2491 nihil
1069 2434 1362 2506 impedit,
1404 2449 1537 2507 quo
1579 2434 1787 2492 minus
1829 2447 1951 2489 usu
1997 2423 2436 2500 retineantur,
2484 2431 2549 2484 et
2576 2438 2741 2496 quae
2774 2423 2856 2479 de
2871 2419 3023 2492 jure

238 2528 493 2587 heredis
510 2571 528 2605 ,
559 2531 712 2587 dum
738 2527 1082 2601 deliberat,
1106 2532 1244 2603 ,iam
1271 2531 1420 2589 olim
1444 2536 1706 2602 recepta
1730 2534 1881 2587 sunt
1903 2522 2001 2601 ¹⁷),
2031 2532 2097 2584 et
2120 2539 2285 2599 quae
2314 2525 2395 2582 de
2444 2528 2733 2595 tempore
2779 2512 3022 2576 delibe-

238 2629 458 2698 randi,
485 2627 703 2703 pupilli
730 2632 988 2691 nomine
1011 2630 1213 2704 petito
1235 2673 1252 2702 ,
1280 2630 1604 2704 speciatim
1633 2633 1965 2688 Praetores
1994 2627 2336 2685 edixerunt
2363 2620 2449 2696 ¹⁸).

838 2830 864 2902 §
893 2835 1037 2894 696.
1072 2829 1142 2907 Β)
1168 2834 1461 2890 Bonorum
1476 2828 1833 2908 possessionis
1851 2823 2231 2906 aquoso-endas
2253 2824 2429 2884 ratio.

321 3030 690 3090 Praetoriae
708 3029 1118 3108 successionis
1140 3029 1265 3087 hoc
1281 3029 1381 3085 vel
1400 3028 1668 3084 maxime
1689 3024 2019 3098 proprium
2041 3028 2243 3098 est‚ut
2261 3035 2382 3079 nec
2398 3018 2535 3093 ipso
2543 3018 2692 3092 jure
2711 3031 2833 3075 nec
2853 3016 3025 3073 nuda

239 3124 625 3188 successoris
666 3130 996 3186 voluntate
1026 3128 1403 3200 acquiratur
1424 3126 1529 3198 jus
1557 3167 1575 3201 ‚
1604 3126 1716 3183 sed
1753 3124 2066 3182 bonorum
2112 3120 2569 3195 possessionem
2598 3130 2942 3189 agnoscere
2969 3130 3019 3171 s.

239 3236 487 3301 petere,
524 3230 891 3302 quicunque
915 3245 950 3287 a
979 3232 1278 3287 Praetore
1302 3233 1568 3285 vocatur
1591 3227 1671 3283 ad
1702 3226 2124 3284 hereditatem
2145 3265 2162 3297 ‚
2191 3236 2450 3280 necesse
2479 3220 2711 3277 habeat
2739 3213 2805 3288 ¹),
2836 3216 3026 3288 idque

239 3330 410 3388 intra
441 3337 731 3404 tempora
747 3327 1147 3405 praefinita(§
1175 3330 1319 3387 620.
1349 3324 1674 3403 nr.5.).Et
1695 3343 1842 3385 cum
1872 3326 2023 3384 olim
2046 3323 2301 3396 quidem
2328 3322 2428 3379 vel
2459 3322 2629 3394 apud
2661 3322 3025 3376 Praetorem

240 3429 339 3484 vel
382 3428 555 3499 apud
596 3428 947 3485 Praesidem
993 3426 1357 3500 provinciae
1398 3419 1646 3483 solenni
1692 3423 1897 3482 forma
1932 3420 2333 3492 agnoscenda
2369 3425 2532 3476 esset
2563 3416 2628 3476 b.
2666 3432 2725 3489 p.
2748 3454 2765 3484 ‚
2802 3419 3028 3487 postea

240 3513 663 3584 constitutum
687 3534 802 3594 est,
835 3533 909 3584 ut
935 3527 1394 3601 qualiscunque
1418 3518 1760 3583 voluntatis
1784 3523 2156 3595 significatio
2180 3520 2352 3594 apud
2372 3518 2718 3592 quemlibet
2742 3515 3023 3590 judicem

305 3707 386 3763 11)
421 3708 477 3752 L.
500 3708 591 3754 ult.
615 3709 640 3764 s
675 3706 724 3754 2.
760 3709 810 3755 3.
845 3709 898 3754 C.
924 3707 976 3754 Ιι.
1000 3706 1178 3755 t.—ct.
1207 3707 1325 3754 Nov.
1349 3707 1397 3753 1.
1420 3717 1465 3752 c.
1489 3704 1538 3752 2.
1561 3710 1611 3752 et
1670 3702 1952 3751 heredibus
1971 3711 2278 3752 concessum
2314 3714 2360 3745 a.
2399 3697 2536 3754 Quod
2578 3707 2691 3742 vero
2713 3693 3029 3742 nibilominus

244 3769 381 3816 infra
403 3771 431 3823 S
452 3767 567 3817 697.
592 3775 696 3816 not.
726 3770 767 3819 l.
792 3772 817 3825 S
838 3768 951 3818 699.
976 3770 1151 3831 not28.
1673 3768 1730 3814 1..
1758 3764 1838 3813 19.
1863 3768 1914 3813 C.
1941 3766 1996 3815 Ιι.
2021 3768 2057 3812 t.
2084 3767 2314 3810 insertam
2337 3762 2609 3807 invenimus
2650 3759 2829 3804 Justin.
2869 3757 3030 3826 (ξω...

308 3832 392 3888 12)
428 3833 481 3878 1..
506 3834 597 3879 ult.
622 3831 842 3888 snt-11.
872 3833 925 3879 li.
943 3837 982 3880 t.
1672 3831 1917 3888 duplicem
1938 3828 2084 3876 habet
2104 3837 2299 3872 causam
2324 3858 2339 3882 ,
2371 3826 2574 3870 alteram
2617 3822 3029 3877 interpretationis

306 3887 394 3950 13)
424 3896 476 3940 t..
495 3895 582 3942 ult.
607 3895 660 3940 C.
685 3899 710 3953 ς
734 3895 811 3943 12.
834 3894 885 3941 12.
911 3897 947 3940 t.
1665 3905 1762 3951 qiio
1786 3892 1957 3937 facilus
1979 3890 2275 3945 intelligatur
2299 3889 2347 3933 t..
2374 3887 2464 3932 ult.
2494 3884 2610 3932 eod.
2656 3883 2837 3939 (quam
2861 3881 2921 3926 ad
2941 3891 3027 3951 ⁰¹⁹.

308 3956 389 4013 14)
425 3958 479 4003 1..
522 3960 613 4004 ult.
655 3959 707 4006 C.
752 3961 778 4014 3
819 3959 897 4003 13.
934 3958 991 4004 Ιι.
1033 3961 1072 4004 t.
1118 3973 1145 4000 a
1166 3982 1225 3991 —
1246 3983 1306 3991 —
1329 3980 1387 3990 —
1410 3955 1568 4001 Semel
1589 3986 1605 4010 ‚
1667 3954 1941 4015 plicandam
1969 3957 2142 4011 Legem
2161 3948 2241 3996 19.
2261 3961 2381 4008 opus
2399 3953 2473 3993 est
2494 3950 2531 4005 )‚
2551 3951 2757 3994 alterum
2780 3955 2892 3989 usus
2910 3976 2925 3999 ‚
2945 3954 3028 3999 qui

244 4023 294 4065 et
317 4031 419 4065 non
442 4023 635 4079 saepius
659 4055 675 4078 ‚
694 4033 800 4068 eam
823 4020 1256 4076 (deliberationem
1277 4024 1293 4079 )
1316 4019 1415 4080 peti
1434 4028 1607 4065 conce-
1669 4017 1939 4063 etiamnum
1964 4029 2020 4063 ex
2046 4017 2134 4062 hac
2159 4014 2262 4068 lege
2288 4016 2443 4069 potest
2464 4006 3025 4067 superesse.—Parvum-

245 4082 428 4127 dimus.
452 4101 477 4122 n
1332 4121 1335 4122 γ
1670 4091 1765 4138 que
1790 4078 1943 4123 refert
1960 4112 1975 4135 ,
2003 4079 2118 4124 Nov.
2151 4071 2259 4120 158.
2283 4075 2331 4118 in
2354 4074 2673 4129 glossatarum
2707 4080 2909 4115 numero
2929 4077 3030 4113 uon

310 4142 395 4200 15)
428 4145 483 4190 1..
506 4145 598 4191 ult.
618 4145 674 4191 C.
694 4148 720 4202 s
739 4144 818 4193 14.
842 4144 895 4192 li.
914 4149 951 4192 t.
1666 4153 1770 4188 esse
1800 4140 1818 4195 (
1840 4139 2033 4188 Bienor
2073 4135 2244 4186 Gesch.
2284 4137 2373 4181 der
2405 4134 2649 4180 Novelien.
2672 4143 2721 4189 p.
2744 4128 2857 4177 47⁴.
2880 4139 2894 4186 )
2916 4139 3029 4185 quia

308 4205 390 4262 16)
425 4208 552 4253 Sunt
573 4240 588 4264 ‚
622 4211 716 4265 qui
736 4210 916 4266 duplex
938 4221 1040 4255 esse
1059 4211 1272 4255 statuant
1304 4201 1607 4253 deliberandi
1668 4209 1799 4250 recte
1843 4203 2080 4260 interpres
2126 4200 2280 4244 utitur
2321 4209 2419 4243 non
2451 4201 2773 4265 glossatoriim
2813 4193 3029 4263 locorum

248 4275 469 4328 tempus,
496 4270 705 4316 alterum
728 4273 998 4328 legitimum
1022 4305 1037 4328 ,
1056 4272 1187 4329 quod
1208 4270 1325 4317 anni
1350 4267 1504 4325 spatio
1524 4266 1609 4310 de·
1672 4266 2056 4323 comparatione,
2087 4267 2160 4318 ut,
2181 4270 2422 4317 quaenam
2454 4261 2662 4305 aliorum
2687 4261 2751 4302 sit
2771 4259 3031 4312 sententia,

245 4332 443 4378 finitum
464 4333 523 4376 sit
546 4366 562 4388 ,
584 4334 791 4378 alterum
815 4334 953 4392 illud,
976 4334 1105 4392 quod
1129 4331 1356 4391 principis
1373 4327 1611 4385 judicisve
1674 4329 1826 4388 probe
1848 4328 2103 4384 intelligat.
2130 4323 2266 4368 —Cfi
2286 4320 2352 4369 de
2375 4323 2678 4381 Vanam-ow
2703 4320 2737 4365 Ι.
2760 4319 2793 4363 l.
2810 4329 2859 4374 p.
2885 4312 2964 4361 46.

246 4398 450 4441 decreto
471 4394 638 4441 heredi
680 4396 1003 4456 indulge-atum
1027 4408 1073 4442 v.
1095 4407 1140 4442 c.
1163 4390 1432 4451 Hoepfner
1466 4392 1612 4436 Com·
1738 4387 1818 4446 17)
1851 4390 1904 4433 1..
1927 4388 2012 4435 28.
2031 4389 2088 4434 D.
2111 4385 2162 4432 h.
2189 4387 2227 4430 t.
2248 4385 2430 4440 (xxtx,
2449 4383 2604 4442 2.).—
2619 4385 2672 4431 1..
2692 4378 2740 4428 5.
2761 4386 2812 4427 et
2831 4376 2880 4426 6.
2904 4379 2956 4425 D.
2975 4379 3026 4425 li.

246 4463 408 4503 ment.
428 4458 456 4512 5
474 4455 586 4504 5⁴8.
606 4462 657 4502 et
679 4459 907 4505 wilbant
922 4461 1055 4505 vers.
1081 4458 1143 4515 lt,
1165 4469 1239 4503 nr.
1256 4454 1471 4511 [iisque
1481 4453 1615 4497 t'avet
1679 4457 1719 4501 e.
1736 4450 1962 4507 (xxviii.
1983 4448 2213 4508 8.).-Ci.
2233 4448 2282 4492 l..
2306 4443 2355 4492 9.
2379 4447 2433 4491 D.
2457 4446 2577 4494 eod.

249 4520 369 4566 Nos.
406 4518 519 4569 158.
545 4521 727 4575 Quibus
747 4520 867 4567 haec
911 4522 982 4567 vel
1029 4521 1241 4567 maxime
1274 4516 1612 4563 adversantur.
1745 4511 1824 4568 18)
1863 4513 1914 4558 l..
1935 4510 1986 4560 7.
2008 4514 2062 4559 D.
2086 4512 2138 4558 Ιι.
2160 4515 2197 4557 t.
2222 4509 2446 4568 (xxviii,
2466 4508 2535 4566 8.)

252 4587 299 4639 a)
314 4583 454 4637 Quod
466 4586 728 4630 novissima
743 4584 846 4640 lege
855 4585 1095 4641 prioribus
1116 4581 1357 4637 derogari,
1370 4587 1493 4635 quae
1509 4586 1622 4621 cum

249 4654 279 4689 a
304 4647 579 4702 Gordiano,
600 4650 704 4692 tum
727 4657 842 4692 vero
862 4646 1050 4703 abipso
1070 4645 1346 4692 Justiniano
1383 4639 1528 4710 hujus
1551 4638 1621 4683 rei
2264 4650 2299 4722 ἲ
2331 4663 2442 4714 696·

248 4718 400 4754 causa
422 4710 755 4766 promulgatas
775 4713 941 4755 essent
961 4742 976 4760 ,
1015 4706 1305 4754 nominatim
1326 4714 1382 4749 ac
1402 4700 1607 4747 subinde

251 4771 459 4816 sancivit
502 4772 784 4828 imperator.
829 4772 880 4816 1..
923 4773 1011 4816 ult.
1055 4782 1126 4830 pr.
1167 4774 1217 4813 et
1256 4762 1395 4823 3115.
1419 4767 1473 4812 C.
1491 4763 1543 4809 h.
1569 4765 1605 4808 ι.
2795 4822 2804 4832 ·

253 4832 303 4887 ti)
326 4833 549 4889 specialis
566 4833 815 4891 dispositio
834 4834 970 4890 Legis
992 4835 1082 4880 ult.
1102 4835 1129 4889 s
1147 4831 1224 4877 11.
1248 4830 1301 4875 C.
1323 4828 1373 4874 li.
1395 4826 1435 4873 t.
1460 4837 1606 4872 verm:
1748 4828 1795 4881 1)
1828 4827 1905 4872 Cf.
1939 4836 2086 4884 supra
2103 4825 2131 4878 s
2151 4821 2246 4872 619
2267 4834 2396 4882 sqq..
2416 4833 2505 4870 nce
2524 4833 2619 4870 non
2641 4823 2695 4868 1..
2717 4823 2767 4868 3.
2793 4834 2843 4869 iii
2857 4822 2896 4868 1.
2915 4822 2966 4868 t..
2982 4819 3029 4868 ⁴.

260 4913 285 4934 ι
305 4894 408 4941 sed
443 4894 495 4942 sl
525 4895 626 4942 lioc
664 4898 899 4952 spatium
920 4894 1057 4952 (scil.
1096 4891 1368 4941 inventario
1400 4888 1612 4937 conscri-
1684 4894 1737 4938 1..
1759 4890 1810 4936 5.
1836 4891 1893 4936 D.
1913 4887 1983 4935 de
2005 4889 2065 4934 Β.
2090 4888 2152 4933 Ρ.
2175 4885 2424 4947 (xxxvii,
2448 4887 2518 4945 1.)
2540 4910 2592 4920 -
2613 4885 2665 4933 1..
2689 4881 2767 4932 1⁴.
2788 4896 2864 4945 pr.
2887 4884 2940 4931 l).
2965 4883 3032 4930 de

258 4956 419 5004 hendo
437 4958 803 5016 praestitutum)
821 4957 935 5014 ipso
964 4959 1095 5014 jure
1122 4967 1221 5013 pro
1239 4951 1615 5003 deliberatione
1682 4956 1745 5001 B.
1769 4955 1830 5002 P.
1854 4963 1902 4999 o.
1926 4955 1962 4998 ι.
1983 4947 2230 5011 (ῙΧΧΥΙΙ,
2255 4948 2322 5005 4.)
