<?xml version="1.0" encoding="UTF-8"?>
<!DOCTYPE html PUBLIC "-//W3C//DTD XHTML 1.0 Transitional//EN"
    "http://www.w3.org/TR/xhtml1/DTD/xhtml1-transitional.dtd">
<html xmlns="http://www.w3.org/1999/xhtml" xml:lang="en" lang="en">
 <head>
  <title>
</title>
<meta http-equiv="Content-Type" content="text/html;charset=utf-8" />
  <meta name='ocr-system' content='tesseract 3.04.00' />
  <meta name='ocr-capabilities' content='ocr_page ocr_carea ocr_par ocr_line ocrx_word'/>
</head>
<body>
  <div class='ocr_page' id='page_1' title='image "./doctrinapandect03mhgoog_0043.png"; bbox 0 0 3544 5506; ppageno 0'>
   <div class='ocr_carea' id='block_1_1' title="bbox 3015 276 3087 330">
    <p class='ocr_par' dir='ltr' id='par_1_1' title="bbox 3015 276 3087 330">
     <span class='ocr_line' id='line_1_1' title="bbox 3015 276 3087 330; baseline 0.028 -2"><span class='ocrx_word' id='word_1_1' title='bbox 3015 276 3087 330; x_wconf 83' lang='grc'><strong>19</strong></span> 
     </span>
    </p>
   </div>
   <div class='ocr_carea' id='block_1_2' title="bbox 239 390 3087 1646">
    <p class='ocr_par' dir='ltr' id='par_1_2' title="bbox 239 390 3087 1646">
     <span class='ocr_line' id='line_1_2' title="bbox 239 390 3080 471; baseline 0.002 -19"><span class='ocrx_word' id='word_1_2' title='bbox 239 392 590 467; x_wconf 83' lang='lat' dir='ltr'><strong>repetitam</strong></span> <span class='ocrx_word' id='word_1_3' title='bbox 648 394 1181 467; x_wconf 78' lang='lat' dir='ltr'><strong>praelectionem,</strong></span> <span class='ocrx_word' id='word_1_4' title='bbox 1235 390 1462 464; x_wconf 80' lang='lat' dir='ltr'><strong>singuli</strong></span> <span class='ocrx_word' id='word_1_5' title='bbox 1491 393 1793 467; x_wconf 72' lang='lat' dir='ltr'><strong>deinceps</strong></span> <span class='ocrx_word' id='word_1_6' title='bbox 1815 435 1830 465; x_wconf 95' lang='lat'>,</span> <span class='ocrx_word' id='word_1_7' title='bbox 1867 393 2278 466; x_wconf 78' lang='lat' dir='ltr'><strong>publicarunt</strong></span> <span class='ocrx_word' id='word_1_8' title='bbox 2316 393 2382 469; x_wconf 83' lang='lat'><strong>⁷).</strong></span> <span class='ocrx_word' id='word_1_9' title='bbox 2415 394 2602 470; x_wconf 74' lang='lat' dir='ltr'><strong>Cujus</strong></span> <span class='ocrx_word' id='word_1_10' title='bbox 2620 398 2878 471; x_wconf 86' lang='lat' dir='ltr'><strong>quidem</strong></span> <span class='ocrx_word' id='word_1_11' title='bbox 2931 414 3080 471; x_wconf 86' lang='lat' dir='ltr'><strong>ope-</strong></span> 
     </span>
     <span class='ocr_line' id='line_1_3' title="bbox 245 488 3077 568; baseline 0.001 -16"><span class='ocrx_word' id='word_1_12' title='bbox 245 494 328 552; x_wconf 85' lang='lat' dir='ltr'><strong>ris</strong></span> <span class='ocrx_word' id='word_1_13' title='bbox 346 492 646 551; x_wconf 81' lang='lat' dir='ltr'><strong>maxima</strong></span> <span class='ocrx_word' id='word_1_14' title='bbox 668 508 824 566; x_wconf 84' lang='lat' dir='ltr'><strong>pars</strong></span> <span class='ocrx_word' id='word_1_15' title='bbox 852 494 933 550; x_wconf 90' lang='lat' dir='ltr'><strong>ad</strong></span> <span class='ocrx_word' id='word_1_16' title='bbox 960 507 1078 550; x_wconf 84' lang='lat' dir='ltr'><strong>nos</strong></span> <span class='ocrx_word' id='word_1_17' title='bbox 1104 492 1396 564; x_wconf 83' lang='lat' dir='ltr'><strong>pervenit</strong></span> <span class='ocrx_word' id='word_1_18' title='bbox 1450 488 1496 565; x_wconf 79' lang='lat'><strong>⁸)</strong></span> <span class='ocrx_word' id='word_1_19' title='bbox 1520 535 1538 567; x_wconf 83' lang='lat'>,</span> <span class='ocrx_word' id='word_1_20' title='bbox 1583 493 2088 565; x_wconf 75' lang='lat' dir='ltr'><strong>incomparabile</strong></span> <span class='ocrx_word' id='word_1_21' title='bbox 2114 509 2267 552; x_wconf 89' lang='lat' dir='ltr'><strong>sane</strong></span> <span class='ocrx_word' id='word_1_22' title='bbox 2302 495 2435 568; x_wconf 72' lang='lat' dir='ltr'><strong>iuri</strong></span> <span class='ocrx_word' id='word_1_23' title='bbox 2480 496 2873 556; x_wconf 71' lang='lat' dir='ltr'><strong>iustinianeo</strong></span> <span class='ocrx_word' id='word_1_24' title='bbox 2916 505 3077 556; x_wconf 87' lang='lat' dir='ltr'><strong>tam-</strong></span> 
     </span>
     <span class='ocr_line' id='line_1_4' title="bbox 253 584 3085 670; baseline 0.001 -22"><span class='ocrx_word' id='word_1_25' title='bbox 253 604 446 665; x_wconf 84' lang='lat' dir='ltr'><strong>quam</strong></span> <span class='ocrx_word' id='word_1_26' title='bbox 468 590 647 649; x_wconf 78' lang='lat' dir='ltr'><strong>fonti</strong></span> <span class='ocrx_word' id='word_1_27' title='bbox 696 604 822 648; x_wconf 89' lang='lat' dir='ltr'><strong>suo</strong></span> <span class='ocrx_word' id='word_1_28' title='bbox 844 588 1224 661; x_wconf 86' lang='lat' dir='ltr'><strong>explicando</strong></span> <span class='ocrx_word' id='word_1_29' title='bbox 1255 587 1699 661; x_wconf 88' lang='lat' dir='ltr'><strong>adjumentum</strong></span> <span class='ocrx_word' id='word_1_30' title='bbox 1757 584 1803 660; x_wconf 75' lang='grc'><strong>9)</strong></span> <span class='ocrx_word' id='word_1_31' title='bbox 1821 629 1836 657; x_wconf 86' lang='grc'><em>,</em></span> <span class='ocrx_word' id='word_1_32' title='bbox 1873 589 2405 662; x_wconf 87' lang='lat' dir='ltr'><strong>quandoquidem</strong></span> <span class='ocrx_word' id='word_1_33' title='bbox 2432 606 2508 648; x_wconf 82' lang='lat' dir='ltr'><strong>cx</strong></span> <span class='ocrx_word' id='word_1_34' title='bbox 2534 592 2708 649; x_wconf 88' lang='lat' dir='ltr'><strong>omni</strong></span> <span class='ocrx_word' id='word_1_35' title='bbox 2748 592 2877 651; x_wconf 84' lang='lat' dir='ltr'><strong>sere</strong></span> <span class='ocrx_word' id='word_1_36' title='bbox 2900 594 3085 670; x_wconf 85' lang='lat' dir='ltr'><strong>hujus</strong></span> 
     </span>
     <span class='ocr_line' id='line_1_5' title="bbox 246 687 3085 766; baseline 0.002 -19"><span class='ocrx_word' id='word_1_37' title='bbox 246 690 402 765; x_wconf 82' lang='lat' dir='ltr'><strong>juris</strong></span> <span class='ocrx_word' id='word_1_38' title='bbox 437 689 812 758; x_wconf 77' lang='lat' dir='ltr'><strong>volumine,</strong></span> <span class='ocrx_word' id='word_1_39' title='bbox 844 689 972 747; x_wconf 84' lang='lat' dir='ltr'><strong>sive</strong></span> <span class='ocrx_word' id='word_1_40' title='bbox 991 687 1200 761; x_wconf 85' lang='lat' dir='ltr'><strong>potius</strong></span> <span class='ocrx_word' id='word_1_41' title='bbox 1225 687 1624 748; x_wconf 77' lang='lat' dir='ltr'><strong>versionibus</strong></span> <span class='ocrx_word' id='word_1_42' title='bbox 1651 688 1789 762; x_wconf 85' lang='lat' dir='ltr'><strong>ejus</strong></span> <span class='ocrx_word' id='word_1_43' title='bbox 1816 688 2065 759; x_wconf 83' lang='lat' dir='ltr'><strong>graecis</strong></span> <span class='ocrx_word' id='word_1_44' title='bbox 2103 690 2376 749; x_wconf 87' lang='lat' dir='ltr'><strong>maxime</strong></span> <span class='ocrx_word' id='word_1_45' title='bbox 2404 690 2701 749; x_wconf 88' lang='lat' dir='ltr'><strong>haustum</strong></span> <span class='ocrx_word' id='word_1_46' title='bbox 2726 698 2820 750; x_wconf 89' lang='lat' dir='ltr'><strong>est</strong></span> <span class='ocrx_word' id='word_1_47' title='bbox 2852 688 2947 766; x_wconf 80' lang='lat'><strong>¹⁰).</strong></span> <span class='ocrx_word' id='word_1_48' title='bbox 2995 695 3085 752; x_wconf 79' lang='lat' dir='ltr'><strong>Ad</strong></span> 
     </span>
     <span class='ocr_line' id='line_1_6' title="bbox 254 784 3081 860; baseline 0.001 -16"><span class='ocrx_word' id='word_1_49' title='bbox 254 786 659 845; x_wconf 82' lang='lat' dir='ltr'><strong>Basilicorum</strong></span> <span class='ocrx_word' id='word_1_50' title='bbox 683 786 887 844; x_wconf 85' lang='lat' dir='ltr'><strong>libros</strong></span> <span class='ocrx_word' id='word_1_51' title='bbox 904 785 1140 858; x_wconf 87' lang='lat' dir='ltr'><strong>scripta</strong></span> <span class='ocrx_word' id='word_1_52' title='bbox 1163 785 1565 858; x_wconf 87' lang='lat' dir='ltr'><strong>collectaque</strong></span> <span class='ocrx_word' id='word_1_53' title='bbox 1582 790 1735 843; x_wconf 83' lang='lat' dir='ltr'><strong>sunt</strong></span> <span class='ocrx_word' id='word_1_54' title='bbox 1752 791 1894 842; x_wconf 83' lang='lat' dir='ltr'><strong>tum</strong></span> <span class='ocrx_word' id='word_1_55' title='bbox 1914 784 2181 854; x_wconf 87' lang='lat' dir='ltr'><strong>scholia,</strong></span> <span class='ocrx_word' id='word_1_56' title='bbox 2210 801 2488 858; x_wconf 82' lang='lat' dir='ltr'><strong>quorum</strong></span> <span class='ocrx_word' id='word_1_57' title='bbox 2508 802 2737 859; x_wconf 83' lang='lat' dir='ltr'><strong>magna</strong></span> <span class='ocrx_word' id='word_1_58' title='bbox 2758 804 2906 860; x_wconf 87' lang='lat' dir='ltr'><strong>pars</strong></span> <span class='ocrx_word' id='word_1_59' title='bbox 2929 790 3081 848; x_wconf 86' lang='lat' dir='ltr'><strong>item</strong></span> 
     </span>
     <span class='ocr_line' id='line_1_7' title="bbox 259 883 3081 961; baseline 0.001 -16"><span class='ocrx_word' id='word_1_60' title='bbox 259 900 333 945; x_wconf 83' lang='lat' dir='ltr'><strong>ex</strong></span> <span class='ocrx_word' id='word_1_61' title='bbox 352 886 908 945; x_wconf 71' lang='lat' dir='ltr'><strong>iustinianeorum</strong></span> <span class='ocrx_word' id='word_1_62' title='bbox 938 889 1229 944; x_wconf 81' lang='lat' dir='ltr'><strong>JCtorum</strong></span> <span class='ocrx_word' id='word_1_63' title='bbox 1252 886 1507 958; x_wconf 85' lang='lat' dir='ltr'><strong>scriptis</strong></span> <span class='ocrx_word' id='word_1_64' title='bbox 1530 892 1628 944; x_wconf 89' lang='lat' dir='ltr'><strong>est</strong></span> <span class='ocrx_word' id='word_1_65' title='bbox 1648 886 1943 944; x_wconf 85' lang='lat' dir='ltr'><strong>desumta</strong></span> <span class='ocrx_word' id='word_1_66' title='bbox 1995 883 2087 957; x_wconf 87' lang='lat'>¹¹),</span> <span class='ocrx_word' id='word_1_67' title='bbox 2114 892 2252 945; x_wconf 87' lang='lat' dir='ltr'><strong>tum</strong></span> <span class='ocrx_word' id='word_1_68' title='bbox 2279 888 2470 946; x_wconf 88' lang='lat' dir='ltr'><strong>etiam</strong></span> <span class='ocrx_word' id='word_1_69' title='bbox 2489 889 2732 960; x_wconf 80' lang='lat' dir='ltr'><strong>glossae</strong></span> <span class='ocrx_word' id='word_1_70' title='bbox 2748 889 3001 948; x_wconf 86' lang='lat' dir='ltr'><strong>nomica</strong></span> <span class='ocrx_word' id='word_1_71' title='bbox 3016 905 3050 947; x_wconf 87' lang='lat' dir='ltr'><strong>c</strong></span> <span class='ocrx_word' id='word_1_72' title='bbox 3066 935 3081 961; x_wconf 92' lang='lat'>‚</span> 
     </span>
     <span class='ocr_line' id='line_1_8' title="bbox 260 981 3087 1057; baseline 0.001 -17"><span class='ocrx_word' id='word_1_73' title='bbox 260 983 387 1040; x_wconf 83' lang='lat' dir='ltr'><strong>sive</strong></span> <span class='ocrx_word' id='word_1_74' title='bbox 406 982 740 1042; x_wconf 81' lang='lat' dir='ltr'><strong>breviores</strong></span> <span class='ocrx_word' id='word_1_75' title='bbox 756 983 1132 1053; x_wconf 84' lang='lat' dir='ltr'><strong>verborum,</strong></span> <span class='ocrx_word' id='word_1_76' title='bbox 1158 996 1331 1054; x_wconf 88' lang='lat' dir='ltr'><strong>quae</strong></span> <span class='ocrx_word' id='word_1_77' title='bbox 1361 982 1426 1038; x_wconf 90' lang='lat' dir='ltr'><strong>in</strong></span> <span class='ocrx_word' id='word_1_78' title='bbox 1460 982 1733 1040; x_wconf 83' lang='lat' dir='ltr'><strong>Basilicis</strong></span> <span class='ocrx_word' id='word_1_79' title='bbox 1759 981 1944 1039; x_wconf 83' lang='lat' dir='ltr'><strong>obvia</strong></span> <span class='ocrx_word' id='word_1_80' title='bbox 1975 987 2146 1053; x_wconf 85' lang='lat' dir='ltr'><strong>sunt,</strong></span> <span class='ocrx_word' id='word_1_81' title='bbox 2175 982 2735 1055; x_wconf 73' lang='lat' dir='ltr'><strong>interpretationes</strong></span> <span class='ocrx_word' id='word_1_82' title='bbox 2784 982 2874 1057; x_wconf 77' lang='grc'><strong>12).</strong></span> <span class='ocrx_word' id='word_1_83' title='bbox 2904 988 3087 1043; x_wconf 86' lang='lat' dir='ltr'><strong>Prae-</strong></span> 
     </span>
     <span class='ocr_line' id='line_1_9' title="bbox 261 1080 3082 1158; baseline -0 -18"><span class='ocrx_word' id='word_1_84' title='bbox 261 1087 430 1142; x_wconf 85' lang='lat' dir='ltr'><strong>terea</strong></span> <span class='ocrx_word' id='word_1_85' title='bbox 463 1098 756 1141; x_wconf 83' lang='lat' dir='ltr'><strong>summas</strong></span> <span class='ocrx_word' id='word_1_86' title='bbox 773 1098 1033 1156; x_wconf 89' lang='lat' dir='ltr'><strong>quoque</strong></span> <span class='ocrx_word' id='word_1_87' title='bbox 1052 1082 1428 1141; x_wconf 86' lang='lat' dir='ltr'><strong>s.breviaria</strong></span> <span class='ocrx_word' id='word_1_88' title='bbox 1438 1081 1599 1155; x_wconf 87' lang='lat' dir='ltr'><strong>juris</strong></span> <span class='ocrx_word' id='word_1_89' title='bbox 1616 1080 1964 1155; x_wconf 81' lang='lat' dir='ltr'><strong>Byzantini,</strong></span> <span class='ocrx_word' id='word_1_90' title='bbox 1990 1088 2056 1139; x_wconf 87' lang='lat' dir='ltr'><strong>et</strong></span> <span class='ocrx_word' id='word_1_91' title='bbox 2076 1081 2332 1139; x_wconf 84' lang='lat' dir='ltr'><strong>Basilius</strong></span> <span class='ocrx_word' id='word_1_92' title='bbox 2364 1082 2648 1155; x_wconf 67' lang='grc' dir='ltr'><strong>(πρόχειρεν</strong></span> <span class='ocrx_word' id='word_1_93' title='bbox 2675 1088 2774 1138; x_wconf 69' lang='grc' dir='ltr'><strong>τῶν</strong></span> <span class='ocrx_word' id='word_1_94' title='bbox 2815 1082 2994 1158; x_wconf 64' lang='grc' dir='ltr'><strong>κίμων)</strong></span> <span class='ocrx_word' id='word_1_95' title='bbox 3016 1081 3082 1153; x_wconf 77' lang='lat'><strong>¹³)</strong></span> 
     </span>
     <span class='ocr_line' id='line_1_10' title="bbox 261 1179 3084 1257; baseline 0 -17"><span class='ocrx_word' id='word_1_96' title='bbox 261 1188 326 1240; x_wconf 85' lang='lat' dir='ltr'><strong>et</strong></span> <span class='ocrx_word' id='word_1_97' title='bbox 346 1186 465 1242; x_wconf 85' lang='lat' dir='ltr'><strong>Leo</strong></span> <span class='ocrx_word' id='word_1_98' title='bbox 515 1181 768 1257; x_wconf 62' lang='grc' dir='ltr'><strong>(ἐκληὴ)</strong></span> <span class='ocrx_word' id='word_1_99' title='bbox 810 1179 879 1256; x_wconf 80' lang='lat'><strong>¹⁴)</strong></span> <span class='ocrx_word' id='word_1_100' title='bbox 907 1181 1340 1254; x_wconf 79' lang='lat' dir='ltr'><strong>perfecerunt.</strong></span> <span class='ocrx_word' id='word_1_101' title='bbox 1400 1185 1614 1254; x_wconf 85' lang='lat' dir='ltr'><strong>Neque</strong></span> <span class='ocrx_word' id='word_1_102' title='bbox 1671 1182 1777 1239; x_wconf 86' lang='lat' dir='ltr'><strong>alii</strong></span> <span class='ocrx_word' id='word_1_103' title='bbox 1824 1181 2115 1250; x_wconf 71' lang='lat' dir='ltr'><strong>defuere,</strong></span> <span class='ocrx_word' id='word_1_104' title='bbox 2168 1182 2274 1254; x_wconf 91' lang='lat' dir='ltr'><strong>qui</strong></span> <span class='ocrx_word' id='word_1_105' title='bbox 2323 1181 2785 1240; x_wconf 74' lang='lat' dir='ltr'><strong>concinnandis</strong></span> <span class='ocrx_word' id='word_1_106' title='bbox 2830 1197 2904 1239; x_wconf 88' lang='lat' dir='ltr'><strong>cx</strong></span> <span class='ocrx_word' id='word_1_107' title='bbox 2935 1183 3084 1256; x_wconf 84' lang='lat' dir='ltr'><strong>jure</strong></span> 
     </span>
     <span class='ocr_line' id='line_1_11' title="bbox 259 1271 3072 1352; baseline 0 -16"><span class='ocrx_word' id='word_1_108' title='bbox 259 1279 601 1349; x_wconf 73' lang='lat' dir='ltr'><strong>Byzantina</strong></span> <span class='ocrx_word' id='word_1_109' title='bbox 641 1277 946 1351; x_wconf 75' lang='lat' dir='ltr'><strong>epitomis</strong></span> <span class='ocrx_word' id='word_1_110' title='bbox 985 1292 1254 1350; x_wconf 85' lang='lat' dir='ltr'><strong>operam</strong></span> <span class='ocrx_word' id='word_1_111' title='bbox 1284 1279 1518 1336; x_wconf 84' lang='lat' dir='ltr'><strong>darent</strong></span> <span class='ocrx_word' id='word_1_112' title='bbox 1542 1271 1638 1352; x_wconf 78' lang='lat'><strong>¹⁵),</strong></span> <span class='ocrx_word' id='word_1_113' title='bbox 1687 1278 1753 1335; x_wconf 90' lang='lat' dir='ltr'><strong>in</strong></span> <span class='ocrx_word' id='word_1_114' title='bbox 1783 1277 2017 1351; x_wconf 86' lang='lat' dir='ltr'><strong>quibus</strong></span> <span class='ocrx_word' id='word_1_115' title='bbox 2046 1278 2464 1350; x_wconf 89' lang='lat' dir='ltr'><strong>praecipuum</strong></span> <span class='ocrx_word' id='word_1_116' title='bbox 2496 1279 2819 1350; x_wconf 84' lang='lat' dir='ltr'><strong>quendam</strong></span> <span class='ocrx_word' id='word_1_117' title='bbox 2861 1279 3072 1337; x_wconf 89' lang='lat' dir='ltr'><strong>locum</strong></span> 
     </span>
     <span class='ocr_line' id='line_1_12' title="bbox 258 1376 3085 1450; baseline -0.001 -14"><span class='ocrx_word' id='word_1_118' title='bbox 258 1378 548 1437; x_wconf 82' lang='lat' dir='ltr'><strong>obtinent</strong></span> <span class='ocrx_word' id='word_1_119' title='bbox 576 1376 885 1450; x_wconf 79' lang='lat' dir='ltr'><strong>synopsis</strong></span> <span class='ocrx_word' id='word_1_120' title='bbox 916 1377 1323 1438; x_wconf 83' lang='lat' dir='ltr'><strong>Rasilicorum</strong></span> <span class='ocrx_word' id='word_1_121' title='bbox 1349 1378 1479 1436; x_wconf 81' lang='lat' dir='ltr'><strong>sive</strong></span> <span class='ocrx_word' id='word_1_122' title='bbox 1542 1380 1725 1448; x_wconf 62' lang='grc' dir='ltr'><strong>ἔκλα»)</strong></span> <span class='ocrx_word' id='word_1_123' title='bbox 1766 1383 2049 1433; x_wconf 60' lang='grc' dir='ltr'><strong><em>Βασιλικῶν</em></strong></span> <span class='ocrx_word' id='word_1_124' title='bbox 2113 1378 2201 1450; x_wconf 79' lang='lat'><strong>¹⁶),</strong></span> <span class='ocrx_word' id='word_1_125' title='bbox 2227 1383 2366 1436; x_wconf 88' lang='lat' dir='ltr'><strong>tum</strong></span> <span class='ocrx_word' id='word_1_126' title='bbox 2391 1392 2544 1436; x_wconf 80' lang='lat' dir='ltr'><strong>vero</strong></span> <span class='ocrx_word' id='word_1_127' title='bbox 2596 1382 2650 1433; x_wconf 76' lang='grc' dir='ltr'><strong>τὸ</strong></span> <span class='ocrx_word' id='word_1_128' title='bbox 2680 1379 2939 1449; x_wconf 69' lang='grc' dir='ltr'><strong><em>πρόχειρον</em></strong></span> <span class='ocrx_word' id='word_1_129' title='bbox 2988 1384 3085 1435; x_wconf 68' lang='grc' dir='ltr'><strong>τῶν</strong></span> 
     </span>
     <span class='ocr_line' id='line_1_13' title="bbox 258 1472 3080 1547; baseline 0.001 -17"><span class='ocrx_word' id='word_1_130' title='bbox 258 1475 425 1541; x_wconf 65' lang='grc' dir='ltr'><strong><em>νέμων</em></strong></span> <span class='ocrx_word' id='word_1_131' title='bbox 475 1490 526 1534; x_wconf 87' lang='lat' dir='ltr'><strong>s.</strong></span> <span class='ocrx_word' id='word_1_132' title='bbox 578 1475 892 1533; x_wconf 84' lang='lat' dir='ltr'><strong>manuale</strong></span> <span class='ocrx_word' id='word_1_133' title='bbox 908 1472 1070 1546; x_wconf 87' lang='lat' dir='ltr'><strong>juris</strong></span> <span class='ocrx_word' id='word_1_134' title='bbox 1091 1488 1127 1530; x_wconf 87' lang='lat' dir='ltr'><strong>a</strong></span> <span class='ocrx_word' id='word_1_135' title='bbox 1150 1472 1564 1531; x_wconf 88' lang='lat' dir='ltr'><strong>Constantino</strong></span> <span class='ocrx_word' id='word_1_136' title='bbox 1591 1473 2070 1546; x_wconf 87' lang='lat' dir='ltr'><strong>Harmenopulo</strong></span> <span class='ocrx_word' id='word_1_137' title='bbox 2097 1473 2178 1531; x_wconf 86' lang='lat' dir='ltr'><strong>ad</strong></span> <span class='ocrx_word' id='word_1_138' title='bbox 2202 1472 2626 1545; x_wconf 85' lang='lat' dir='ltr'><strong>supplendum</strong></span> <span class='ocrx_word' id='word_1_139' title='bbox 2654 1473 2853 1531; x_wconf 81' lang='lat' dir='ltr'><strong>Basilii</strong></span> <span class='ocrx_word' id='word_1_140' title='bbox 2882 1473 3080 1547; x_wconf 88' lang='lat' dir='ltr'><strong>impe-</strong></span> 
     </span>
     <span class='ocr_line' id='line_1_14' title="bbox 256 1568 2561 1646; baseline -0.001 -17"><span class='ocrx_word' id='word_1_141' title='bbox 256 1572 486 1631; x_wconf 79' lang='lat' dir='ltr'><strong>ratoris</strong></span> <span class='ocrx_word' id='word_1_142' title='bbox 510 1573 801 1646; x_wconf 59' lang='grc' dir='ltr'><strong>πρόχειρα),</strong></span> <span class='ocrx_word' id='word_1_143' title='bbox 835 1570 1052 1628; x_wconf 89' lang='lat' dir='ltr'><strong>seculo</strong></span> <span class='ocrx_word' id='word_1_144' title='bbox 1072 1569 1328 1627; x_wconf 89' lang='lat' dir='ltr'><strong>demum</strong></span> <span class='ocrx_word' id='word_1_145' title='bbox 1352 1582 1544 1628; x_wconf 88' lang='lat' dir='ltr'><strong>aerae</strong></span> <span class='ocrx_word' id='word_1_146' title='bbox 1566 1575 1830 1628; x_wconf 86' lang='lat' dir='ltr'><strong>nostrae</strong></span> <span class='ocrx_word' id='word_1_147' title='bbox 1858 1571 1987 1628; x_wconf 77' lang='lat' dir='ltr'><strong>xlv</strong></span> <span class='ocrx_word' id='word_1_148' title='bbox 2020 1569 2441 1643; x_wconf 86' lang='lat' dir='ltr'><strong>compositum</strong></span> <span class='ocrx_word' id='word_1_149' title='bbox 2471 1568 2512 1605; x_wconf 88' lang='lat'><strong>¹⁷</strong></span> <span class='ocrx_word' id='word_1_150' title='bbox 2519 1572 2561 1643; x_wconf 86' lang='lat'><strong>).</strong></span> 
     </span>
    </p>
   </div>
   <div class='ocr_carea' id='block_1_3' title="bbox 1462 281 1848 325">
    <p class='ocr_par' dir='ltr' id='par_1_3' title="bbox 1462 281 1848 325">
     <span class='ocr_line' id='line_1_15' title="bbox 1462 281 1848 325; baseline -0.01 0"><span class='ocrx_word' id='word_1_151' title='bbox 1462 281 1848 325; x_wconf 67' lang='lat' dir='ltr'><strong>Paconium}-</strong></span> 
     </span>
    </p>
   </div>
   <div class='ocr_carea' id='block_1_4' title="bbox 459 1696 2875 1871">
    <p class='ocr_par' dir='ltr' id='par_1_4' title="bbox 459 1696 2875 1871">
     <span class='ocr_line' id='line_1_16' title="bbox 459 1696 2875 1773; baseline 0.001 -21"><span class='ocrx_word' id='word_1_152' title='bbox 459 1696 489 1767; x_wconf 84' lang='lat'><em>§</em></span> <span class='ocrx_word' id='word_1_153' title='bbox 528 1698 628 1754; x_wconf 74' lang='grc'><strong>14.</strong></span> <span class='ocrx_word' id='word_1_154' title='bbox 657 1699 850 1755; x_wconf 74' lang='lat' dir='ltr'><strong>Iuris</strong></span> <span class='ocrx_word' id='word_1_155' title='bbox 887 1698 1269 1756; x_wconf 69' lang='lat' dir='ltr'><strong>luscinianei</strong></span> <span class='ocrx_word' id='word_1_156' title='bbox 1283 1698 1351 1755; x_wconf 78' lang='lat' dir='ltr'><strong>in</strong></span> <span class='ocrx_word' id='word_1_157' title='bbox 1380 1699 1569 1756; x_wconf 77' lang='lat' dir='ltr'><strong>Italia</strong></span> <span class='ocrx_word' id='word_1_158' title='bbox 1590 1713 1749 1756; x_wconf 78' lang='lat' dir='ltr'><strong>usus</strong></span> <span class='ocrx_word' id='word_1_159' title='bbox 1771 1700 1853 1757; x_wconf 85' lang='lat' dir='ltr'><strong>ab</strong></span> <span class='ocrx_word' id='word_1_160' title='bbox 1877 1703 2013 1762; x_wconf 72' lang='lat' dir='ltr'><strong>eius</strong></span> <span class='ocrx_word' id='word_1_161' title='bbox 2037 1699 2281 1773; x_wconf 69' lang='lat' dir='ltr'><strong>oriqine</strong></span> <span class='ocrx_word' id='word_1_162' title='bbox 2322 1701 2412 1758; x_wconf 80' lang='lat' dir='ltr'><strong>ad</strong></span> <span class='ocrx_word' id='word_1_163' title='bbox 2450 1703 2875 1757; x_wconf 77' lang='lat' dir='ltr'><strong>restauratam</strong></span> 
     </span>
     <span class='ocr_line' id='line_1_17' title="bbox 1089 1789 2331 1871; baseline 0.005 -23"><span class='ocrx_word' id='word_1_164' title='bbox 1089 1807 1132 1847; x_wconf 86' lang='grc' dir='ltr'><em>α</em></span> <span class='ocrx_word' id='word_1_165' title='bbox 1146 1793 1602 1866; x_wconf 64' lang='lat' dir='ltr'><strong>‚qlossatoribus</strong></span> <span class='ocrx_word' id='word_1_166' title='bbox 1615 1795 2194 1868; x_wconf 70' lang='lat' dir='ltr'><strong>jurispr-ademtam</strong></span> <span class='ocrx_word' id='word_1_167' title='bbox 2225 1789 2331 1871; x_wconf 85' lang='lat'><strong>(*).</strong></span> 
     </span>
    </p>
   </div>
   <div class='ocr_carea' id='block_1_5' title="bbox 337 1916 3063 1999">
    <p class='ocr_par' dir='ltr' id='par_1_5' title="bbox 337 1916 3063 1999">
     <span class='ocr_line' id='line_1_18' title="bbox 337 1916 3063 1999; baseline -0.002 -21"><span class='ocrx_word' id='word_1_168' title='bbox 337 1918 621 1992; x_wconf 75' lang='lat' dir='ltr'><strong>Expulsis</strong></span> <span class='ocrx_word' id='word_1_169' title='bbox 654 1934 733 1977; x_wconf 86' lang='lat' dir='ltr'><strong>ex</strong></span> <span class='ocrx_word' id='word_1_170' title='bbox 755 1919 939 1977; x_wconf 87' lang='lat' dir='ltr'><strong>Italia</strong></span> <span class='ocrx_word' id='word_1_171' title='bbox 964 1920 1275 1999; x_wconf 86' lang='lat' dir='ltr'><strong>barbaris,</strong></span> <span class='ocrx_word' id='word_1_172' title='bbox 1309 1920 1375 1977; x_wconf 91' lang='lat' dir='ltr'><strong>in</strong></span> <span class='ocrx_word' id='word_1_173' title='bbox 1406 1921 1785 1980; x_wconf 88' lang='lat' dir='ltr'><strong>occidentali</strong></span> <span class='ocrx_word' id='word_1_174' title='bbox 1810 1938 2069 1997; x_wconf 89' lang='lat' dir='ltr'><strong>quoque</strong></span> <span class='ocrx_word' id='word_1_175' title='bbox 2094 1924 2338 1997; x_wconf 86' lang='lat' dir='ltr'><strong>imperii</strong></span> <span class='ocrx_word' id='word_1_176' title='bbox 2360 1931 2543 1998; x_wconf 83' lang='lat' dir='ltr'><strong>parte</strong></span> <span class='ocrx_word' id='word_1_177' title='bbox 2567 1920 2729 1997; x_wconf 74' lang='lat' dir='ltr'><strong>juris</strong></span> <span class='ocrx_word' id='word_1_178' title='bbox 2790 1916 3063 1976; x_wconf 86' lang='lat' dir='ltr'><strong>ustlanei</strong></span> 
     </span>
    </p>
   </div>
   <div class='ocr_carea' id='block_1_6' title="bbox 260 2046 1647 3051">
    <p class='ocr_par' dir='ltr' id='par_1_6' title="bbox 261 2046 1647 2670">
     <span class='ocr_line' id='line_1_19' title="bbox 326 2046 1632 2108; baseline 0.002 -12"><span class='ocrx_word' id='word_1_179' title='bbox 326 2048 377 2107; x_wconf 79' lang='grc' dir='ltr'><strong>Τ)</strong></span> <span class='ocrx_word' id='word_1_180' title='bbox 413 2047 653 2096; x_wconf 74' lang='lat' dir='ltr'><strong>Bienerl.</strong></span> <span class='ocrx_word' id='word_1_181' title='bbox 677 2048 715 2094; x_wconf 89' lang='grc'><strong>1.</strong></span> <span class='ocrx_word' id='word_1_182' title='bbox 736 2060 785 2107; x_wconf 87' lang='lat' dir='ltr'><strong>p.</strong></span> <span class='ocrx_word' id='word_1_183' title='bbox 811 2046 905 2095; x_wconf 72' lang='lat'><strong>127</strong></span> <span class='ocrx_word' id='word_1_184' title='bbox 923 2073 983 2083; x_wconf 90' lang='lat'>—</span> <span class='ocrx_word' id='word_1_185' title='bbox 1000 2047 1095 2095; x_wconf 79' lang='lat'><strong>150</strong></span> <span class='ocrx_word' id='word_1_186' title='bbox 1113 2084 1129 2103; x_wconf 82' lang='lat'><em>,</em></span> <span class='ocrx_word' id='word_1_187' title='bbox 1154 2060 1302 2107; x_wconf 86' lang='lat' dir='ltr'><strong>quem</strong></span> <span class='ocrx_word' id='word_1_188' title='bbox 1325 2051 1632 2108; x_wconf 85' lang='lat' dir='ltr'><strong>potissimum</strong></span> 
     </span>
     <span class='ocr_line' id='line_1_20' title="bbox 269 2111 1634 2161; baseline 0.002 -3"><span class='ocrx_word' id='word_1_189' title='bbox 269 2118 450 2159; x_wconf 75' lang='lat' dir='ltr'><strong>secutus</strong></span> <span class='ocrx_word' id='word_1_190' title='bbox 468 2123 597 2157; x_wconf 79' lang='lat' dir='ltr'><strong>sum.</strong></span> <span class='ocrx_word' id='word_1_191' title='bbox 617 2111 884 2157; x_wconf 58' lang='lat' dir='ltr'><strong>—Cacteia</strong></span> <span class='ocrx_word' id='word_1_192' title='bbox 906 2111 1004 2158; x_wconf 85' lang='lat' dir='ltr'><strong>vid.</strong></span> <span class='ocrx_word' id='word_1_193' title='bbox 1024 2116 1073 2157; x_wconf 88' lang='lat' dir='ltr'><strong>et</strong></span> <span class='ocrx_word' id='word_1_194' title='bbox 1093 2112 1210 2159; x_wconf 80' lang='lat' dir='ltr'><strong>Jos.</strong></span> <span class='ocrx_word' id='word_1_195' title='bbox 1232 2113 1370 2160; x_wconf 80' lang='lat' dir='ltr'><strong>Mar.</strong></span> <span class='ocrx_word' id='word_1_196' title='bbox 1389 2115 1634 2161; x_wconf 78' lang='lat' dir='ltr'><strong>Suaresii</strong></span> 
     </span>
     <span class='ocr_line' id='line_1_21' title="bbox 268 2174 1636 2231; baseline 0.002 -10"><span class='ocrx_word' id='word_1_197' title='bbox 268 2177 431 2221; x_wconf 78' lang='lat' dir='ltr'><strong>notitia</strong></span> <span class='ocrx_word' id='word_1_198' title='bbox 461 2174 784 2221; x_wconf 69' lang='lat' dir='ltr'><strong>Rasilicorum</strong></span> <span class='ocrx_word' id='word_1_199' title='bbox 809 2208 824 2231; x_wconf 83' lang='lat'>,</span> <span class='ocrx_word' id='word_1_200' title='bbox 848 2174 1112 2230; x_wconf 76' lang='lat' dir='ltr'><strong>praemissa</strong></span> <span class='ocrx_word' id='word_1_201' title='bbox 1132 2174 1256 2219; x_wconf 89' lang='lat' dir='ltr'><strong>edit.</strong></span> <span class='ocrx_word' id='word_1_202' title='bbox 1312 2176 1636 2224; x_wconf 85' lang='lat' dir='ltr'><strong>Basilicorum</strong></span> 
     </span>
     <span class='ocr_line' id='line_1_22' title="bbox 268 2236 1637 2297; baseline 0.001 -15"><span class='ocrx_word' id='word_1_203' title='bbox 268 2238 577 2285; x_wconf 64' lang='lat' dir='ltr'><strong>fabrotianae</strong></span> <span class='ocrx_word' id='word_1_204' title='bbox 599 2269 619 2297; x_wconf 86' lang='lat'><strong>‚</strong></span> <span class='ocrx_word' id='word_1_205' title='bbox 656 2241 712 2282; x_wconf 85' lang='lat' dir='ltr'><strong>et</strong></span> <span class='ocrx_word' id='word_1_206' title='bbox 739 2237 935 2293; x_wconf 83' lang='lat' dir='ltr'><strong>saepius</strong></span> <span class='ocrx_word' id='word_1_207' title='bbox 957 2268 971 2295; x_wconf 92' lang='lat'>‚</span> <span class='ocrx_word' id='word_1_208' title='bbox 994 2236 1171 2282; x_wconf 84' lang='lat' dir='ltr'><strong>noviss.</strong></span> <span class='ocrx_word' id='word_1_209' title='bbox 1195 2247 1309 2283; x_wconf 88' lang='lat' dir='ltr'><strong>cum</strong></span> <span class='ocrx_word' id='word_1_210' title='bbox 1336 2237 1637 2287; x_wconf 82' lang='lat' dir='ltr'><strong>observatio-</strong></span> 
     </span>
     <span class='ocr_line' id='line_1_23' title="bbox 268 2295 1634 2356; baseline 0.001 -11"><span class='ocrx_word' id='word_1_211' title='bbox 268 2300 404 2346; x_wconf 78' lang='lat' dir='ltr'><strong>nibus</strong></span> <span class='ocrx_word' id='word_1_212' title='bbox 443 2300 562 2347; x_wconf 71' lang='lat' dir='ltr'><strong>Chr.</strong></span> <span class='ocrx_word' id='word_1_213' title='bbox 589 2302 682 2346; x_wconf 77' lang='lat' dir='ltr'><strong>Fr.</strong></span> <span class='ocrx_word' id='word_1_214' title='bbox 714 2297 907 2345; x_wconf 67' lang='lat' dir='ltr'><strong>Pontii.</strong></span> <span class='ocrx_word' id='word_1_215' title='bbox 932 2298 1057 2356; x_wconf 76' lang='lat' dir='ltr'><strong>Lips.</strong></span> <span class='ocrx_word' id='word_1_216' title='bbox 1095 2295 1236 2345; x_wconf 72' lang='grc'>1804.</span> <span class='ocrx_word' id='word_1_217' title='bbox 1261 2295 1311 2345; x_wconf 84' lang='grc'>8.</span> <span class='ocrx_word' id='word_1_218' title='bbox 1335 2324 1395 2333; x_wconf 92' lang='grc'><strong>-</strong></span> <span class='ocrx_word' id='word_1_219' title='bbox 1414 2304 1464 2347; x_wconf 88' lang='lat' dir='ltr'><strong>C.</strong></span> <span class='ocrx_word' id='word_1_220' title='bbox 1491 2305 1547 2348; x_wconf 82' lang='lat' dir='ltr'><strong>G.</strong></span> <span class='ocrx_word' id='word_1_221' title='bbox 1574 2302 1634 2347; x_wconf 83' lang='grc' dir='ltr'>Ε.</span> 
     </span>
     <span class='ocr_line' id='line_1_24' title="bbox 264 2360 1641 2419; baseline 0.001 -12"><span class='ocrx_word' id='word_1_222' title='bbox 264 2362 547 2409; x_wconf 68' lang='lat' dir='ltr'><strong>Heimbaclt</strong></span> <span class='ocrx_word' id='word_1_223' title='bbox 564 2365 625 2409; x_wconf 85' lang='lat' dir='ltr'><strong>D.</strong></span> <span class='ocrx_word' id='word_1_224' title='bbox 646 2363 712 2408; x_wconf 84' lang='lat' dir='ltr'><strong>de</strong></span> <span class='ocrx_word' id='word_1_225' title='bbox 738 2360 880 2407; x_wconf 83' lang='lat' dir='ltr'><strong>Basil.</strong></span> <span class='ocrx_word' id='word_1_226' title='bbox 903 2361 1108 2419; x_wconf 74' lang='lat' dir='ltr'><strong>origine,</strong></span> <span class='ocrx_word' id='word_1_227' title='bbox 1131 2360 1350 2408; x_wconf 75' lang='lat' dir='ltr'><strong>fontibus</strong></span> <span class='ocrx_word' id='word_1_228' title='bbox 1369 2395 1383 2418; x_wconf 90' lang='lat'>‚</span> <span class='ocrx_word' id='word_1_229' title='bbox 1403 2363 1641 2411; x_wconf 82' lang='lat' dir='ltr'><strong>hodierna</strong></span> 
     </span>
     <span class='ocr_line' id='line_1_25' title="bbox 261 2423 1641 2483; baseline 0.001 -13"><span class='ocrx_word' id='word_1_230' title='bbox 261 2426 529 2473; x_wconf 73' lang='lat' dir='ltr'><strong>conditione</strong></span> <span class='ocrx_word' id='word_1_231' title='bbox 549 2429 656 2483; x_wconf 87' lang='lat' dir='ltr'><strong>atq.</strong></span> <span class='ocrx_word' id='word_1_232' title='bbox 681 2434 810 2470; x_wconf 82' lang='lat' dir='ltr'><strong>nova</strong></span> <span class='ocrx_word' id='word_1_233' title='bbox 847 2423 966 2469; x_wconf 87' lang='lat' dir='ltr'><strong>edit.</strong></span> <span class='ocrx_word' id='word_1_234' title='bbox 1011 2423 1312 2470; x_wconf 84' lang='lat' dir='ltr'><strong>adornanda.</strong></span> <span class='ocrx_word' id='word_1_235' title='bbox 1346 2425 1472 2483; x_wconf 84' lang='lat' dir='ltr'><strong>Lips.</strong></span> <span class='ocrx_word' id='word_1_236' title='bbox 1500 2423 1641 2473; x_wconf 73' lang='lat'><strong>1825.</strong></span> 
     </span>
     <span class='ocr_line' id='line_1_26' title="bbox 261 2483 1647 2547; baseline 0.002 -14"><span class='ocrx_word' id='word_1_237' title='bbox 261 2483 311 2533; x_wconf 76' lang='lat'><strong>8.</strong></span> <span class='ocrx_word' id='word_1_238' title='bbox 333 2489 426 2541; x_wconf 66' lang='lat' dir='ltr'><strong>(cr.</strong></span> <span class='ocrx_word' id='word_1_239' title='bbox 448 2487 568 2534; x_wconf 64' lang='lat' dir='ltr'><strong>arii.</strong></span> <span class='ocrx_word' id='word_1_240' title='bbox 589 2486 854 2533; x_wconf 61' lang='lat' dir='ltr'><strong>zeitschs.</strong></span> <span class='ocrx_word' id='word_1_241' title='bbox 884 2486 939 2530; x_wconf 79' lang='grc'><strong>11.</strong></span> <span class='ocrx_word' id='word_1_242' title='bbox 958 2485 1037 2529; x_wconf 78' lang='lat' dir='ltr'><strong>w,</strong></span> <span class='ocrx_word' id='word_1_243' title='bbox 1071 2487 1128 2532; x_wconf 84' lang='grc' dir='ltr'><strong>ιι.</strong></span> <span class='ocrx_word' id='word_1_244' title='bbox 1159 2486 1304 2543; x_wconf 80' lang='lat' dir='ltr'><strong>(Tub.</strong></span> <span class='ocrx_word' id='word_1_245' title='bbox 1330 2483 1492 2547; x_wconf 65' lang='lat'><strong>1827.)</strong></span> <span class='ocrx_word' id='word_1_246' title='bbox 1511 2501 1561 2547; x_wconf 86' lang='lat' dir='ltr'><strong>p.</strong></span> <span class='ocrx_word' id='word_1_247' title='bbox 1584 2486 1647 2536; x_wconf 75' lang='lat'><strong>⁴9</strong></span> 
     </span>
     <span class='ocr_line' id='line_1_27' title="bbox 263 2544 1641 2609; baseline 0.001 -14"><span class='ocrx_word' id='word_1_248' title='bbox 263 2546 426 2607; x_wconf 54' lang='lat'><strong>—560</strong></span> <span class='ocrx_word' id='word_1_249' title='bbox 437 2548 693 2597; x_wconf 77' lang='lat' dir='ltr'><strong>——Biener</strong></span> <span class='ocrx_word' id='word_1_250' title='bbox 707 2561 758 2607; x_wconf 87' lang='lat' dir='ltr'><strong>p.</strong></span> <span class='ocrx_word' id='word_1_251' title='bbox 784 2545 943 2595; x_wconf 71' lang='grc'>143-</span> <span class='ocrx_word' id='word_1_252' title='bbox 955 2544 1039 2593; x_wconf 78' lang='grc'>1151</span> <span class='ocrx_word' id='word_1_253' title='bbox 1054 2572 1131 2593; x_wconf 89' lang='grc'>.-</span> <span class='ocrx_word' id='word_1_254' title='bbox 1141 2548 1296 2606; x_wconf 78' lang='lat' dir='ltr'><strong>Huqo</strong></span> <span class='ocrx_word' id='word_1_255' title='bbox 1306 2550 1641 2609; x_wconf 77' lang='lat' dir='ltr'><strong>Rechtsgesch.</strong></span> 
     </span>
     <span class='ocr_line' id='line_1_28' title="bbox 270 2609 821 2670; baseline 0.004 -14"><span class='ocrx_word' id='word_1_256' title='bbox 270 2610 374 2666; x_wconf 82' lang='lat' dir='ltr'><strong>(ed.</strong></span> <span class='ocrx_word' id='word_1_257' title='bbox 392 2614 472 2669; x_wconf 75' lang='grc' dir='ltr'>Χ.)</span> <span class='ocrx_word' id='word_1_258' title='bbox 491 2623 538 2670; x_wconf 83' lang='lat' dir='ltr'><strong>p.</strong></span> <span class='ocrx_word' id='word_1_259' title='bbox 560 2609 690 2658; x_wconf 80' lang='grc'>1015</span> <span class='ocrx_word' id='word_1_260' title='bbox 709 2623 821 2670; x_wconf 86' lang='lat' dir='ltr'><strong>sqq.</strong></span> 
     </span>
    </p>

    <p class='ocr_par' dir='ltr' id='par_1_7' title="bbox 260 2670 1645 3051">
     <span class='ocr_line' id='line_1_29' title="bbox 336 2670 1645 2730; baseline 0.001 -10"><span class='ocrx_word' id='word_1_261' title='bbox 336 2670 386 2730; x_wconf 85' lang='grc'><strong>8)</strong></span> <span class='ocrx_word' id='word_1_262' title='bbox 423 2674 651 2720; x_wconf 76' lang='lat' dir='ltr'><strong>Nimirum</strong></span> <span class='ocrx_word' id='word_1_263' title='bbox 673 2686 735 2720; x_wconf 86' lang='lat' dir='ltr'><strong>ex</strong></span> <span class='ocrx_word' id='word_1_264' title='bbox 760 2672 951 2730; x_wconf 77' lang='lat' dir='ltr'><strong>vulgari</strong></span> <span class='ocrx_word' id='word_1_265' title='bbox 973 2672 1214 2722; x_wconf 88' lang='lat' dir='ltr'><strong>sententia</strong></span> <span class='ocrx_word' id='word_1_266' title='bbox 1234 2675 1421 2721; x_wconf 77' lang='lat' dir='ltr'>XXXVI</span> <span class='ocrx_word' id='word_1_267' title='bbox 1443 2675 1554 2721; x_wconf 86' lang='lat' dir='ltr'><strong>libri</strong></span> <span class='ocrx_word' id='word_1_268' title='bbox 1575 2675 1645 2721; x_wconf 88' lang='lat' dir='ltr'><strong>in·</strong></span> 
     </span>
     <span class='ocr_line' id='line_1_30' title="bbox 275 2735 1644 2796; baseline 0.001 -12"><span class='ocrx_word' id='word_1_269' title='bbox 275 2739 514 2796; x_wconf 70' lang='lat' dir='ltr'><strong>tegi-ipati</strong></span> <span class='ocrx_word' id='word_1_270' title='bbox 542 2737 741 2786; x_wconf 74' lang='lat' dir='ltr'><strong>Reiezii</strong></span> <span class='ocrx_word' id='word_1_271' title='bbox 761 2747 907 2784; x_wconf 80' lang='lat' dir='ltr'><strong>curas</strong></span> <span class='ocrx_word' id='word_1_272' title='bbox 929 2735 1012 2793; x_wconf 73' lang='lat' dir='ltr'><strong>(ci.</strong></span> <span class='ocrx_word' id='word_1_273' title='bbox 1049 2740 1210 2783; x_wconf 85' lang='lat' dir='ltr'><strong>tamen</strong></span> <span class='ocrx_word' id='word_1_274' title='bbox 1236 2737 1505 2785; x_wconf 69' lang='lat' dir='ltr'><strong>Bauboldi</strong></span> <span class='ocrx_word' id='word_1_275' title='bbox 1536 2749 1644 2785; x_wconf 87' lang='lat' dir='ltr'><strong>ma·</strong></span> 
     </span>
     <span class='ocr_line' id='line_1_31' title="bbox 270 2796 1639 2860; baseline 0.001 -13"><span class='ocrx_word' id='word_1_276' title='bbox 270 2803 409 2848; x_wconf 75' lang='lat' dir='ltr'><strong>nuic</strong></span> <span class='ocrx_word' id='word_1_277' title='bbox 425 2803 617 2849; x_wconf 79' lang='lat' dir='ltr'><strong>Basilic.</strong></span> <span class='ocrx_word' id='word_1_278' title='bbox 637 2806 735 2848; x_wconf 89' lang='lat' dir='ltr'><strong>etc.</strong></span> <span class='ocrx_word' id='word_1_279' title='bbox 755 2813 805 2860; x_wconf 84' lang='lat' dir='ltr'><strong>p.</strong></span> <span class='ocrx_word' id='word_1_280' title='bbox 830 2796 1416 2858; x_wconf 68' lang='lat' dir='ltr'><strong>525—sqq,-132ener1.</strong></span> <span class='ocrx_word' id='word_1_281' title='bbox 1434 2803 1469 2848; x_wconf 90' lang='lat' dir='ltr'><strong>l.</strong></span> <span class='ocrx_word' id='word_1_282' title='bbox 1484 2799 1639 2860; x_wconf 79' lang='lat' dir='ltr'><strong>p.15⁶.&gt;</strong></span> 
     </span>
     <span class='ocr_line' id='line_1_32' title="bbox 266 2860 1641 2925; baseline -0.001 -15"><span class='ocrx_word' id='word_1_283' title='bbox 266 2887 327 2896; x_wconf 90' lang='lat'><em>-</em></span> <span class='ocrx_word' id='word_1_284' title='bbox 349 2862 473 2925; x_wconf 47' lang='lat'><strong>1⁵52</strong></span> <span class='ocrx_word' id='word_1_285' title='bbox 493 2873 681 2922; x_wconf 83' lang='lat' dir='ltr'><strong>septem</strong></span> <span class='ocrx_word' id='word_1_286' title='bbox 702 2862 923 2909; x_wconf 86' lang='lat' dir='ltr'><strong>lacunosi</strong></span> <span class='ocrx_word' id='word_1_287' title='bbox 942 2860 1057 2905; x_wconf 86' lang='lat' dir='ltr'><strong>editi</strong></span> <span class='ocrx_word' id='word_1_288' title='bbox 1083 2866 1213 2920; x_wconf 83' lang='lat' dir='ltr'><strong>sunt,</strong></span> <span class='ocrx_word' id='word_1_289' title='bbox 1246 2864 1455 2921; x_wconf 84' lang='lat' dir='ltr'><strong>reliquos</strong></span> <span class='ocrx_word' id='word_1_290' title='bbox 1475 2875 1501 2908; x_wconf 87' lang='lat' dir='ltr'><strong>e</strong></span> <span class='ocrx_word' id='word_1_291' title='bbox 1522 2875 1641 2922; x_wconf 80' lang='lat' dir='ltr'><strong>syn-</strong></span> 
     </span>
     <span class='ocr_line' id='line_1_33' title="bbox 260 2924 1640 2985; baseline -0.001 -12"><span class='ocrx_word' id='word_1_292' title='bbox 260 2927 364 2983; x_wconf 71' lang='lat' dir='ltr'><strong>opsi</strong></span> <span class='ocrx_word' id='word_1_293' title='bbox 399 2930 604 2985; x_wconf 82' lang='lat' dir='ltr'><strong>aliisque</strong></span> <span class='ocrx_word' id='word_1_294' title='bbox 657 2926 884 2972; x_wconf 74' lang='lat' dir='ltr'><strong>fontibus</strong></span> <span class='ocrx_word' id='word_1_295' title='bbox 923 2924 1147 2980; x_wconf 79' lang='lat' dir='ltr'><strong>supplere</strong></span> <span class='ocrx_word' id='word_1_296' title='bbox 1185 2932 1332 2983; x_wconf 88' lang='lat' dir='ltr'><strong>atque</strong></span> <span class='ocrx_word' id='word_1_297' title='bbox 1386 2927 1640 2973; x_wconf 81' lang='lat' dir='ltr'><strong>restituere</strong></span> 
     </span>
     <span class='ocr_line' id='line_1_34' title="bbox 260 2987 1638 3051; baseline 0.001 -3"><span class='ocrx_word' id='word_1_298' title='bbox 260 2995 455 3035; x_wconf 59' lang='lat' dir='ltr'><strong>mnu</strong></span> <span class='ocrx_word' id='word_1_299' title='bbox 493 2995 569 3035; x_wconf 66' lang='lat'><strong>⁸⁸²</strong></span> <span class='ocrx_word' id='word_1_300' title='bbox 589 2987 879 3035; x_wconf 59' lang='lat' dir='ltr'><strong>Fabfflstu·</strong></span> <span class='ocrx_word' id='word_1_301' title='bbox 900 3010 963 3019; x_wconf 87' lang='grc'><strong>“““</strong></span> <span class='ocrx_word' id='word_1_302' title='bbox 996 2990 1373 3051; x_wconf 55' lang='grc' dir='ltr'><strong>βέσιλικῶνΙίϋ.</strong></span> <span class='ocrx_word' id='word_1_303' title='bbox 1400 3005 1475 3049; x_wconf 74' lang='grc' dir='ltr'><strong>ω(</strong></span> <span class='ocrx_word' id='word_1_304' title='bbox 1521 3004 1638 3049; x_wconf 77' lang='lat' dir='ltr'><strong>Car.</strong></span> 
     </span>
    </p>
   </div>
   <div class='ocr_carea' id='block_1_7' title="bbox 247 3064 1638 4500">
    <p class='ocr_par' dir='ltr' id='par_1_8' title="bbox 247 3064 1638 4500">
     <span class='ocr_line' id='line_1_35' title="bbox 263 3064 1634 3126; baseline 0.001 -15"><span class='ocrx_word' id='word_1_305' title='bbox 263 3065 457 3113; x_wconf 73' lang='lat' dir='ltr'><strong>Annib.</strong></span> <span class='ocrx_word' id='word_1_306' title='bbox 479 3065 745 3114; x_wconf 63' lang='lat' dir='ltr'><strong>Fabi-otus</strong></span> <span class='ocrx_word' id='word_1_307' title='bbox 766 3064 924 3111; x_wconf 85' lang='lat' dir='ltr'><strong>latine</strong></span> <span class='ocrx_word' id='word_1_308' title='bbox 944 3069 1105 3125; x_wconf 85' lang='lat' dir='ltr'><strong>vertit,</strong></span> <span class='ocrx_word' id='word_1_309' title='bbox 1123 3074 1171 3114; x_wconf 88' lang='lat' dir='ltr'><strong>et</strong></span> <span class='ocrx_word' id='word_1_310' title='bbox 1194 3077 1366 3126; x_wconf 80' lang='lat' dir='ltr'><strong>graece</strong></span> <span class='ocrx_word' id='word_1_311' title='bbox 1386 3066 1502 3122; x_wconf 89' lang='lat' dir='ltr'><strong>(una</strong></span> <span class='ocrx_word' id='word_1_312' title='bbox 1524 3077 1634 3112; x_wconf 89' lang='lat' dir='ltr'><strong>cum</strong></span> 
     </span>
     <span class='ocr_line' id='line_1_36' title="bbox 264 3128 1635 3184; baseline -0.001 -11"><span class='ocrx_word' id='word_1_313' title='bbox 264 3128 473 3184; x_wconf 76' lang='lat' dir='ltr'><strong>scholiis)</strong></span> <span class='ocrx_word' id='word_1_314' title='bbox 512 3130 645 3177; x_wconf 76' lang='lat' dir='ltr'><strong>edid-</strong></span> <span class='ocrx_word' id='word_1_315' title='bbox 666 3130 725 3174; x_wconf 84' lang='grc' dir='ltr'>Τ.</span> <span class='ocrx_word' id='word_1_316' title='bbox 750 3130 848 3174; x_wconf 86' lang='lat'><strong>1—-</strong></span> <span class='ocrx_word' id='word_1_317' title='bbox 867 3129 970 3174; x_wconf 87' lang='lat' dir='ltr'><strong>vn.</strong></span> <span class='ocrx_word' id='word_1_318' title='bbox 991 3131 1140 3177; x_wconf 82' lang='lat' dir='ltr'><strong>Paris.</strong></span> <span class='ocrx_word' id='word_1_319' title='bbox 1169 3129 1290 3178; x_wconf 77' lang='lat'>1647</span> <span class='ocrx_word' id='word_1_320' title='bbox 1314 3128 1400 3174; x_wconf 74' lang='lat' dir='ltr'><strong>fol.</strong></span> <span class='ocrx_word' id='word_1_321' title='bbox 1422 3152 1482 3160; x_wconf 91' lang='lat'>—</span> <span class='ocrx_word' id='word_1_322' title='bbox 1506 3129 1635 3173; x_wconf 78' lang='lat' dir='ltr'><strong>Basi-</strong></span> 
     </span>
     <span class='ocr_line' id='line_1_37' title="bbox 260 3187 1631 3253; baseline 0 -18"><span class='ocrx_word' id='word_1_323' title='bbox 260 3191 466 3237; x_wconf 73' lang='lat' dir='ltr'><strong>licarum</strong></span> <span class='ocrx_word' id='word_1_324' title='bbox 482 3191 589 3238; x_wconf 80' lang='lat' dir='ltr'><strong>libri</strong></span> <span class='ocrx_word' id='word_1_325' title='bbox 608 3196 826 3251; x_wconf 84' lang='lat' dir='ltr'><strong>quatuor</strong></span> <span class='ocrx_word' id='word_1_326' title='bbox 847 3187 1252 3253; x_wconf 70' lang='lat'>(⁴9‚50‚51‚5-2)‚</span> <span class='ocrx_word' id='word_1_327' title='bbox 1274 3204 1332 3239; x_wconf 82' lang='lat' dir='ltr'><strong>ex</strong></span> <span class='ocrx_word' id='word_1_328' title='bbox 1366 3191 1631 3236; x_wconf 79' lang='lat' dir='ltr'><strong>cod.mscr.</strong></span> 
     </span>
     <span class='ocr_line' id='line_1_38' title="bbox 261 3252 1635 3314; baseline 0 -18"><span class='ocrx_word' id='word_1_329' title='bbox 261 3253 755 3310; x_wconf 76' lang='lat' dir='ltr'><strong>regiaebibliothecac</strong></span> <span class='ocrx_word' id='word_1_330' title='bbox 778 3253 1067 3300; x_wconf 70' lang='lat' dir='ltr'><strong>parisiensis</strong></span> <span class='ocrx_word' id='word_1_331' title='bbox 1092 3267 1217 3302; x_wconf 89' lang='lat' dir='ltr'><strong>nunc</strong></span> <span class='ocrx_word' id='word_1_332' title='bbox 1240 3255 1453 3314; x_wconf 84' lang='lat' dir='ltr'><strong>primum</strong></span> <span class='ocrx_word' id='word_1_333' title='bbox 1476 3252 1593 3297; x_wconf 88' lang='lat' dir='ltr'><strong>editi</strong></span> <span class='ocrx_word' id='word_1_334' title='bbox 1619 3286 1635 3310; x_wconf 87' lang='lat'>‚</span> 
     </span>
     <span class='ocr_line' id='line_1_39' title="bbox 256 3313 1632 3376; baseline 0.002 -17"><span class='ocrx_word' id='word_1_335' title='bbox 256 3316 502 3362; x_wconf 68' lang='lat' dir='ltr'><strong>variantes</strong></span> <span class='ocrx_word' id='word_1_336' title='bbox 536 3317 774 3364; x_wconf 85' lang='lat' dir='ltr'><strong>lectiones</strong></span> <span class='ocrx_word' id='word_1_337' title='bbox 811 3313 1011 3373; x_wconf 76' lang='lat' dir='ltr'><strong>collegit</strong></span> <span class='ocrx_word' id='word_1_338' title='bbox 1030 3351 1044 3371; x_wconf 83' lang='grc'>.</span> <span class='ocrx_word' id='word_1_339' title='bbox 1085 3322 1319 3376; x_wconf 83' lang='lat' dir='ltr'><strong>notasque</strong></span> <span class='ocrx_word' id='word_1_340' title='bbox 1358 3339 1419 3348; x_wconf 92' lang='lat'><strong>--</strong></span> <span class='ocrx_word' id='word_1_341' title='bbox 1441 3313 1632 3362; x_wconf 83' lang='lat' dir='ltr'><strong>addidit</strong></span> 
     </span>
     <span class='ocr_line' id='line_1_40' title="bbox 258 3378 1629 3441; baseline 0.003 -19"><span class='ocrx_word' id='word_1_342' title='bbox 258 3379 313 3423; x_wconf 78' lang='lat' dir='ltr'><strong>G.</strong></span> <span class='ocrx_word' id='word_1_343' title='bbox 336 3379 396 3425; x_wconf 87' lang='lat'><strong>0.</strong></span> <span class='ocrx_word' id='word_1_344' title='bbox 416 3380 589 3441; x_wconf 64' lang='lat' dir='ltr'><strong>Rem,</strong></span> <span class='ocrx_word' id='word_1_345' title='bbox 632 3380 684 3426; x_wconf 90' lang='lat' dir='ltr'><strong>in</strong></span> <span class='ocrx_word' id='word_1_346' title='bbox 707 3381 1048 3425; x_wconf 79' lang='lat' dir='ltr'><strong>Meermanni</strong></span> <span class='ocrx_word' id='word_1_347' title='bbox 1068 3381 1189 3427; x_wconf 83' lang='lat' dir='ltr'><strong>thes.</strong></span> <span class='ocrx_word' id='word_1_348' title='bbox 1208 3382 1308 3436; x_wconf 83' lang='lat' dir='ltr'><strong>jur.</strong></span> <span class='ocrx_word' id='word_1_349' title='bbox 1332 3378 1424 3424; x_wconf 85' lang='lat' dir='ltr'><strong>civ.</strong></span> <span class='ocrx_word' id='word_1_350' title='bbox 1448 3381 1499 3422; x_wconf 87' lang='lat' dir='ltr'><strong>et</strong></span> <span class='ocrx_word' id='word_1_351' title='bbox 1521 3388 1629 3426; x_wconf 88' lang='lat' dir='ltr'><strong>can.</strong></span> 
     </span>
     <span class='ocr_line' id='line_1_41' title="bbox 260 3437 1632 3501; baseline -0.001 -15"><span class='ocrx_word' id='word_1_352' title='bbox 260 3440 313 3486; x_wconf 77' lang='grc' dir='ltr'>Τ.</span> <span class='ocrx_word' id='word_1_353' title='bbox 334 3442 390 3486; x_wconf 78' lang='lat' dir='ltr'><strong>V.</strong></span> <span class='ocrx_word' id='word_1_354' title='bbox 413 3443 569 3498; x_wconf 86' lang='lat' dir='ltr'><strong>(init.)</strong></span> <span class='ocrx_word' id='word_1_355' title='bbox 590 3439 682 3501; x_wconf 79' lang='lat' dir='ltr'><strong>p.1</strong></span> <span class='ocrx_word' id='word_1_356' title='bbox 714 3437 905 3488; x_wconf 75' lang='lat' dir='ltr'><strong>—lo4.</strong></span> <span class='ocrx_word' id='word_1_357' title='bbox 927 3464 988 3473; x_wconf 94' lang='lat'>—</span> <span class='ocrx_word' id='word_1_358' title='bbox 1007 3441 1097 3498; x_wconf 73' lang='lat' dir='ltr'><strong>[cf.</strong></span> <span class='ocrx_word' id='word_1_359' title='bbox 1131 3441 1369 3499; x_wconf 77' lang='lat' dir='ltr'><strong>Hdprner·</strong></span> <span class='ocrx_word' id='word_1_360' title='bbox 1409 3439 1632 3486; x_wconf 81' lang='lat' dir='ltr'><strong>Berichti-</strong></span> 
     </span>
     <span class='ocr_line' id='line_1_42' title="bbox 260 3502 1635 3563; baseline -0.003 -12"><span class='ocrx_word' id='word_1_361' title='bbox 260 3514 379 3560; x_wconf 66' lang='lat' dir='ltr'><strong>mg</strong></span> <span class='ocrx_word' id='word_1_362' title='bbox 394 3503 1256 3563; x_wconf 68' lang='lat' dir='ltr'><strong>gevohnlichervorsteliungam-ten</strong></span> <span class='ocrx_word' id='word_1_363' title='bbox 1279 3503 1399 3547; x_wconf 78' lang='lat' dir='ltr'><strong>uber</strong></span> <span class='ocrx_word' id='word_1_364' title='bbox 1417 3502 1495 3548; x_wconf 90' lang='lat' dir='ltr'><strong>die</strong></span> <span class='ocrx_word' id='word_1_365' title='bbox 1525 3507 1635 3558; x_wconf 77' lang='lat' dir='ltr'><strong>spa-</strong></span> 
     </span>
     <span class='ocr_line' id='line_1_43' title="bbox 261 3564 1632 3622; baseline 0.002 -13"><span class='ocrx_word' id='word_1_366' title='bbox 261 3569 388 3610; x_wconf 75' lang='lat' dir='ltr'><strong>teren</strong></span> <span class='ocrx_word' id='word_1_367' title='bbox 428 3567 711 3612; x_wconf 84' lang='lat' dir='ltr'><strong>Sebicksale</strong></span> <span class='ocrx_word' id='word_1_368' title='bbox 736 3566 824 3611; x_wconf 83' lang='lat' dir='ltr'><strong>der</strong></span> <span class='ocrx_word' id='word_1_369' title='bbox 850 3565 1106 3614; x_wconf 80' lang='lat' dir='ltr'><strong>Basiliken.</strong></span> <span class='ocrx_word' id='word_1_370' title='bbox 1132 3569 1216 3613; x_wconf 79' lang='lat' dir='ltr'><strong>Mit</strong></span> <span class='ocrx_word' id='word_1_371' title='bbox 1239 3564 1632 3622; x_wconf 71' lang='lat' dir='ltr'><strong>(Anmerkungcn</strong></span> 
     </span>
     <span class='ocr_line' id='line_1_44' title="bbox 258 3628 1628 3690; baseline 0.002 -16"><span class='ocrx_word' id='word_1_372' title='bbox 258 3629 368 3682; x_wconf 70' lang='lat' dir='ltr'><strong>aad)</strong></span> <span class='ocrx_word' id='word_1_373' title='bbox 389 3641 531 3688; x_wconf 64' lang='lat' dir='ltr'><strong>wey</strong></span> <span class='ocrx_word' id='word_1_374' title='bbox 554 3628 788 3686; x_wconf 75' lang='lat' dir='ltr'><strong>Zugsben</strong></span> <span class='ocrx_word' id='word_1_375' title='bbox 811 3639 909 3673; x_wconf 81' lang='lat' dir='ltr'><strong>von</strong></span> <span class='ocrx_word' id='word_1_376' title='bbox 921 3628 1073 3689; x_wconf 73' lang='lat' dir='ltr'><strong>Huqo</strong></span> <span class='ocrx_word' id='word_1_377' title='bbox 1092 3631 1160 3687; x_wconf 90' lang='lat' dir='ltr'><strong>(in</strong></span> <span class='ocrx_word' id='word_1_378' title='bbox 1177 3629 1380 3690; x_wconf 70' lang='lat' dir='ltr'><strong>Huqo&#39;s</strong></span> <span class='ocrx_word' id='word_1_379' title='bbox 1398 3628 1628 3685; x_wconf 60' lang='lat' dir='ltr'><strong>cinmag.</strong></span> 
     </span>
     <span class='ocr_line' id='line_1_45' title="bbox 256 3689 1627 3751; baseline 0 -15"><span class='ocrx_word' id='word_1_380' title='bbox 256 3689 310 3735; x_wconf 86' lang='lat'><strong>11.</strong></span> <span class='ocrx_word' id='word_1_381' title='bbox 330 3691 449 3748; x_wconf 79' lang='grc'>18.).</span> <span class='ocrx_word' id='word_1_382' title='bbox 471 3717 537 3725; x_wconf 91' lang='lat'><strong>—-</strong></span> <span class='ocrx_word' id='word_1_383' title='bbox 556 3689 832 3738; x_wconf 72' lang='lat' dir='ltr'><strong>sciar-ader</strong></span> <span class='ocrx_word' id='word_1_384' title='bbox 854 3691 906 3736; x_wconf 90' lang='lat' dir='ltr'><strong>in</strong></span> <span class='ocrx_word' id='word_1_385' title='bbox 930 3691 1095 3738; x_wconf 83' lang='lat' dir='ltr'><strong>Prodr.</strong></span> <span class='ocrx_word' id='word_1_386' title='bbox 1117 3705 1253 3751; x_wconf 84' lang='lat' dir='ltr'><strong>corp.</strong></span> <span class='ocrx_word' id='word_1_387' title='bbox 1270 3692 1367 3748; x_wconf 87' lang='lat' dir='ltr'><strong>jur.</strong></span> <span class='ocrx_word' id='word_1_388' title='bbox 1390 3690 1480 3735; x_wconf 77' lang='lat' dir='ltr'><strong>civ,</strong></span> <span class='ocrx_word' id='word_1_389' title='bbox 1506 3702 1554 3746; x_wconf 86' lang='lat' dir='ltr'><strong>p.</strong></span> <span class='ocrx_word' id='word_1_390' title='bbox 1578 3691 1627 3736; x_wconf 87' lang='grc'>8.</span> 
     </span>
     <span class='ocr_line' id='line_1_46' title="bbox 253 3752 1623 3811; baseline 0.001 -13"><span class='ocrx_word' id='word_1_391' title='bbox 253 3763 323 3811; x_wconf 72' lang='lat' dir='ltr'><strong>tq.</strong></span> <span class='ocrx_word' id='word_1_392' title='bbox 342 3762 445 3802; x_wconf 78' lang='lat' dir='ltr'><strong>not.</strong></span> <span class='ocrx_word' id='word_1_393' title='bbox 467 3752 545 3811; x_wconf 88' lang='grc'>7.]</span> <span class='ocrx_word' id='word_1_394' title='bbox 568 3778 633 3787; x_wconf 85' lang='grc'><strong>--</strong></span> <span class='ocrx_word' id='word_1_395' title='bbox 660 3755 710 3799; x_wconf 86' lang='lat' dir='ltr'><strong>C.</strong></span> <span class='ocrx_word' id='word_1_396' title='bbox 738 3753 820 3798; x_wconf 90' lang='lat' dir='ltr'><em>W</em></span> <span class='ocrx_word' id='word_1_397' title='bbox 818 3753 921 3799; x_wconf 78' lang='lat' dir='ltr'><strong>me</strong></span> <span class='ocrx_word' id='word_1_398' title='bbox 956 3755 1197 3801; x_wconf 87' lang='lat' dir='ltr'><strong>Basilicor.</strong></span> <span class='ocrx_word' id='word_1_399' title='bbox 1225 3757 1299 3800; x_wconf 83' lang='lat' dir='ltr'><strong>tit.</strong></span> <span class='ocrx_word' id='word_1_400' title='bbox 1319 3756 1380 3800; x_wconf 90' lang='lat' dir='ltr'><strong>de</strong></span> <span class='ocrx_word' id='word_1_401' title='bbox 1402 3752 1499 3797; x_wconf 88' lang='lat' dir='ltr'><strong>div.</strong></span> <span class='ocrx_word' id='word_1_402' title='bbox 1524 3765 1623 3810; x_wconf 72' lang='lat' dir='ltr'><strong>reg.</strong></span> 
     </span>
     <span class='ocr_line' id='line_1_47' title="bbox 247 3815 1623 3877; baseline 0.004 -19"><span class='ocrx_word' id='word_1_403' title='bbox 247 3815 345 3866; x_wconf 74' lang='lat' dir='ltr'><strong>lar.</strong></span> <span class='ocrx_word' id='word_1_404' title='bbox 388 3818 580 3877; x_wconf 72' lang='lat' dir='ltr'><strong>antiqui</strong></span> <span class='ocrx_word' id='word_1_405' title='bbox 600 3850 616 3872; x_wconf 85' lang='lat'>‚</span> <span class='ocrx_word' id='word_1_406' title='bbox 664 3825 793 3860; x_wconf 89' lang='lat' dir='ltr'><strong>nunc</strong></span> <span class='ocrx_word' id='word_1_407' title='bbox 837 3818 1040 3862; x_wconf 85' lang='lat' dir='ltr'><strong>demum</strong></span> <span class='ocrx_word' id='word_1_408' title='bbox 1076 3818 1265 3874; x_wconf 81' lang='lat' dir='ltr'><strong>integer</strong></span> <span class='ocrx_word' id='word_1_409' title='bbox 1309 3818 1387 3863; x_wconf 86' lang='lat' dir='ltr'><strong>ed.</strong></span> <span class='ocrx_word' id='word_1_410' title='bbox 1431 3816 1623 3864; x_wconf 80' lang='lat' dir='ltr'><strong>vratisl.</strong></span> 
     </span>
     <span class='ocr_line' id='line_1_48' title="bbox 253 3874 1627 3938; baseline 0.002 -16"><span class='ocrx_word' id='word_1_411' title='bbox 253 3874 386 3926; x_wconf 61' lang='lat'><strong>¹8²⁶.</strong></span> <span class='ocrx_word' id='word_1_412' title='bbox 410 3881 506 3936; x_wconf 72' lang='lat' dir='ltr'><strong>(Cf.</strong></span> <span class='ocrx_word' id='word_1_413' title='bbox 529 3880 656 3924; x_wconf 64' lang='lat' dir='ltr'><strong>lii-it.</strong></span> <span class='ocrx_word' id='word_1_414' title='bbox 679 3876 923 3925; x_wconf 83' lang='lat' dir='ltr'><strong>zeitschr.</strong></span> <span class='ocrx_word' id='word_1_415' title='bbox 949 3878 982 3924; x_wconf 90' lang='grc'><strong>1.</strong></span> <span class='ocrx_word' id='word_1_416' title='bbox 1009 3881 1041 3924; x_wconf 93' lang='lat' dir='ltr'><strong>l.</strong></span> <span class='ocrx_word' id='word_1_417' title='bbox 1062 3892 1109 3938; x_wconf 84' lang='lat' dir='ltr'><strong>p.</strong></span> <span class='ocrx_word' id='word_1_418' title='bbox 1135 3877 1627 3935; x_wconf 73' lang='lat' dir='ltr'><strong>56-61.)-Blener</strong></span> 
     </span>
     <span class='ocr_line' id='line_1_49' title="bbox 254 3936 1621 4002; baseline 0.003 -17"><span class='ocrx_word' id='word_1_419' title='bbox 254 3940 299 3985; x_wconf 85' lang='lat' dir='ltr'><strong>in</strong></span> <span class='ocrx_word' id='word_1_420' title='bbox 342 3942 554 4002; x_wconf 71' lang='lat' dir='ltr'><strong>Huqo&#39;s</strong></span> <span class='ocrx_word' id='word_1_421' title='bbox 579 3942 674 3990; x_wconf 74' lang='lat' dir='ltr'><strong>civ.</strong></span> <span class='ocrx_word' id='word_1_422' title='bbox 711 3943 840 3998; x_wconf 66' lang='lat' dir='ltr'><strong>Mag.</strong></span> <span class='ocrx_word' id='word_1_423' title='bbox 869 3939 955 3989; x_wconf 86' lang='lat' dir='ltr'><strong>Bd.</strong></span> <span class='ocrx_word' id='word_1_424' title='bbox 980 3943 1057 3988; x_wconf 86' lang='lat' dir='ltr'><strong>Vl.</strong></span> <span class='ocrx_word' id='word_1_425' title='bbox 1094 3943 1177 3988; x_wconf 66' lang='grc' dir='ltr'><strong>Νι.</strong></span> <span class='ocrx_word' id='word_1_426' title='bbox 1223 3943 1302 3989; x_wconf 85' lang='lat' dir='ltr'><strong>ul.</strong></span> <span class='ocrx_word' id='word_1_427' title='bbox 1340 3954 1387 3999; x_wconf 87' lang='lat' dir='ltr'><strong>p.</strong></span> <span class='ocrx_word' id='word_1_428' title='bbox 1429 3936 1492 3985; x_wconf 78' lang='lat'><strong>50</strong></span> <span class='ocrx_word' id='word_1_429' title='bbox 1515 3953 1621 4000; x_wconf 85' lang='lat' dir='ltr'><strong>sqq.</strong></span> 
     </span>
     <span class='ocr_line' id='line_1_50' title="bbox 257 4000 1623 4061; baseline -0.003 -9"><span class='ocrx_word' id='word_1_430' title='bbox 257 4027 311 4036; x_wconf 88' lang='lat'><strong>—</strong></span> <span class='ocrx_word' id='word_1_431' title='bbox 329 4006 515 4052; x_wconf 68' lang='lat' dir='ltr'><strong>Novam</strong></span> <span class='ocrx_word' id='word_1_432' title='bbox 559 4004 830 4051; x_wconf 80' lang='lat' dir='ltr'><strong>editionem</strong></span> <span class='ocrx_word' id='word_1_433' title='bbox 872 4006 925 4047; x_wconf 88' lang='lat' dir='ltr'><strong>et</strong></span> <span class='ocrx_word' id='word_1_434' title='bbox 946 4005 1213 4050; x_wconf 81' lang='lat' dir='ltr'><strong>versionem</strong></span> <span class='ocrx_word' id='word_1_435' title='bbox 1238 4016 1366 4050; x_wconf 87' lang='lat' dir='ltr'><strong>anno</strong></span> <span class='ocrx_word' id='word_1_436' title='bbox 1390 4000 1513 4050; x_wconf 75' lang='lat'><strong>1835</strong></span> <span class='ocrx_word' id='word_1_437' title='bbox 1533 4016 1623 4061; x_wconf 86' lang='lat' dir='ltr'><strong>pn-</strong></span> 
     </span>
     <span class='ocr_line' id='line_1_51' title="bbox 254 4065 1628 4124; baseline 0.003 -12"><span class='ocrx_word' id='word_1_438' title='bbox 254 4067 427 4114; x_wconf 75' lang='lat' dir='ltr'><strong>blicare</strong></span> <span class='ocrx_word' id='word_1_439' title='bbox 457 4067 627 4124; x_wconf 81' lang='lat' dir='ltr'><strong>coepit</strong></span> <span class='ocrx_word' id='word_1_440' title='bbox 665 4068 717 4113; x_wconf 83' lang='lat' dir='ltr'><strong>C.</strong></span> <span class='ocrx_word' id='word_1_441' title='bbox 756 4069 813 4112; x_wconf 88' lang='lat' dir='ltr'><strong>G.</strong></span> <span class='ocrx_word' id='word_1_442' title='bbox 840 4069 910 4114; x_wconf 79' lang='grc' dir='ltr'>Ε.</span> <span class='ocrx_word' id='word_1_443' title='bbox 931 4065 1269 4113; x_wconf 73' lang='grc' dir='ltr'><em>ἨοὶηιὸασΙιε</em></span> <span class='ocrx_word' id='word_1_444' title='bbox 1320 4068 1628 4116; x_wconf 81' lang='lat' dir='ltr'><strong>Basilicorum</strong></span> 
     </span>
     <span class='ocr_line' id='line_1_52' title="bbox 254 4128 1630 4187; baseline 0.004 -14"><span class='ocrx_word' id='word_1_445' title='bbox 254 4130 355 4177; x_wconf 71' lang='lat' dir='ltr'><strong>libri</strong></span> <span class='ocrx_word' id='word_1_446' title='bbox 379 4133 473 4178; x_wconf 70' lang='lat' dir='ltr'><strong>tx.</strong></span> <span class='ocrx_word' id='word_1_447' title='bbox 510 4131 627 4176; x_wconf 83' lang='lat' dir='ltr'><strong>Post</strong></span> <span class='ocrx_word' id='word_1_448' title='bbox 676 4128 941 4177; x_wconf 71' lang='lat' dir='ltr'><strong>Annibalis</strong></span> <span class='ocrx_word' id='word_1_449' title='bbox 967 4129 1159 4175; x_wconf 75' lang='lat' dir='ltr'><strong>Fabi-oti</strong></span> <span class='ocrx_word' id='word_1_450' title='bbox 1195 4141 1335 4176; x_wconf 88' lang='lat' dir='ltr'><strong>curas</strong></span> <span class='ocrx_word' id='word_1_451' title='bbox 1364 4141 1454 4187; x_wconf 85' lang='lat' dir='ltr'><strong>ope</strong></span> <span class='ocrx_word' id='word_1_452' title='bbox 1475 4131 1630 4178; x_wconf 80' lang='lat' dir='ltr'><strong>codd.</strong></span> 
     </span>
     <span class='ocr_line' id='line_1_53' title="bbox 257 4190 1631 4249; baseline 0.002 -12"><span class='ocrx_word' id='word_1_453' title='bbox 257 4191 355 4237; x_wconf 61' lang='lat' dir='ltr'><strong>Est.</strong></span> <span class='ocrx_word' id='word_1_454' title='bbox 377 4196 572 4241; x_wconf 77' lang='lat' dir='ltr'><strong>aGust.</strong></span> <span class='ocrx_word' id='word_1_455' title='bbox 594 4194 733 4239; x_wconf 78' lang='lat' dir='ltr'><strong>Em.</strong></span> <span class='ocrx_word' id='word_1_456' title='bbox 746 4190 1105 4239; x_wconf 73' lang='lat' dir='ltr'><strong>Heimbacliio</strong></span> <span class='ocrx_word' id='word_1_457' title='bbox 1122 4192 1325 4249; x_wconf 86' lang='lat' dir='ltr'><strong>aliisque</strong></span> <span class='ocrx_word' id='word_1_458' title='bbox 1344 4195 1631 4240; x_wconf 84' lang='lat' dir='ltr'><strong>collatorum</strong></span> 
     </span>
     <span class='ocr_line' id='line_1_54' title="bbox 255 4253 1635 4313; baseline 0.002 -15"><span class='ocrx_word' id='word_1_459' title='bbox 255 4254 529 4313; x_wconf 54' lang='lat' dir='ltr'><strong>lumeni-iores</strong></span> <span class='ocrx_word' id='word_1_460' title='bbox 551 4266 668 4301; x_wconf 85' lang='lat' dir='ltr'><strong>cum</strong></span> <span class='ocrx_word' id='word_1_461' title='bbox 690 4255 896 4303; x_wconf 83' lang='lat' dir='ltr'><strong>scholiis</strong></span> <span class='ocrx_word' id='word_1_462' title='bbox 917 4253 1087 4309; x_wconf 77' lang='lat' dir='ltr'><strong>edidit,</strong></span> <span class='ocrx_word' id='word_1_463' title='bbox 1107 4255 1262 4299; x_wconf 83' lang='lat' dir='ltr'><strong>editos</strong></span> <span class='ocrx_word' id='word_1_464' title='bbox 1284 4254 1444 4299; x_wconf 88' lang='lat' dir='ltr'><strong>denuo</strong></span> <span class='ocrx_word' id='word_1_465' title='bbox 1466 4267 1635 4301; x_wconf 78' lang='lat' dir='ltr'><strong>recen·</strong></span> 
     </span>
     <span class='ocr_line' id='line_1_55' title="bbox 259 4317 1638 4378; baseline 0.001 -17"><span class='ocrx_word' id='word_1_466' title='bbox 259 4318 364 4374; x_wconf 71' lang='lat' dir='ltr'><strong>mit,</strong></span> <span class='ocrx_word' id='word_1_467' title='bbox 380 4319 661 4378; x_wconf 75' lang='lat' dir='ltr'><strong>deperditos</strong></span> <span class='ocrx_word' id='word_1_468' title='bbox 680 4317 911 4365; x_wconf 80' lang='lat' dir='ltr'><strong>restitnit</strong></span> <span class='ocrx_word' id='word_1_469' title='bbox 930 4350 946 4374; x_wconf 86' lang='lat'><strong>‚</strong></span> <span class='ocrx_word' id='word_1_470' title='bbox 971 4317 1335 4361; x_wconf 76' lang='lat' dir='ltr'><strong>translationem</strong></span> <span class='ocrx_word' id='word_1_471' title='bbox 1365 4317 1566 4362; x_wconf 81' lang='lat' dir='ltr'><strong>latinam</strong></span> <span class='ocrx_word' id='word_1_472' title='bbox 1589 4323 1638 4363; x_wconf 83' lang='lat' dir='ltr'><strong>et</strong></span> 
     </span>
     <span class='ocr_line' id='line_1_56' title="bbox 258 4377 1633 4433; baseline 0 -8"><span class='ocrx_word' id='word_1_473' title='bbox 258 4380 609 4429; x_wconf 59' lang='lat' dir='ltr'><strong>menonem</strong></span> <span class='ocrx_word' id='word_1_474' title='bbox 667 4381 902 4428; x_wconf 82' lang='lat' dir='ltr'><strong>criticam</strong></span> <span class='ocrx_word' id='word_1_475' title='bbox 953 4377 1129 4433; x_wconf 80' lang='lat' dir='ltr'><strong>adjecit</strong></span> <span class='ocrx_word' id='word_1_476' title='bbox 1171 4380 1252 4425; x_wconf 83' lang='lat' dir='ltr'><strong>Dr.</strong></span> <span class='ocrx_word' id='word_1_477' title='bbox 1324 4382 1443 4424; x_wconf 73' lang='lat' dir='ltr'><strong>Car.</strong></span> <span class='ocrx_word' id='word_1_478' title='bbox 1501 4380 1633 4426; x_wconf 79' lang='lat' dir='ltr'><strong>Guil.</strong></span> 
     </span>
     <span class='ocr_line' id='line_1_57' title="bbox 254 4442 964 4500; baseline -0.001 -12"><span class='ocrx_word' id='word_1_479' title='bbox 254 4443 374 4490; x_wconf 72' lang='lat' dir='ltr'><strong>Bm.</strong></span> <span class='ocrx_word' id='word_1_480' title='bbox 404 4444 718 4493; x_wconf 76' lang='lat' dir='ltr'><strong>Heimbacli.</strong></span> <span class='ocrx_word' id='word_1_481' title='bbox 745 4442 964 4500; x_wconf 80' lang='lat' dir='ltr'><strong>Lipsiae.</strong></span> 
     </span>
    </p>
   </div>
   <div class='ocr_carea' id='block_1_8' title="bbox 244 4518 1643 4765">
    <p class='ocr_par' dir='ltr' id='par_1_9' title="bbox 244 4518 1643 4765">
     <span class='ocr_line' id='line_1_58' title="bbox 305 4518 1641 4582; baseline -0.004 -9"><span class='ocrx_word' id='word_1_482' title='bbox 305 4520 350 4582; x_wconf 77' lang='grc'><strong>9)</strong></span> <span class='ocrx_word' id='word_1_483' title='bbox 382 4524 645 4573; x_wconf 72' lang='lat' dir='ltr'><strong>Eckltard</strong></span> <span class='ocrx_word' id='word_1_484' title='bbox 660 4528 716 4570; x_wconf 87' lang='lat' dir='ltr'><strong>et</strong></span> <span class='ocrx_word' id='word_1_485' title='bbox 744 4523 833 4570; x_wconf 83' lang='lat' dir='ltr'><em>W</em></span> <span class='ocrx_word' id='word_1_486' title='bbox 829 4520 959 4569; x_wconf 72' lang='lat' dir='ltr'><strong>alclc</strong></span> <span class='ocrx_word' id='word_1_487' title='bbox 977 4518 1038 4565; x_wconf 85' lang='lat' dir='ltr'><strong>de</strong></span> <span class='ocrx_word' id='word_1_488' title='bbox 1057 4519 1357 4567; x_wconf 81' lang='lat' dir='ltr'><strong>versionibus</strong></span> <span class='ocrx_word' id='word_1_489' title='bbox 1372 4519 1494 4575; x_wconf 76' lang='lat' dir='ltr'><strong>juris</strong></span> <span class='ocrx_word' id='word_1_490' title='bbox 1508 4534 1641 4580; x_wconf 73' lang='lat' dir='ltr'><strong>grae-</strong></span> 
     </span>
     <span class='ocr_line' id='line_1_59' title="bbox 253 4582 1637 4649; baseline 0.001 -18"><span class='ocrx_word' id='word_1_491' title='bbox 253 4586 312 4631; x_wconf 80' lang='lat' dir='ltr'><strong>cis</strong></span> <span class='ocrx_word' id='word_1_492' title='bbox 347 4601 613 4649; x_wconf 79' lang='lat' dir='ltr'><strong>earumque</strong></span> <span class='ocrx_word' id='word_1_493' title='bbox 640 4590 789 4633; x_wconf 86' lang='lat' dir='ltr'><strong>recto</strong></span> <span class='ocrx_word' id='word_1_494' title='bbox 812 4595 912 4629; x_wconf 80' lang='lat' dir='ltr'><strong>usu</strong></span> <span class='ocrx_word' id='word_1_495' title='bbox 959 4582 1008 4627; x_wconf 92' lang='lat' dir='ltr'><strong>in</strong></span> <span class='ocrx_word' id='word_1_496' title='bbox 1048 4583 1431 4641; x_wconf 80' lang='lat' dir='ltr'><strong>interpretando.</strong></span> <span class='ocrx_word' id='word_1_497' title='bbox 1456 4587 1637 4643; x_wconf 77' lang='lat' dir='ltr'><strong>(liei-m.</strong></span> 
     </span>
     <span class='ocr_line' id='line_1_60' title="bbox 244 4644 1643 4712; baseline -0.003 -15"><span class='ocrx_word' id='word_1_498' title='bbox 244 4648 326 4701; x_wconf 75' lang='lat' dir='ltr'><strong>jur.</strong></span> <span class='ocrx_word' id='word_1_499' title='bbox 346 4665 388 4700; x_wconf 81' lang='lat' dir='ltr'><strong>e.</strong></span> <span class='ocrx_word' id='word_1_500' title='bbox 409 4652 478 4712; x_wconf 87' lang='grc'>7.)</span> <span class='ocrx_word' id='word_1_501' title='bbox 504 4678 568 4686; x_wconf 87' lang='grc'><strong>-</strong></span> <span class='ocrx_word' id='word_1_502' title='bbox 601 4652 658 4698; x_wconf 85' lang='lat' dir='ltr'><strong>C.</strong></span> <span class='ocrx_word' id='word_1_503' title='bbox 691 4652 755 4694; x_wconf 83' lang='lat' dir='ltr'><strong>G.</strong></span> <span class='ocrx_word' id='word_1_504' title='bbox 784 4644 1048 4694; x_wconf 81' lang='lat' dir='ltr'><strong>Haubold</strong></span> <span class='ocrx_word' id='word_1_505' title='bbox 1081 4646 1304 4691; x_wconf 80' lang='lat' dir='ltr'><strong>Manuale</strong></span> <span class='ocrx_word' id='word_1_506' title='bbox 1329 4648 1643 4696; x_wconf 82' lang='lat' dir='ltr'><strong>Basilicorum</strong></span> 
     </span>
     <span class='ocr_line' id='line_1_61' title="bbox 246 4707 1643 4765; baseline -0.004 -5"><span class='ocrx_word' id='word_1_507' title='bbox 246 4713 454 4764; x_wconf 71' lang='lat' dir='ltr'><strong>sxlnbens</strong></span> <span class='ocrx_word' id='word_1_508' title='bbox 492 4716 841 4763; x_wconf 82' lang='lat' dir='ltr'><strong>collationem</strong></span> <span class='ocrx_word' id='word_1_509' title='bbox 884 4707 1012 4764; x_wconf 82' lang='lat' dir='ltr'><strong>juris</strong></span> <span class='ocrx_word' id='word_1_510' title='bbox 1054 4707 1343 4754; x_wconf 71' lang='lat' dir='ltr'><strong>Iustinianei</strong></span> <span class='ocrx_word' id='word_1_511' title='bbox 1383 4721 1495 4758; x_wconf 87' lang='lat' dir='ltr'><strong>cum</strong></span> <span class='ocrx_word' id='word_1_512' title='bbox 1533 4710 1643 4765; x_wconf 78' lang='lat' dir='ltr'><strong>jure</strong></span> 
     </span>
    </p>
   </div>
   <div class='ocr_carea' id='block_1_9' title="bbox 241 4770 1645 4842">
    <p class='ocr_par' dir='ltr' id='par_1_10' title="bbox 241 4770 1645 4842">
     <span class='ocr_line' id='line_1_62' title="bbox 241 4770 1645 4842; baseline -0.005 -18"><span class='ocrx_word' id='word_1_513' title='bbox 241 4787 392 4835; x_wconf 66' lang='lat' dir='ltr'><strong>graeco</strong></span> <span class='ocrx_word' id='word_1_514' title='bbox 428 4773 943 4842; x_wconf 72' lang='lat' dir='ltr'><strong>post-sustinianeo,</strong></span> <span class='ocrx_word' id='word_1_515' title='bbox 979 4770 1187 4815; x_wconf 86' lang='lat' dir='ltr'><strong>indicem</strong></span> <span class='ocrx_word' id='word_1_516' title='bbox 1212 4775 1464 4820; x_wconf 86' lang='lat' dir='ltr'><strong>auctorum</strong></span> <span class='ocrx_word' id='word_1_517' title='bbox 1481 4785 1645 4819; x_wconf 82' lang='lat' dir='ltr'><strong>recen·</strong></span> 
     </span>
    </p>
   </div>
   <div class='ocr_carea' id='block_1_10' title="bbox 1696 2037 3084 2733">
    <p class='ocr_par' dir='ltr' id='par_1_11' title="bbox 1696 2037 3083 2222">
     <span class='ocr_line' id='line_1_63' title="bbox 1696 2037 3083 2103; baseline -0.012 -4"><span class='ocrx_word' id='word_1_518' title='bbox 1696 2051 2010 2099; x_wconf 85' lang='lat' dir='ltr'><strong>Basilicorum</strong></span> <span class='ocrx_word' id='word_1_519' title='bbox 2031 2060 2143 2097; x_wconf 89' lang='lat' dir='ltr'><strong>cum</strong></span> <span class='ocrx_word' id='word_1_520' title='bbox 2162 2048 2273 2103; x_wconf 81' lang='lat' dir='ltr'><strong>jure</strong></span> <span class='ocrx_word' id='word_1_521' title='bbox 2294 2045 2598 2093; x_wconf 76' lang='lat' dir='ltr'><strong>Jiistinianeo</strong></span> <span class='ocrx_word' id='word_1_522' title='bbox 2616 2046 2666 2089; x_wconf 85' lang='lat' dir='ltr'><strong>ct</strong></span> <span class='ocrx_word' id='word_1_523' title='bbox 2687 2037 2883 2097; x_wconf 84' lang='lat' dir='ltr'><strong>reliquls</strong></span> <span class='ocrx_word' id='word_1_524' title='bbox 2908 2051 3083 2084; x_wconf 88' lang='lat' dir='ltr'><strong>monu-</strong></span> 
     </span>
     <span class='ocr_line' id='line_1_64' title="bbox 1696 2102 3081 2222; baseline -0.009 -62"><span class='ocrx_word' id='word_1_525' title='bbox 1696 2113 2004 2222; x_wconf 54' lang='grc' dir='ltr'><strong>ωεηὸἰεὲυτίε</strong></span> <span class='ocrx_word' id='word_1_526' title='bbox 2017 2112 2175 2169; x_wconf 75' lang='lat' dir='ltr'><strong>graeci</strong></span> <span class='ocrx_word' id='word_1_527' title='bbox 2189 2111 2345 2168; x_wconf 81' lang='lat' dir='ltr'><strong>post-J</strong></span> <span class='ocrx_word' id='word_1_528' title='bbox 2353 2106 2605 2155; x_wconf 80' lang='lat' dir='ltr'><strong>ustinianei</strong></span> <span class='ocrx_word' id='word_1_529' title='bbox 2615 2105 2936 2160; x_wconf 80' lang='lat' dir='ltr'><strong>comparatos.</strong></span> <span class='ocrx_word' id='word_1_530' title='bbox 2956 2102 3081 2159; x_wconf 81' lang='lat' dir='ltr'><strong>Lips.</strong></span> 
     </span>
    </p>

    <p class='ocr_par' dir='ltr' id='par_1_12' title="bbox 1702 2223 3083 2357">
     <span class='ocr_line' id='line_1_65' title="bbox 1767 2223 3083 2291; baseline -0.011 -6"><span class='ocrx_word' id='word_1_531' title='bbox 1767 2236 1847 2291; x_wconf 87' lang='lat'><strong>10)</strong></span> <span class='ocrx_word' id='word_1_532' title='bbox 1909 2238 2015 2286; x_wconf 85' lang='lat' dir='ltr'><strong>Vid.</strong></span> <span class='ocrx_word' id='word_1_533' title='bbox 2058 2238 2255 2286; x_wconf 73' lang='lat' dir='ltr'><strong>Bienor</strong></span> <span class='ocrx_word' id='word_1_534' title='bbox 2275 2236 2308 2280; x_wconf 87' lang='lat' dir='ltr'><strong>l.</strong></span> <span class='ocrx_word' id='word_1_535' title='bbox 2333 2233 2367 2279; x_wconf 90' lang='lat' dir='ltr'><strong>l.</strong></span> <span class='ocrx_word' id='word_1_536' title='bbox 2410 2245 2460 2291; x_wconf 88' lang='lat' dir='ltr'><strong>p.</strong></span> <span class='ocrx_word' id='word_1_537' title='bbox 2489 2226 2600 2288; x_wconf 73' lang='lat'><strong>127,</strong></span> <span class='ocrx_word' id='word_1_538' title='bbox 2625 2224 2875 2279; x_wconf 49' lang='lat' dir='ltr'><strong>msc-K.</strong></span> <span class='ocrx_word' id='word_1_539' title='bbox 2905 2223 3083 2274; x_wconf 77' lang='lat' dir='ltr'><strong>Witte</strong></span> 
     </span>
     <span class='ocr_line' id='line_1_66' title="bbox 1702 2289 2544 2357; baseline -0.011 -7"><span class='ocrx_word' id='word_1_540' title='bbox 1702 2300 1782 2350; x_wconf 84' lang='lat' dir='ltr'><strong>die</strong></span> <span class='ocrx_word' id='word_1_541' title='bbox 1802 2301 1930 2356; x_wconf 78' lang='lat' dir='ltr'><strong>leges</strong></span> <span class='ocrx_word' id='word_1_542' title='bbox 1954 2302 2205 2347; x_wconf 82' lang='lat' dir='ltr'><strong>restitutae</strong></span> <span class='ocrx_word' id='word_1_543' title='bbox 2224 2312 2272 2357; x_wconf 91' lang='lat' dir='ltr'><strong>p.</strong></span> <span class='ocrx_word' id='word_1_544' title='bbox 2294 2294 2358 2341; x_wconf 78' lang='grc'><strong>50</strong></span> <span class='ocrx_word' id='word_1_545' title='bbox 2379 2319 2440 2328; x_wconf 89' lang='grc'>-</span> <span class='ocrx_word' id='word_1_546' title='bbox 2463 2289 2544 2341; x_wconf 75' lang='grc'>34.</span> 
     </span>
    </p>

    <p class='ocr_par' dir='ltr' id='par_1_13' title="bbox 1706 2347 3084 2733">
     <span class='ocr_line' id='line_1_67' title="bbox 1769 2347 3081 2418; baseline -0.013 -9"><span class='ocrx_word' id='word_1_547' title='bbox 1769 2360 1848 2418; x_wconf 88' lang='grc'><strong>11)</strong></span> <span class='ocrx_word' id='word_1_548' title='bbox 1874 2363 1980 2409; x_wconf 84' lang='lat' dir='ltr'><strong>vid.</strong></span> <span class='ocrx_word' id='word_1_549' title='bbox 2023 2366 2077 2409; x_wconf 84' lang='lat' dir='ltr'><strong>G.</strong></span> <span class='ocrx_word' id='word_1_550' title='bbox 2104 2366 2162 2410; x_wconf 90' lang='lat'><strong>0.</strong></span> <span class='ocrx_word' id='word_1_551' title='bbox 2184 2361 2334 2409; x_wconf 64' lang='grc' dir='ltr'><strong>,Ποία</strong></span> <span class='ocrx_word' id='word_1_552' title='bbox 2359 2358 2409 2403; x_wconf 90' lang='lat' dir='ltr'><strong>in</strong></span> <span class='ocrx_word' id='word_1_553' title='bbox 2427 2366 2629 2403; x_wconf 80' lang='lat' dir='ltr'><strong>excursu</strong></span> <span class='ocrx_word' id='word_1_554' title='bbox 2653 2356 2756 2400; x_wconf 75' lang='lat' dir='ltr'><strong>xx.</strong></span> <span class='ocrx_word' id='word_1_555' title='bbox 2776 2352 2839 2397; x_wconf 82' lang='lat' dir='ltr'><strong>sd</strong></span> <span class='ocrx_word' id='word_1_556' title='bbox 2859 2347 3081 2418; x_wconf 80' lang='lat' dir='ltr'><strong>Theoph,</strong></span> 
     </span>
     <span class='ocr_line' id='line_1_68' title="bbox 1706 2411 3082 2484; baseline -0.014 -9"><span class='ocrx_word' id='word_1_557' title='bbox 1706 2425 1856 2475; x_wconf 79' lang='lat' dir='ltr'><strong>Idem</strong></span> <span class='ocrx_word' id='word_1_558' title='bbox 1879 2424 1930 2471; x_wconf 89' lang='lat' dir='ltr'><strong>in</strong></span> <span class='ocrx_word' id='word_1_559' title='bbox 1952 2426 2107 2484; x_wconf 77' lang='lat' dir='ltr'><strong>praei.</strong></span> <span class='ocrx_word' id='word_1_560' title='bbox 2132 2426 2414 2481; x_wconf 87' lang='lat' dir='ltr'><strong>adquatuor</strong></span> <span class='ocrx_word' id='word_1_561' title='bbox 2437 2418 2624 2465; x_wconf 85' lang='lat' dir='ltr'><strong>Basilic.</strong></span> <span class='ocrx_word' id='word_1_562' title='bbox 2650 2417 2763 2462; x_wconf 85' lang='lat' dir='ltr'><strong>libr.</strong></span> <span class='ocrx_word' id='word_1_563' title='bbox 2786 2425 2811 2459; x_wconf 86' lang='lat' dir='ltr'><strong>a</strong></span> <span class='ocrx_word' id='word_1_564' title='bbox 2837 2425 2886 2457; x_wconf 80' lang='lat' dir='ltr'><strong>se</strong></span> <span class='ocrx_word' id='word_1_565' title='bbox 2910 2411 3082 2464; x_wconf 77' lang='lat' dir='ltr'><strong>editos,</strong></span> 
     </span>
     <span class='ocr_line' id='line_1_69' title="bbox 1709 2473 3045 2544; baseline -0.013 -11"><span class='ocrx_word' id='word_1_566' title='bbox 1709 2489 1796 2544; x_wconf 75' lang='lat' dir='ltr'><strong>SV.</strong></span> <span class='ocrx_word' id='word_1_567' title='bbox 1819 2489 1960 2535; x_wconf 59' lang='lat' dir='ltr'>——Ch</span> <span class='ocrx_word' id='word_1_568' title='bbox 1973 2488 2238 2535; x_wconf 72' lang='lat' dir='ltr'><strong>Ruhnken</strong></span> <span class='ocrx_word' id='word_1_569' title='bbox 2254 2486 2301 2530; x_wconf 90' lang='lat' dir='ltr'><strong>in</strong></span> <span class='ocrx_word' id='word_1_570' title='bbox 2316 2481 2474 2542; x_wconf 73' lang='lat' dir='ltr'><strong>praef.</strong></span> <span class='ocrx_word' id='word_1_571' title='bbox 2491 2482 2571 2527; x_wconf 89' lang='lat' dir='ltr'><strong>ad.</strong></span> <span class='ocrx_word' id='word_1_572' title='bbox 2593 2473 3045 2531; x_wconf 78' lang='lat' dir='ltr'><strong>Thalelaei‚Tlieo-</strong></span> 
     </span>
     <span class='ocr_line' id='line_1_70' title="bbox 1708 2535 3084 2609; baseline -0.011 -14"><span class='ocrx_word' id='word_1_573' title='bbox 1708 2551 1829 2598; x_wconf 79' lang='lat' dir='ltr'><strong>dori</strong></span> <span class='ocrx_word' id='word_1_574' title='bbox 1852 2551 2108 2609; x_wconf 82' lang='lat' dir='ltr'><strong>aliorumq.</strong></span> <span class='ocrx_word' id='word_1_575' title='bbox 2154 2550 2384 2595; x_wconf 74' lang='lat' dir='ltr'><strong>JCtorum</strong></span> <span class='ocrx_word' id='word_1_576' title='bbox 2422 2552 2712 2602; x_wconf 78' lang='lat' dir='ltr'><strong>graecorum</strong></span> <span class='ocrx_word' id='word_1_577' title='bbox 2748 2539 3009 2586; x_wconf 84' lang='lat' dir='ltr'><strong>comment.</strong></span> <span class='ocrx_word' id='word_1_578' title='bbox 3034 2535 3084 2581; x_wconf 88' lang='lat' dir='ltr'><strong>tn</strong></span> 
     </span>
     <span class='ocr_line' id='line_1_71' title="bbox 1710 2599 3082 2670; baseline -0.012 -13"><span class='ocrx_word' id='word_1_579' title='bbox 1710 2614 1807 2659; x_wconf 85' lang='lat' dir='ltr'><strong>Tit.</strong></span> <span class='ocrx_word' id='word_1_580' title='bbox 1833 2613 1936 2670; x_wconf 67' lang='grc' dir='ltr'>θὶς.</span> <span class='ocrx_word' id='word_1_581' title='bbox 1962 2617 2014 2659; x_wconf 89' lang='lat' dir='ltr'><strong>et</strong></span> <span class='ocrx_word' id='word_1_582' title='bbox 2034 2614 2152 2658; x_wconf 85' lang='lat' dir='ltr'><strong>cod.</strong></span> <span class='ocrx_word' id='word_1_583' title='bbox 2175 2612 2242 2657; x_wconf 81' lang='lat' dir='ltr'><strong>de</strong></span> <span class='ocrx_word' id='word_1_584' title='bbox 2260 2620 2483 2667; x_wconf 78' lang='lat' dir='ltr'><strong>procur.</strong></span> <span class='ocrx_word' id='word_1_585' title='bbox 2507 2609 2560 2653; x_wconf 81' lang='lat' dir='ltr'><strong>et</strong></span> <span class='ocrx_word' id='word_1_586' title='bbox 2583 2602 2788 2657; x_wconf 73' lang='lat' dir='ltr'><strong>defens.</strong></span> <span class='ocrx_word' id='word_1_587' title='bbox 2814 2625 2874 2634; x_wconf 92' lang='lat'><em>-</em></span> <span class='ocrx_word' id='word_1_588' title='bbox 2899 2601 2966 2646; x_wconf 82' lang='lat' dir='ltr'><strong>A.</strong></span> <span class='ocrx_word' id='word_1_589' title='bbox 2985 2599 3082 2642; x_wconf 84' lang='lat' dir='ltr'><strong>Gu.</strong></span> 
     </span>
     <span class='ocr_line' id='line_1_72' title="bbox 1712 2659 3079 2733; baseline -0.01 -12"><span class='ocrx_word' id='word_1_590' title='bbox 1712 2676 2221 2733; x_wconf 75' lang='lat' dir='ltr'><strong>Cramerlnispunct.</strong></span> <span class='ocrx_word' id='word_1_591' title='bbox 2243 2672 2369 2728; x_wconf 78' lang='lat' dir='ltr'><strong>juris</strong></span> <span class='ocrx_word' id='word_1_592' title='bbox 2401 2670 2494 2716; x_wconf 85' lang='lat' dir='ltr'><strong>civ.</strong></span> <span class='ocrx_word' id='word_1_593' title='bbox 2517 2668 2673 2726; x_wconf 85' lang='lat' dir='ltr'><strong>(Suer.</strong></span> <span class='ocrx_word' id='word_1_594' title='bbox 2713 2662 2854 2711; x_wconf 71' lang='grc'>1799.</span> <span class='ocrx_word' id='word_1_595' title='bbox 2876 2659 2945 2720; x_wconf 89' lang='lat'><strong>8.)</strong></span> <span class='ocrx_word' id='word_1_596' title='bbox 2966 2672 3011 2707; x_wconf 90' lang='lat' dir='ltr'><strong>c.</strong></span> <span class='ocrx_word' id='word_1_597' title='bbox 3055 2660 3079 2707; x_wconf 82' lang='lat'><strong>1</strong></span> 
     </span>
    </p>
   </div>
   <div class='ocr_carea' id='block_1_11' title="bbox 1706 2722 3087 2896">
    <p class='ocr_par' dir='ltr' id='par_1_14' title="bbox 1706 2722 3087 2896">
     <span class='ocr_line' id='line_1_73' title="bbox 1707 2722 3087 2796; baseline -0.012 -12"><span class='ocrx_word' id='word_1_598' title='bbox 1707 2738 1758 2784; x_wconf 90' lang='lat' dir='ltr'><strong>in</strong></span> <span class='ocrx_word' id='word_1_599' title='bbox 1783 2738 2230 2786; x_wconf 78' lang='lat' dir='ltr'><strong>t&#39;.-Ci&#39;.earundem</strong></span> <span class='ocrx_word' id='word_1_600' title='bbox 2244 2735 2490 2794; x_wconf 87' lang='lat' dir='ltr'><strong>dispunct.</strong></span> <span class='ocrx_word' id='word_1_601' title='bbox 2516 2743 2560 2779; x_wconf 90' lang='lat' dir='ltr'><strong>c.</strong></span> <span class='ocrx_word' id='word_1_602' title='bbox 2583 2727 2632 2777; x_wconf 76' lang='lat'><strong>5.</strong></span> <span class='ocrx_word' id='word_1_603' title='bbox 2655 2729 2798 2775; x_wconf 86' lang='lat' dir='ltr'><strong>inser.</strong></span> <span class='ocrx_word' id='word_1_604' title='bbox 2824 2722 3087 2796; x_wconf 50' lang='grc' dir='ltr'><strong>Ῥωμαῖαι</strong></span> 
     </span>
     <span class='ocr_line' id='line_1_74' title="bbox 1706 2805 3086 2896; baseline -0.017 -22"><span class='ocrx_word' id='word_1_605' title='bbox 1706 2824 2002 2896; x_wconf 58' lang='grc' dir='ltr'><strong><em>Μαφίστρου</em></strong></span> <span class='ocrx_word' id='word_1_606' title='bbox 2022 2819 2141 2880; x_wconf 87' lang='lat' dir='ltr'><strong>quid</strong></span> <span class='ocrx_word' id='word_1_607' title='bbox 2167 2821 2187 2864; x_wconf 79' lang='lat' dir='ltr'><strong>‘e</strong></span> <span class='ocrx_word' id='word_1_608' title='bbox 2213 2842 2272 2852; x_wconf 91' lang='lat'>—</span> <span class='ocrx_word' id='word_1_609' title='bbox 2307 2815 2503 2864; x_wconf 72' lang='lat' dir='ltr'><strong>Bienor</strong></span> <span class='ocrx_word' id='word_1_610' title='bbox 2516 2824 2566 2873; x_wconf 87' lang='lat' dir='ltr'><strong>p.</strong></span> <span class='ocrx_word' id='word_1_611' title='bbox 2597 2808 2676 2860; x_wconf 81' lang='lat'><strong>55.</strong></span> <span class='ocrx_word' id='word_1_612' title='bbox 2702 2834 2764 2847; x_wconf 87' lang='lat'><strong>·-</strong></span> <span class='ocrx_word' id='word_1_613' title='bbox 2790 2810 2868 2859; x_wconf 91' lang='lat' dir='ltr'><em>W</em></span> <span class='ocrx_word' id='word_1_614' title='bbox 2869 2810 2962 2857; x_wconf 81' lang='lat' dir='ltr'><strong>itte</strong></span> <span class='ocrx_word' id='word_1_615' title='bbox 3007 2805 3086 2852; x_wconf 88' lang='lat' dir='ltr'><strong>dle</strong></span> 
     </span>
    </p>
   </div>
   <div class='ocr_carea' id='block_1_12' title="bbox 1689 2897 3084 4020">
    <p class='ocr_par' dir='ltr' id='par_1_15' title="bbox 1706 2897 2228 2961">
     <span class='ocr_line' id='line_1_75' title="bbox 1706 2897 2228 2961; baseline -0.006 -12"><span class='ocrx_word' id='word_1_616' title='bbox 1706 2903 1799 2960; x_wconf 80' lang='lat' dir='ltr'><strong>leg.</strong></span> <span class='ocrx_word' id='word_1_617' title='bbox 1828 2908 1944 2950; x_wconf 85' lang='lat' dir='ltr'><strong>rest.</strong></span> <span class='ocrx_word' id='word_1_618' title='bbox 1972 2916 2018 2961; x_wconf 89' lang='lat' dir='ltr'><strong>p.</strong></span> <span class='ocrx_word' id='word_1_619' title='bbox 2044 2898 2126 2959; x_wconf 77' lang='lat'><strong>55,</strong></span> <span class='ocrx_word' id='word_1_620' title='bbox 2147 2897 2228 2947; x_wconf 77' lang='lat'><strong>30.</strong></span> 
     </span>
    </p>

    <p class='ocr_par' dir='ltr' id='par_1_16' title="bbox 1694 2953 3084 3270">
     <span class='ocr_line' id='line_1_76' title="bbox 1770 2953 3083 3021; baseline -0.01 -9"><span class='ocrx_word' id='word_1_621' title='bbox 1770 2963 1850 3021; x_wconf 71' lang='lat'><strong>12)</strong></span> <span class='ocrx_word' id='word_1_622' title='bbox 1894 2968 2088 3011; x_wconf 85' lang='lat' dir='ltr'><strong>Veteres</strong></span> <span class='ocrx_word' id='word_1_623' title='bbox 2111 2964 2295 3020; x_wconf 77' lang='lat' dir='ltr'><strong>glossae</strong></span> <span class='ocrx_word' id='word_1_624' title='bbox 2315 2961 2576 3008; x_wconf 82' lang='lat' dir='ltr'><strong>verborum</strong></span> <span class='ocrx_word' id='word_1_625' title='bbox 2591 2953 2736 3018; x_wconf 79' lang='lat' dir='ltr'><strong>juris,</strong></span> <span class='ocrx_word' id='word_1_626' title='bbox 2755 2967 2881 3012; x_wconf 85' lang='lat' dir='ltr'><strong>qnae</strong></span> <span class='ocrx_word' id='word_1_627' title='bbox 2900 2953 3083 3015; x_wconf 87' lang='lat' dir='ltr'><strong>passim</strong></span> 
     </span>
     <span class='ocr_line' id='line_1_77' title="bbox 1707 3019 3083 3088; baseline -0.008 -14"><span class='ocrx_word' id='word_1_628' title='bbox 1707 3029 1757 3074; x_wconf 89' lang='lat' dir='ltr'><strong>in</strong></span> <span class='ocrx_word' id='word_1_629' title='bbox 1784 3029 1991 3075; x_wconf 80' lang='lat' dir='ltr'><strong>Basilicis</strong></span> <span class='ocrx_word' id='word_1_630' title='bbox 2011 3025 2321 3084; x_wconf 79' lang='lat' dir='ltr'><strong>reperiuntur</strong></span> <span class='ocrx_word' id='word_1_631' title='bbox 2347 3047 2409 3057; x_wconf 93' lang='lat'><strong>—-</strong></span> <span class='ocrx_word' id='word_1_632' title='bbox 2429 3022 2735 3069; x_wconf 80' lang='lat' dir='ltr'><strong>accesserunt</strong></span> <span class='ocrx_word' id='word_1_633' title='bbox 2758 3041 2817 3088; x_wconf 63' lang='lat'><strong>—7</strong></span> <span class='ocrx_word' id='word_1_634' title='bbox 2836 3021 2924 3065; x_wconf 86' lang='lat' dir='ltr'><strong>Jo.</strong></span> <span class='ocrx_word' id='word_1_635' title='bbox 2955 3019 3083 3064; x_wconf 82' lang='lat' dir='ltr'><strong>Sca-</strong></span> 
     </span>
     <span class='ocr_line' id='line_1_78' title="bbox 1697 3081 3084 3149; baseline -0.008 -13"><span class='ocrx_word' id='word_1_636' title='bbox 1697 3090 1848 3149; x_wconf 74' lang='lat' dir='ltr'><strong>liqeri</strong></span> <span class='ocrx_word' id='word_1_637' title='bbox 1867 3095 1914 3136; x_wconf 90' lang='lat' dir='ltr'><strong>et</strong></span> <span class='ocrx_word' id='word_1_638' title='bbox 1937 3090 2145 3135; x_wconf 86' lang='lat' dir='ltr'><strong>aliorum</strong></span> <span class='ocrx_word' id='word_1_639' title='bbox 2178 3089 2366 3134; x_wconf 80' lang='lat' dir='ltr'><strong>doctor.</strong></span> <span class='ocrx_word' id='word_1_640' title='bbox 2389 3087 2536 3131; x_wconf 81' lang='lat' dir='ltr'><strong>viror.</strong></span> <span class='ocrx_word' id='word_1_641' title='bbox 2560 3081 2926 3128; x_wconf 74' lang='lat' dir='ltr'><strong>emendationes</strong></span> <span class='ocrx_word' id='word_1_642' title='bbox 2956 3114 2972 3140; x_wconf 89' lang='lat'>‚</span> <span class='ocrx_word' id='word_1_643' title='bbox 2995 3082 3084 3126; x_wconf 87' lang='lat' dir='ltr'><strong>de·</strong></span> 
     </span>
     <span class='ocr_line' id='line_1_79' title="bbox 1697 3142 3078 3211; baseline -0.008 -12"><span class='ocrx_word' id='word_1_644' title='bbox 1697 3155 1846 3211; x_wconf 86' lang='lat' dir='ltr'><strong>nique</strong></span> <span class='ocrx_word' id='word_1_645' title='bbox 1889 3157 2036 3199; x_wconf 85' lang='lat' dir='ltr'><strong>notae</strong></span> <span class='ocrx_word' id='word_1_646' title='bbox 2059 3150 2189 3197; x_wconf 71' lang='lat' dir='ltr'><strong>Ant.</strong></span> <span class='ocrx_word' id='word_1_647' title='bbox 2233 3145 2546 3206; x_wconf 75' lang='lat' dir='ltr'><strong>Schultinyii</strong></span> <span class='ocrx_word' id='word_1_648' title='bbox 2570 3160 2587 3200; x_wconf 68' lang='grc' dir='ltr'><strong><em>ς</em></strong></span> <span class='ocrx_word' id='word_1_649' title='bbox 2615 3147 2666 3191; x_wconf 91' lang='lat' dir='ltr'><strong>in</strong></span> <span class='ocrx_word' id='word_1_650' title='bbox 2705 3142 2911 3189; x_wconf 73' lang='lat' dir='ltr'><strong>octonis</strong></span> <span class='ocrx_word' id='word_1_651' title='bbox 2953 3142 3078 3189; x_wconf 85' lang='lat' dir='ltr'><strong>thes.</strong></span> 
     </span>
     <span class='ocr_line' id='line_1_80' title="bbox 1694 3210 2428 3270; baseline -0.007 -8"><span class='ocrx_word' id='word_1_652' title='bbox 1694 3215 1795 3270; x_wconf 83' lang='lat' dir='ltr'><strong>jur.</strong></span> <span class='ocrx_word' id='word_1_653' title='bbox 1825 3217 1965 3262; x_wconf 81' lang='lat' dir='ltr'><strong>Rom.</strong></span> <span class='ocrx_word' id='word_1_654' title='bbox 1988 3215 2136 3270; x_wconf 90' lang='lat' dir='ltr'><strong>lll.p.</strong></span> <span class='ocrx_word' id='word_1_655' title='bbox 2166 3210 2288 3259; x_wconf 77' lang='grc'>1097</span> <span class='ocrx_word' id='word_1_656' title='bbox 2320 3223 2428 3270; x_wconf 86' lang='lat' dir='ltr'><strong>sqq.</strong></span> 
     </span>
    </p>

    <p class='ocr_par' dir='ltr' id='par_1_17' title="bbox 1694 3266 3078 3521">
     <span class='ocr_line' id='line_1_81' title="bbox 1766 3266 3077 3335; baseline -0.007 -10"><span class='ocrx_word' id='word_1_657' title='bbox 1766 3276 1842 3335; x_wconf 79' lang='lat'><strong>¹5)</strong></span> <span class='ocrx_word' id='word_1_658' title='bbox 1892 3277 2090 3323; x_wconf 63' lang='lat' dir='ltr'><strong>menei·</strong></span> <span class='ocrx_word' id='word_1_659' title='bbox 2125 3276 2221 3321; x_wconf 90' lang='grc'>1.1.</span> <span class='ocrx_word' id='word_1_660' title='bbox 2259 3286 2306 3332; x_wconf 89' lang='lat' dir='ltr'><strong>p.</strong></span> <span class='ocrx_word' id='word_1_661' title='bbox 2349 3270 2437 3319; x_wconf 78' lang='lat'><strong>131</strong></span> <span class='ocrx_word' id='word_1_662' title='bbox 2466 3266 2933 3317; x_wconf 75' lang='lat' dir='ltr'><strong>-153.—·Cae1er.</strong></span> <span class='ocrx_word' id='word_1_663' title='bbox 2980 3271 3077 3317; x_wconf 84' lang='lat' dir='ltr'><strong>vid.</strong></span> 
     </span>
     <span class='ocr_line' id='line_1_82' title="bbox 1694 3330 3076 3389; baseline -0.005 -3"><span class='ocrx_word' id='word_1_664' title='bbox 1694 3338 2072 3387; x_wconf 72' lang='lat' dir='ltr'><strong>Sllberradium</strong></span> <span class='ocrx_word' id='word_1_665' title='bbox 2090 3339 2149 3383; x_wconf 86' lang='lat' dir='ltr'><strong>ad</strong></span> <span class='ocrx_word' id='word_1_666' title='bbox 2172 3334 2447 3383; x_wconf 77' lang='lat' dir='ltr'><strong>Heineccii</strong></span> <span class='ocrx_word' id='word_1_667' title='bbox 2468 3334 2580 3379; x_wconf 81' lang='lat' dir='ltr'><strong>hist.</strong></span> <span class='ocrx_word' id='word_1_668' title='bbox 2600 3332 2698 3386; x_wconf 79' lang='lat' dir='ltr'><strong>iur.</strong></span> <span class='ocrx_word' id='word_1_669' title='bbox 2726 3330 2885 3389; x_wconf 70' lang='lat'><strong>3404.</strong></span> <span class='ocrx_word' id='word_1_670' title='bbox 2906 3337 3009 3378; x_wconf 84' lang='lat' dir='ltr'><strong>not.</strong></span> <span class='ocrx_word' id='word_1_671' title='bbox 3031 3345 3076 3380; x_wconf 87' lang='lat' dir='ltr'><strong>a.</strong></span> 
     </span>
     <span class='ocr_line' id='line_1_83' title="bbox 1697 3395 3078 3454; baseline -0.005 -5"><span class='ocrx_word' id='word_1_672' title='bbox 1697 3402 1961 3450; x_wconf 75' lang='lat' dir='ltr'><strong>-Bacliii</strong></span> <span class='ocrx_word' id='word_1_673' title='bbox 1991 3401 2103 3445; x_wconf 85' lang='lat' dir='ltr'><strong>hist.</strong></span> <span class='ocrx_word' id='word_1_674' title='bbox 2142 3399 2243 3454; x_wconf 85' lang='lat' dir='ltr'><strong>jur.</strong></span> <span class='ocrx_word' id='word_1_675' title='bbox 2274 3401 2410 3444; x_wconf 77' lang='lat' dir='ltr'><strong>Rom.</strong></span> <span class='ocrx_word' id='word_1_676' title='bbox 2446 3395 2550 3444; x_wconf 83' lang='lat' dir='ltr'><strong>Lib.</strong></span> <span class='ocrx_word' id='word_1_677' title='bbox 2586 3395 2662 3442; x_wconf 86' lang='lat' dir='ltr'><strong>lV.</strong></span> <span class='ocrx_word' id='word_1_678' title='bbox 2705 3407 2749 3441; x_wconf 89' lang='lat' dir='ltr'><strong>c.</strong></span> <span class='ocrx_word' id='word_1_679' title='bbox 2785 3397 2841 3442; x_wconf 90' lang='lat' dir='ltr'><strong>ll.</strong></span> <span class='ocrx_word' id='word_1_680' title='bbox 2867 3396 2995 3442; x_wconf 80' lang='lat' dir='ltr'><strong>sect.</strong></span> <span class='ocrx_word' id='word_1_681' title='bbox 3021 3397 3078 3442; x_wconf 92' lang='lat' dir='ltr'><strong>ll.</strong></span> 
     </span>
     <span class='ocr_line' id='line_1_84' title="bbox 1698 3461 2408 3521; baseline -0.008 -9"><span class='ocrx_word' id='word_1_682' title='bbox 1698 3464 1791 3521; x_wconf 71' lang='lat'><strong>35.</strong></span> <span class='ocrx_word' id='word_1_683' title='bbox 1813 3471 1862 3510; x_wconf 88' lang='lat' dir='ltr'><strong>et</strong></span> <span class='ocrx_word' id='word_1_684' title='bbox 1885 3464 1952 3511; x_wconf 93' lang='lat' dir='ltr'><strong>ibi</strong></span> <span class='ocrx_word' id='word_1_685' title='bbox 1977 3461 2408 3509; x_wconf 79' lang='lat' dir='ltr'><strong>Stocltmannum.</strong></span> 
     </span>
    </p>

    <p class='ocr_par' dir='ltr' id='par_1_18' title="bbox 1689 3518 3080 4020">
     <span class='ocr_line' id='line_1_85' title="bbox 1761 3518 3077 3583; baseline -0.008 -9"><span class='ocrx_word' id='word_1_686' title='bbox 1761 3525 1840 3583; x_wconf 72' lang='lat'><strong>14)</strong></span> <span class='ocrx_word' id='word_1_687' title='bbox 1870 3527 2062 3573; x_wconf 80' lang='lat' dir='ltr'><strong>Biener</strong></span> <span class='ocrx_word' id='word_1_688' title='bbox 2082 3535 2131 3581; x_wconf 86' lang='lat' dir='ltr'><strong>p.</strong></span> <span class='ocrx_word' id='word_1_689' title='bbox 2155 3522 2245 3569; x_wconf 71' lang='grc' dir='ltr'><strong>1ὔῖ</strong></span> <span class='ocrx_word' id='word_1_690' title='bbox 2263 3536 2335 3582; x_wconf 84' lang='lat' dir='ltr'><strong>sq.</strong></span> <span class='ocrx_word' id='word_1_691' title='bbox 2355 3547 2416 3555; x_wconf 91' lang='lat'>-</span> <span class='ocrx_word' id='word_1_692' title='bbox 2437 3521 2625 3567; x_wconf 81' lang='lat' dir='ltr'><strong>caeter.</strong></span> <span class='ocrx_word' id='word_1_693' title='bbox 2653 3518 2748 3567; x_wconf 85' lang='lat' dir='ltr'><strong>vid.</strong></span> <span class='ocrx_word' id='word_1_694' title='bbox 2789 3522 2855 3566; x_wconf 80' lang='lat' dir='ltr'><strong>K.</strong></span> <span class='ocrx_word' id='word_1_695' title='bbox 2903 3518 3077 3568; x_wconf 75' lang='lat' dir='ltr'><strong>Witte</strong></span> 
     </span>
     <span class='ocr_line' id='line_1_86' title="bbox 1695 3581 3078 3659; baseline -0.004 -27"><span class='ocrx_word' id='word_1_696' title='bbox 1695 3586 1760 3634; x_wconf 88' lang='lat' dir='ltr'><strong>im</strong></span> <span class='ocrx_word' id='word_1_697' title='bbox 1799 3589 1967 3635; x_wconf 83' lang='lat' dir='ltr'><strong>Rhein.</strong></span> <span class='ocrx_word' id='word_1_698' title='bbox 2003 3588 2219 3659; x_wconf 79' lang='lat' dir='ltr'><strong>Museum</strong></span> <span class='ocrx_word' id='word_1_699' title='bbox 2236 3587 2295 3656; x_wconf 83' lang='lat'><strong>.¹¹·</strong></span> <span class='ocrx_word' id='word_1_700' title='bbox 2321 3599 2369 3644; x_wconf 82' lang='lat' dir='ltr'><strong>p.</strong></span> <span class='ocrx_word' id='word_1_701' title='bbox 2393 3581 2487 3630; x_wconf 69' lang='lat'><strong>275</strong></span> <span class='ocrx_word' id='word_1_702' title='bbox 2510 3593 2616 3640; x_wconf 82' lang='lat' dir='ltr'><strong>sqq.</strong></span> <span class='ocrx_word' id='word_1_703' title='bbox 2652 3583 2669 3637; x_wconf 95' lang='lat'>(</span> <span class='ocrx_word' id='word_1_704' title='bbox 2693 3581 2808 3628; x_wconf 80' lang='lat' dir='ltr'><strong>add.</strong></span> <span class='ocrx_word' id='word_1_705' title='bbox 2833 3583 2912 3656; x_wconf 64' lang='grc'>111.</span> <span class='ocrx_word' id='word_1_706' title='bbox 2939 3595 2986 3638; x_wconf 85' lang='lat' dir='ltr'><strong>p.</strong></span> <span class='ocrx_word' id='word_1_707' title='bbox 3012 3581 3078 3627; x_wconf 71' lang='lat'><strong>23</strong></span> 
     </span>
     <span class='ocr_line' id='line_1_87' title="bbox 1695 3642 3080 3773; baseline -0.009 -11"><span class='ocrx_word' id='word_1_708' title='bbox 1695 3649 2281 3773; x_wconf 51' lang='lat' dir='ltr'><strong>“zai-’az‘z‘szzfseff</strong></span> <span class='ocrx_word' id='word_1_709' title='bbox 2290 3650 2426 3757; x_wconf 48' lang='lat' dir='ltr'><strong>§.ss-„¹</strong></span> <span class='ocrx_word' id='word_1_710' title='bbox 2435 3645 2773 3754; x_wconf 45' lang='lat' dir='ltr'><strong>{sss-..2123</strong></span> <span class='ocrx_word' id='word_1_711' title='bbox 2786 3642 3080 3762; x_wconf 48' lang='lat' dir='ltr'><strong>‘fin</strong></span> 
     </span>
     <span class='ocr_line' id='line_1_88' title="bbox 1691 3767 3080 3832; baseline -0.008 -9"><span class='ocrx_word' id='word_1_712' title='bbox 1691 3779 1901 3832; x_wconf 44' lang='grc' dir='ltr'>κιρ-Κ.</span> <span class='ocrx_word' id='word_1_713' title='bbox 1932 3774 2102 3822; x_wconf 74' lang='lat' dir='ltr'><strong>Wiue</strong></span> <span class='ocrx_word' id='word_1_714' title='bbox 2119 3774 2287 3821; x_wconf 76' lang='lat' dir='ltr'><strong>Rhein.</strong></span> <span class='ocrx_word' id='word_1_715' title='bbox 2306 3774 2429 3819; x_wconf 79' lang='lat' dir='ltr'><strong>Mus.</strong></span> <span class='ocrx_word' id='word_1_716' title='bbox 2453 3773 2511 3817; x_wconf 91' lang='lat' dir='ltr'><strong>ll.</strong></span> <span class='ocrx_word' id='word_1_717' title='bbox 2536 3783 2582 3828; x_wconf 88' lang='lat' dir='ltr'><strong>p.</strong></span> <span class='ocrx_word' id='word_1_718' title='bbox 2599 3767 2694 3815; x_wconf 64' lang='lat'><strong>275</strong></span> <span class='ocrx_word' id='word_1_719' title='bbox 2716 3781 2823 3826; x_wconf 79' lang='lat' dir='ltr'><strong>sqq.</strong></span> <span class='ocrx_word' id='word_1_720' title='bbox 2851 3772 2929 3815; x_wconf 91' lang='lat' dir='ltr'><strong>lll.</strong></span> <span class='ocrx_word' id='word_1_721' title='bbox 2949 3779 2997 3824; x_wconf 82' lang='lat' dir='ltr'><strong>p.</strong></span> <span class='ocrx_word' id='word_1_722' title='bbox 3017 3767 3080 3812; x_wconf 73' lang='lat'><strong>23</strong></span> 
     </span>
     <span class='ocr_line' id='line_1_89' title="bbox 1691 3831 3076 3896; baseline -0.006 -12"><span class='ocrx_word' id='word_1_723' title='bbox 1691 3848 1796 3896; x_wconf 80' lang='lat' dir='ltr'><strong>sqq.</strong></span> <span class='ocrx_word' id='word_1_724' title='bbox 1823 3864 1882 3872; x_wconf 91' lang='lat'>—</span> <span class='ocrx_word' id='word_1_725' title='bbox 1913 3838 2312 3883; x_wconf 75' lang='lat' dir='ltr'><strong>Observationum</strong></span> <span class='ocrx_word' id='word_1_726' title='bbox 2354 3835 2474 3890; x_wconf 80' lang='lat' dir='ltr'><strong>ini-is</strong></span> <span class='ocrx_word' id='word_1_727' title='bbox 2514 3832 2925 3879; x_wconf 81' lang='lat' dir='ltr'><strong>Graeco-Romani</strong></span> <span class='ocrx_word' id='word_1_728' title='bbox 2961 3831 3076 3875; x_wconf 76' lang='lat' dir='ltr'><strong>Pars</strong></span> 
     </span>
     <span class='ocr_line' id='line_1_90' title="bbox 1689 3893 3072 3959; baseline -0.005 -15"><span class='ocrx_word' id='word_1_729' title='bbox 1689 3902 1863 3955; x_wconf 87' lang='lat' dir='ltr'><strong>prima.</strong></span> <span class='ocrx_word' id='word_1_730' title='bbox 1889 3900 2144 3959; x_wconf 80' lang='lat' dir='ltr'><strong>scriptoris</strong></span> <span class='ocrx_word' id='word_1_731' title='bbox 2160 3899 2386 3956; x_wconf 76' lang='lat' dir='ltr'><strong>anonymi</strong></span> <span class='ocrx_word' id='word_1_732' title='bbox 2425 3899 2486 3942; x_wconf 86' lang='lat' dir='ltr'><strong>de</strong></span> <span class='ocrx_word' id='word_1_733' title='bbox 2524 3893 2797 3939; x_wconf 78' lang='lat' dir='ltr'><strong>actionibus</strong></span> <span class='ocrx_word' id='word_1_734' title='bbox 2823 3894 2997 3936; x_wconf 80' lang='lat' dir='ltr'><strong>librum</strong></span> <span class='ocrx_word' id='word_1_735' title='bbox 3016 3903 3072 3937; x_wconf 82' lang='lat' dir='ltr'><strong>ex</strong></span> 
     </span>
     <span class='ocr_line' id='line_1_91' title="bbox 1689 3953 3078 4020; baseline -0.004 -15"><span class='ocrx_word' id='word_1_736' title='bbox 1689 3962 1843 4009; x_wconf 80' lang='lat' dir='ltr'><strong>tribus</strong></span> <span class='ocrx_word' id='word_1_737' title='bbox 1862 3963 2013 4009; x_wconf 89' lang='lat' dir='ltr'><strong>Codd.</strong></span> <span class='ocrx_word' id='word_1_738' title='bbox 2045 3963 2157 4009; x_wconf 81' lang='lat' dir='ltr'><strong>Mss.</strong></span> <span class='ocrx_word' id='word_1_739' title='bbox 2201 3962 2384 4020; x_wconf 79' lang='lat' dir='ltr'><strong>primus</strong></span> <span class='ocrx_word' id='word_1_740' title='bbox 2404 3956 2556 4005; x_wconf 85' lang='lat' dir='ltr'><strong>edidit</strong></span> <span class='ocrx_word' id='word_1_741' title='bbox 2576 3959 2721 4001; x_wconf 82' lang='lat' dir='ltr'><strong>Gust.</strong></span> <span class='ocrx_word' id='word_1_742' title='bbox 2748 3955 2877 3999; x_wconf 78' lang='lat' dir='ltr'><strong>Em.</strong></span> <span class='ocrx_word' id='word_1_743' title='bbox 2901 3953 3078 4020; x_wconf 49' lang='lat' dir='ltr'><strong>IIeIm-</strong></span> 
     </span>
    </p>
   </div>
   <div class='ocr_carea' id='block_1_13' title="bbox 1684 4022 2176 4082">
    <p class='ocr_par' dir='ltr' id='par_1_19' title="bbox 1684 4022 2176 4082">
     <span class='ocr_line' id='line_1_92' title="bbox 1684 4022 2176 4082; baseline 0.004 -15"><span class='ocrx_word' id='word_1_744' title='bbox 1684 4022 1840 4072; x_wconf 63' lang='lat' dir='ltr'><strong>bac-11.</strong></span> <span class='ocrx_word' id='word_1_745' title='bbox 1875 4026 2000 4082; x_wconf 70' lang='lat' dir='ltr'><strong>mps.</strong></span> <span class='ocrx_word' id='word_1_746' title='bbox 2037 4023 2176 4071; x_wconf 78' lang='lat'><strong>1850.</strong></span> 
     </span>
    </p>
   </div>
   <div class='ocr_carea' id='block_1_14' title="bbox 1696 4079 3082 4830">
    <p class='ocr_par' dir='ltr' id='par_1_20' title="bbox 1696 4079 3082 4516">
     <span class='ocr_line' id='line_1_93' title="bbox 1761 4079 3077 4145; baseline -0.008 -11"><span class='ocrx_word' id='word_1_747' title='bbox 1761 4086 1839 4145; x_wconf 84' lang='grc'><strong>16)</strong></span> <span class='ocrx_word' id='word_1_748' title='bbox 1870 4090 1944 4133; x_wconf 79' lang='lat' dir='ltr'><strong>Lx</strong></span> <span class='ocrx_word' id='word_1_749' title='bbox 1969 4087 2218 4133; x_wconf 85' lang='lat' dir='ltr'><strong>Librorum</strong></span> <span class='ocrx_word' id='word_1_750' title='bbox 2260 4083 2540 4130; x_wconf 74' lang='lat' dir='ltr'><strong>Basiliccom.</strong></span> <span class='ocrx_word' id='word_1_751' title='bbox 2568 4079 2599 4125; x_wconf 81' lang='lat' dir='ltr'><strong>i.</strong></span> <span class='ocrx_word' id='word_1_752' title='bbox 2625 4090 2668 4122; x_wconf 84' lang='lat' dir='ltr'><strong>c.</strong></span> <span class='ocrx_word' id='word_1_753' title='bbox 2704 4079 2915 4124; x_wconf 85' lang='lat' dir='ltr'><strong>universi</strong></span> <span class='ocrx_word' id='word_1_754' title='bbox 2957 4079 3077 4132; x_wconf 73' lang='lat' dir='ltr'><strong>juris</strong></span> 
     </span>
     <span class='ocr_line' id='line_1_94' title="bbox 1700 4142 3076 4206; baseline -0.006 -12"><span class='ocrx_word' id='word_1_755' title='bbox 1700 4149 1898 4197; x_wconf 84' lang='lat' dir='ltr'><strong>Romani</strong></span> <span class='ocrx_word' id='word_1_756' title='bbox 1924 4161 2146 4206; x_wconf 74' lang='lat' dir='ltr'><strong>graecam</strong></span> <span class='ocrx_word' id='word_1_757' title='bbox 2172 4150 2220 4193; x_wconf 86' lang='lat' dir='ltr'><strong>ln</strong></span> <span class='ocrx_word' id='word_1_758' title='bbox 2241 4148 2456 4203; x_wconf 77' lang='lat' dir='ltr'><strong>linguam</strong></span> <span class='ocrx_word' id='word_1_759' title='bbox 2480 4142 2687 4186; x_wconf 82' lang='lat' dir='ltr'><strong>traducti</strong></span> <span class='ocrx_word' id='word_1_760' title='bbox 2713 4144 2924 4198; x_wconf 75' lang='lat' dir='ltr'><strong>eclogas.</strong></span> <span class='ocrx_word' id='word_1_761' title='bbox 2952 4144 3076 4199; x_wconf 73' lang='lat' dir='ltr'><strong>Syn·</strong></span> 
     </span>
     <span class='ocr_line' id='line_1_95' title="bbox 1696 4205 3075 4269; baseline -0.005 -13"><span class='ocrx_word' id='word_1_762' title='bbox 1696 4214 1825 4269; x_wconf 70' lang='lat' dir='ltr'><strong>opsis</strong></span> <span class='ocrx_word' id='word_1_763' title='bbox 1861 4213 2172 4260; x_wconf 78' lang='lat' dir='ltr'><strong>Basilicornm</strong></span> <span class='ocrx_word' id='word_1_764' title='bbox 2201 4243 2215 4264; x_wconf 86' lang='lat'><strong>.‚</strong></span> <span class='ocrx_word' id='word_1_765' title='bbox 2237 4222 2310 4266; x_wconf 71' lang='lat' dir='ltr'><strong>gr.</strong></span> <span class='ocrx_word' id='word_1_766' title='bbox 2353 4214 2402 4252; x_wconf 89' lang='lat' dir='ltr'><strong>et</strong></span> <span class='ocrx_word' id='word_1_767' title='bbox 2442 4210 2527 4252; x_wconf 85' lang='lat' dir='ltr'><strong>lat.</strong></span> <span class='ocrx_word' id='word_1_768' title='bbox 2567 4205 2696 4249; x_wconf 83' lang='lat' dir='ltr'><strong>edita</strong></span> <span class='ocrx_word' id='word_1_769' title='bbox 2726 4217 2751 4249; x_wconf 89' lang='lat' dir='ltr'><strong>a</strong></span> <span class='ocrx_word' id='word_1_770' title='bbox 2774 4207 2862 4251; x_wconf 82' lang='lat' dir='ltr'><strong>Jo.</strong></span> <span class='ocrx_word' id='word_1_771' title='bbox 2902 4206 3075 4250; x_wconf 77' lang='lat' dir='ltr'><strong>Leun-</strong></span> 
     </span>
     <span class='ocr_line' id='line_1_96' title="bbox 1698 4266 3079 4320; baseline -0.007 -1"><span class='ocrx_word' id='word_1_772' title='bbox 1698 4274 1888 4320; x_wconf 80' lang='grc' dir='ltr'>οίαυὶυ.</span> <span class='ocrx_word' id='word_1_773' title='bbox 1916 4274 2053 4318; x_wconf 83' lang='lat' dir='ltr'><strong>Basii.</strong></span> <span class='ocrx_word' id='word_1_774' title='bbox 2082 4270 2220 4318; x_wconf 78' lang='lat'><strong>1575.</strong></span> <span class='ocrx_word' id='word_1_775' title='bbox 2261 4271 2346 4316; x_wconf 67' lang='lat' dir='ltr'><strong>fol.</strong></span> <span class='ocrx_word' id='word_1_776' title='bbox 2372 4293 2428 4300; x_wconf 89' lang='lat'>—</span> <span class='ocrx_word' id='word_1_777' title='bbox 2450 4272 2568 4313; x_wconf 74' lang='lat' dir='ltr'><strong>Car.</strong></span> <span class='ocrx_word' id='word_1_778' title='bbox 2597 4266 2824 4313; x_wconf 80' lang='lat' dir='ltr'><strong>Labbaei</strong></span> <span class='ocrx_word' id='word_1_779' title='bbox 2848 4267 3079 4311; x_wconf 79' lang='lat' dir='ltr'><strong>observa-</strong></span> 
     </span>
     <span class='ocr_line' id='line_1_97' title="bbox 1707 4329 3075 4386; baseline -0.003 -8"><span class='ocrx_word' id='word_1_780' title='bbox 1707 4337 1826 4380; x_wconf 89' lang='lat' dir='ltr'><strong>tion.</strong></span> <span class='ocrx_word' id='word_1_781' title='bbox 1870 4341 1919 4379; x_wconf 86' lang='lat' dir='ltr'><strong>et</strong></span> <span class='ocrx_word' id='word_1_782' title='bbox 1959 4335 2285 4380; x_wconf 83' lang='lat' dir='ltr'><strong>emendation.</strong></span> <span class='ocrx_word' id='word_1_783' title='bbox 2314 4333 2362 4377; x_wconf 88' lang='lat' dir='ltr'><strong>in</strong></span> <span class='ocrx_word' id='word_1_784' title='bbox 2387 4332 2623 4386; x_wconf 76' lang='lat' dir='ltr'><strong>Synopsin</strong></span> <span class='ocrx_word' id='word_1_785' title='bbox 2651 4332 2891 4377; x_wconf 59' lang='grc'>11.-1311111111.</span> <span class='ocrx_word' id='word_1_786' title='bbox 2928 4329 3075 4374; x_wconf 71' lang='lat' dir='ltr'><strong>Paris.</strong></span> 
     </span>
     <span class='ocr_line' id='line_1_98' title="bbox 1709 4391 3082 4452; baseline -0.006 -10"><span class='ocrx_word' id='word_1_787' title='bbox 1709 4394 1846 4442; x_wconf 82' lang='lat'><strong>1007.</strong></span> <span class='ocrx_word' id='word_1_788' title='bbox 1883 4393 1930 4441; x_wconf 82' lang='lat'><strong>8.</strong></span> <span class='ocrx_word' id='word_1_789' title='bbox 1958 4397 2050 4452; x_wconf 80' lang='lat' dir='ltr'><strong>(Cf.</strong></span> <span class='ocrx_word' id='word_1_790' title='bbox 2085 4399 2263 4450; x_wconf 70' lang='grc' dir='ltr'>ιἰυαε.</span> <span class='ocrx_word' id='word_1_791' title='bbox 2310 4395 2468 4438; x_wconf 74' lang='lat' dir='ltr'><strong>xvnl.</strong></span> <span class='ocrx_word' id='word_1_792' title='bbox 2497 4393 2601 4438; x_wconf 84' lang='lat' dir='ltr'><strong>obs.</strong></span> <span class='ocrx_word' id='word_1_793' title='bbox 2645 4391 2764 4448; x_wconf 56' lang='lat'><strong>52).</strong></span> <span class='ocrx_word' id='word_1_794' title='bbox 2804 4417 2860 4425; x_wconf 92' lang='lat'><strong>-—-</strong></span> <span class='ocrx_word' id='word_1_795' title='bbox 2889 4391 3082 4436; x_wconf 63' lang='lat' dir='ltr'><strong>Bienor·</strong></span> 
     </span>
     <span class='ocr_line' id='line_1_99' title="bbox 1706 4451 3076 4516; baseline -0.007 -10"><span class='ocrx_word' id='word_1_796' title='bbox 1706 4471 1755 4516; x_wconf 85' lang='lat' dir='ltr'><strong>p.</strong></span> <span class='ocrx_word' id='word_1_797' title='bbox 1781 4457 1890 4504; x_wconf 85' lang='grc'>151.</span> <span class='ocrx_word' id='word_1_798' title='bbox 1911 4483 1970 4490; x_wconf 94' lang='grc'>-</span> <span class='ocrx_word' id='word_1_799' title='bbox 1991 4458 2163 4505; x_wconf 72' lang='lat' dir='ltr'><strong>usiae</strong></span> <span class='ocrx_word' id='word_1_800' title='bbox 2201 4457 2277 4501; x_wconf 78' lang='lat' dir='ltr'><strong>die</strong></span> <span class='ocrx_word' id='word_1_801' title='bbox 2300 4457 2426 4512; x_wconf 83' lang='lat' dir='ltr'><strong>leges</strong></span> <span class='ocrx_word' id='word_1_802' title='bbox 2449 4457 2696 4501; x_wconf 78' lang='lat' dir='ltr'><strong>restitutae</strong></span> <span class='ocrx_word' id='word_1_803' title='bbox 2722 4491 2736 4512; x_wconf 64' lang='grc'>.</span> <span class='ocrx_word' id='word_1_804' title='bbox 2763 4470 2810 4514; x_wconf 86' lang='lat' dir='ltr'><strong>p.</strong></span> <span class='ocrx_word' id='word_1_805' title='bbox 2835 4452 2897 4498; x_wconf 77' lang='grc'><strong>51</strong></span> <span class='ocrx_word' id='word_1_806' title='bbox 2921 4478 2979 4485; x_wconf 52' lang='grc' dir='ltr'><strong>ο-</strong></span> <span class='ocrx_word' id='word_1_807' title='bbox 2997 4451 3076 4498; x_wconf 79' lang='grc'>58.</span> 
     </span>
    </p>

    <p class='ocr_par' dir='ltr' id='par_1_21' title="bbox 1703 4517 3076 4752">
     <span class='ocr_line' id='line_1_100' title="bbox 1772 4517 3074 4577; baseline -0.007 -10"><span class='ocrx_word' id='word_1_808' title='bbox 1772 4520 1849 4577; x_wconf 89' lang='grc'><strong>17)</strong></span> <span class='ocrx_word' id='word_1_809' title='bbox 1891 4522 2031 4577; x_wconf 86' lang='lat' dir='ltr'><strong>Saep.</strong></span> <span class='ocrx_word' id='word_1_810' title='bbox 2056 4520 2173 4565; x_wconf 87' lang='lat' dir='ltr'><strong>edit.</strong></span> <span class='ocrx_word' id='word_1_811' title='bbox 2198 4525 2247 4563; x_wconf 90' lang='lat' dir='ltr'><strong>ct</strong></span> <span class='ocrx_word' id='word_1_812' title='bbox 2266 4521 2443 4564; x_wconf 77' lang='lat' dir='ltr'><strong>noviss.</strong></span> <span class='ocrx_word' id='word_1_813' title='bbox 2465 4531 2524 4563; x_wconf 85' lang='lat' dir='ltr'><strong>ex</strong></span> <span class='ocrx_word' id='word_1_814' title='bbox 2546 4531 2643 4564; x_wconf 86' lang='lat' dir='ltr'><strong>rec.</strong></span> <span class='ocrx_word' id='word_1_815' title='bbox 2664 4525 2712 4564; x_wconf 90' lang='lat' dir='ltr'><strong>et</strong></span> <span class='ocrx_word' id='word_1_816' title='bbox 2731 4532 2770 4564; x_wconf 62' lang='lat' dir='ltr'><strong>c,</strong></span> <span class='ocrx_word' id='word_1_817' title='bbox 2797 4519 2920 4562; x_wconf 85' lang='lat' dir='ltr'><strong>notis</strong></span> <span class='ocrx_word' id='word_1_818' title='bbox 2943 4520 2999 4559; x_wconf 86' lang='grc'>0.</span> <span class='ocrx_word' id='word_1_819' title='bbox 3020 4517 3074 4559; x_wconf 87' lang='lat' dir='ltr'><strong>G.</strong></span> 
     </span>
     <span class='ocr_line' id='line_1_101' title="bbox 1703 4574 3076 4639; baseline -0.007 -7"><span class='ocrx_word' id='word_1_820' title='bbox 1703 4582 1892 4632; x_wconf 76' lang='lat' dir='ltr'><strong>Reitzii</strong></span> <span class='ocrx_word' id='word_1_821' title='bbox 1913 4585 1961 4627; x_wconf 91' lang='lat' dir='ltr'><strong>in</strong></span> <span class='ocrx_word' id='word_1_822' title='bbox 1986 4584 2151 4639; x_wconf 78' lang='lat' dir='ltr'><strong>suppl.</strong></span> <span class='ocrx_word' id='word_1_823' title='bbox 2178 4581 2300 4627; x_wconf 81' lang='lat' dir='ltr'><strong>thes.</strong></span> <span class='ocrx_word' id='word_1_824' title='bbox 2336 4584 2667 4626; x_wconf 72' lang='lat' dir='ltr'><strong>Meet-mann.</strong></span> <span class='ocrx_word' id='word_1_825' title='bbox 2691 4595 2734 4639; x_wconf 87' lang='lat' dir='ltr'><strong>p.</strong></span> <span class='ocrx_word' id='word_1_826' title='bbox 2769 4581 2786 4625; x_wconf 92' lang='grc'><strong>1</strong></span> <span class='ocrx_word' id='word_1_827' title='bbox 2818 4603 2875 4611; x_wconf 81' lang='lat'><strong>—-</strong></span> <span class='ocrx_word' id='word_1_828' title='bbox 2902 4574 3076 4624; x_wconf 66' lang='lat'><strong>574.-</strong></span> 
     </span>
     <span class='ocr_line' id='line_1_102' title="bbox 1706 4637 3073 4752; baseline -0.01 -58"><span class='ocrx_word' id='word_1_829' title='bbox 1706 4646 2034 4694; x_wconf 76' lang='lat' dir='ltr'><strong>Cf.Blenerl.</strong></span> <span class='ocrx_word' id='word_1_830' title='bbox 2052 4646 2085 4690; x_wconf 89' lang='lat' dir='ltr'><strong>l.</strong></span> <span class='ocrx_word' id='word_1_831' title='bbox 2113 4656 2159 4701; x_wconf 84' lang='lat' dir='ltr'><strong>p.</strong></span> <span class='ocrx_word' id='word_1_832' title='bbox 2178 4642 2286 4703; x_wconf 75' lang='lat'><strong>156,</strong></span> <span class='ocrx_word' id='word_1_833' title='bbox 2309 4648 2357 4689; x_wconf 85' lang='lat' dir='ltr'><strong>et</strong></span> <span class='ocrx_word' id='word_1_834' title='bbox 2380 4645 2553 4752; x_wconf 54' lang='grc' dir='ltr'><em>Ῑῐῖἱιιθ</em></span> <span class='ocrx_word' id='word_1_835' title='bbox 2572 4646 2649 4690; x_wconf 81' lang='lat' dir='ltr'><strong>dic</strong></span> <span class='ocrx_word' id='word_1_836' title='bbox 2666 4647 2793 4701; x_wconf 69' lang='lat' dir='ltr'><strong>leges</strong></span> <span class='ocrx_word' id='word_1_837' title='bbox 2806 4648 2919 4687; x_wconf 78' lang='lat' dir='ltr'><strong>rest.</strong></span> <span class='ocrx_word' id='word_1_838' title='bbox 2937 4637 3073 4697; x_wconf 78' lang='lat' dir='ltr'><strong>p.4l.</strong></span> 
     </span>
    </p>

    <p class='ocr_par' dir='ltr' id='par_1_22' title="bbox 1777 4760 3075 4830">
     <span class='ocr_line' id='line_1_103' title="bbox 1777 4760 3075 4830; baseline -0.012 -14"><span class='ocrx_word' id='word_1_839' title='bbox 1777 4771 1839 4827; x_wconf 68' lang='grc' dir='ltr'><strong>ζ’)</strong></span> <span class='ocrx_word' id='word_1_840' title='bbox 1862 4771 1948 4815; x_wconf 79' lang='lat' dir='ltr'><strong>Fr.</strong></span> <span class='ocrx_word' id='word_1_841' title='bbox 1998 4771 2045 4815; x_wconf 83' lang='lat' dir='ltr'><strong>C.</strong></span> <span class='ocrx_word' id='word_1_842' title='bbox 2070 4779 2120 4814; x_wconf 84' lang='grc' dir='ltr'>υ.</span> <span class='ocrx_word' id='word_1_843' title='bbox 2157 4767 2405 4830; x_wconf 65' lang='lat' dir='ltr'><strong>Saviqny.</strong></span> <span class='ocrx_word' id='word_1_844' title='bbox 2451 4768 2623 4814; x_wconf 79' lang='lat' dir='ltr'><strong>Gesch.</strong></span> <span class='ocrx_word' id='word_1_845' title='bbox 2651 4769 2699 4813; x_wconf 87' lang='lat' dir='ltr'><strong>d.</strong></span> <span class='ocrx_word' id='word_1_846' title='bbox 2723 4768 2862 4812; x_wconf 78' lang='lat' dir='ltr'><strong>Rom.</strong></span> <span class='ocrx_word' id='word_1_847' title='bbox 2903 4760 3075 4807; x_wconf 77' lang='lat' dir='ltr'><strong>Rechts</strong></span> 
     </span>
    </p>
   </div>
   <div class='ocr_carea' id='block_1_15' title="bbox 232 4822 3079 4958">
    <p class='ocr_par' dir='ltr' id='par_1_23' title="bbox 232 4822 3079 4958">
     <span class='ocr_line' id='line_1_104' title="bbox 237 4822 3079 4904; baseline -0.008 -14"><span class='ocrx_word' id='word_1_848' title='bbox 237 4845 413 4900; x_wconf 63' lang='lat' dir='ltr'><strong>florum,</strong></span> <span class='ocrx_word' id='word_1_849' title='bbox 445 4844 536 4904; x_wconf 86' lang='lat' dir='ltr'><strong>qui</strong></span> <span class='ocrx_word' id='word_1_850' title='bbox 564 4843 742 4889; x_wconf 74' lang='lat' dir='ltr'><strong>libros</strong></span> <span class='ocrx_word' id='word_1_851' title='bbox 781 4836 923 4892; x_wconf 75' lang='lat' dir='ltr'><strong>juris</strong></span> <span class='ocrx_word' id='word_1_852' title='bbox 950 4833 1150 4878; x_wconf 81' lang='lat' dir='ltr'><strong>Romani</strong></span> <span class='ocrx_word' id='word_1_853' title='bbox 1173 4834 1401 4889; x_wconf 74' lang='lat' dir='ltr'><strong>egi-accis</strong></span> <span class='ocrx_word' id='word_1_854' title='bbox 1425 4836 1653 4883; x_wconf 83' lang='lat' dir='ltr'><strong>subsidiis</strong></span> <span class='ocrx_word' id='word_1_855' title='bbox 1719 4835 1786 4880; x_wconf 90' lang='lat' dir='ltr'><strong>im</strong></span> <span class='ocrx_word' id='word_1_856' title='bbox 1810 4833 2100 4878; x_wconf 65' lang='lat' dir='ltr'><strong>Mitti-lauet.</strong></span> <span class='ocrx_word' id='word_1_857' title='bbox 2145 4832 2204 4878; x_wconf 82' lang='grc' dir='ltr'>Τ.</span> <span class='ocrx_word' id='word_1_858' title='bbox 2240 4833 2279 4879; x_wconf 92' lang='grc'><strong>1.</strong></span> <span class='ocrx_word' id='word_1_859' title='bbox 2318 4832 2378 4879; x_wconf 88' lang='grc'><strong>11.</strong></span> <span class='ocrx_word' id='word_1_860' title='bbox 2415 4827 2632 4877; x_wconf 78' lang='lat' dir='ltr'><strong>Heidelb.</strong></span> <span class='ocrx_word' id='word_1_861' title='bbox 2684 4828 2823 4875; x_wconf 80' lang='grc'>1815.</span> <span class='ocrx_word' id='word_1_862' title='bbox 2854 4822 2994 4873; x_wconf 79' lang='grc'>1816.</span> <span class='ocrx_word' id='word_1_863' title='bbox 3034 4823 3079 4865; x_wconf 85' lang='grc'>8.</span> 
     </span>
     <span class='ocr_line' id='line_1_105' title="bbox 232 4890 2755 4958; baseline -0.008 -2"><span class='ocrx_word' id='word_1_864' title='bbox 232 4907 287 4952; x_wconf 65' lang='lat' dir='ltr'><strong>fel</strong></span> <span class='ocrx_word' id='word_1_865' title='bbox 305 4906 718 4958; x_wconf 70' lang='lat' dir='ltr'><strong>emendaverunt</strong></span> <span class='ocrx_word' id='word_1_866' title='bbox 749 4899 831 4945; x_wconf 80' lang='lat' dir='ltr'><strong>vel</strong></span> <span class='ocrx_word' id='word_1_867' title='bbox 859 4895 1185 4951; x_wconf 80' lang='lat' dir='ltr'><strong>interpretati</strong></span> <span class='ocrx_word' id='word_1_868' title='bbox 1211 4899 1323 4940; x_wconf 76' lang='lat' dir='ltr'><strong>sunt</strong></span> <span class='ocrx_word' id='word_1_869' title='bbox 1350 4927 1364 4952; x_wconf 83' lang='lat'>‚</span> <span class='ocrx_word' id='word_1_870' title='bbox 1398 4909 1451 4943; x_wconf 82' lang='lat' dir='ltr'><strong>sc</strong></span> <span class='ocrx_word' id='word_1_871' title='bbox 1491 4899 1656 4942; x_wconf 76' lang='lat' dir='ltr'><strong>mulos</strong></span> <span class='ocrx_word' id='word_1_872' title='bbox 1721 4897 1781 4941; x_wconf 85' lang='lat' dir='ltr'><strong>T.</strong></span> <span class='ocrx_word' id='word_1_873' title='bbox 1808 4896 1892 4944; x_wconf 89' lang='grc'>111.</span> <span class='ocrx_word' id='word_1_874' title='bbox 1917 4893 2056 4942; x_wconf 68' lang='grc'>1829.</span> <span class='ocrx_word' id='word_1_875' title='bbox 2083 4893 2140 4940; x_wconf 83' lang='grc' dir='ltr'>Τ.</span> <span class='ocrx_word' id='word_1_876' title='bbox 2168 4895 2248 4942; x_wconf 87' lang='lat' dir='ltr'><strong>lV.</strong></span> <span class='ocrx_word' id='word_1_877' title='bbox 2274 4893 2410 4942; x_wconf 67' lang='lat'><strong>1826.</strong></span> <span class='ocrx_word' id='word_1_878' title='bbox 2448 4894 2507 4942; x_wconf 88' lang='grc' dir='ltr'>Τ.</span> <span class='ocrx_word' id='word_1_879' title='bbox 2535 4893 2590 4940; x_wconf 83' lang='lat' dir='ltr'><strong>V.</strong></span> <span class='ocrx_word' id='word_1_880' title='bbox 2617 4890 2755 4941; x_wconf 71' lang='lat'><strong>1820.</strong></span> 
     </span>
    </p>
   </div>
  </div>
 </body>
</html>
