3544 5506
465 322 581 380 576
1218 335 1368 378 rans
1405 334 1562 378 srsc.
1603 332 1720 376 mn.
1762 332 1861 375 ιιι.
1901 331 1977 374 nn
2014 330 2536 375 onticnionmrs.

467 451 619 509 dolo
639 450 811 509 malo
838 448 984 521 egit,
1006 449 1242 509 nullius
1262 455 1360 509 est
1384 446 1696 508 momenti
1715 489 1734 518 ,
1770 446 1947 520 quod
1969 451 2187 504 actum
2214 451 2312 504 est
2335 441 2432 522 12);
2454 445 2553 504 sin
2575 450 2691 504 aut
2713 452 2994 519 uterque
3019 452 3140 506 aut
3156 448 3285 506 sal-

466 555 598 608 tem
621 556 831 609 emtor
874 549 1126 620 ignorat
1144 584 1162 620 ,
1199 550 1487 609 alienam
1504 562 1643 607 esse
1660 559 1801 605 rem
1827 587 1845 617 ,
1872 552 2010 604 tum
2045 540 2466 617 usucapiendi
2488 545 2777 605 conditio
2796 546 3109 615 nascitur,
3139 552 3286 606 tum

466 659 644 714 vero,
656 645 764 718 qui
780 645 956 714 emit,
973 660 1049 704 ex
1069 652 1244 705 emto
1267 652 1381 704 aut
1399 651 1547 718 aget
1570 640 1637 703 in
1654 644 1744 712 id,
1759 643 1935 716 quod
1961 641 2100 715 eJus
2118 637 2391 709 intersit,
2406 640 2755 700 emtionem
2776 656 2917 700 esse
2940 639 3285 716 iactamss),

467 750 582 801 aut
605 739 878 817 excipiet
900 745 1206 804 adversus
1221 746 1622 804 venditorem
1645 742 1915 816 eJusque
1928 755 2353 817 successores,
2373 756 2510 799 rem
2523 741 2846 800 vindicare
2873 744 3167 801 volentes
3186 738 3288 815 ¹⁴).

463 837 628 898 Suae
648 846 863 899 autem
901 840 1093 914 ipsius
1151 842 1247 901 rei
1268 837 1464 899 emtio
1486 839 1722 898 frustra
1750 839 2133 912 plerumque
2163 836 2571 896 contrahitur
2591 883 2608 909 ‚
2645 836 2768 896 hoc
2791 845 3007 911 pacto,
3032 845 3107 896 ut
3135 853 3291 912 pre·

467 934 650 1007 dum,
685 937 767 994 ab
789 936 1123 1008 ignorante
1141 943 1394 996 emtore
1415 938 1720 1011 solutum,
1746 949 1897 993 cum
1927 934 2105 991 nulla
2126 933 2207 992 sit
2229 931 2519 992 venditio
2540 975 2559 1004 ,
2583 934 2834 992 condici
2859 939 3062 1007 possit
3090 931 3155 1008 ¹⁵)
3175 953 3196 1009 ;
3220 941 3295 993 at

468 1049 625 1094 vero
646 1029 710 1092 id
737 1033 873 1091 fleri
897 1038 1141 1107 potest,
1172 1039 1248 1091 ut
1275 1031 1427 1108 jura
1452 1031 1682 1104 aliquis
1707 1024 1827 1089 sibi
1848 1029 2156 1100 redimat,
2181 1029 2414 1103 quibus
2441 1028 2636 1103 ipsius
2664 1029 3021 1089 dominium
3049 1031 3130 1089 ab
3154 1031 3290 1091 alio

471 1130 1020 1193 circumscribitur
1048 1127 1142 1207 ¹⁰).

1137 1329 1165 1405 s
1204 1328 1354 1390 595.
1398 1329 1458 1395 2)
1478 1326 1564 1386 De
1583 1327 1776 1407 pretio
1810 1325 1878 1385 in
1911 1327 2154 1387 emtione
2191 1335 2247 1386 et
2283 1325 2625 1387 venditione.

555 1524 829 1584 Pretium
860 1520 1050 1598 igitur
1083 1523 1146 1581 in
1181 1518 1453 1597 pecunia
1491 1528 1833 1580 numerata
1865 1522 2175 1581 consistat
2206 1537 2468 1582 necesse
2517 1528 2614 1582 est
2639 1518 2705 1594 ¹).
2733 1520 3292 1597 Quemadmodum

472 1628 686 1681 autem
713 1626 1083 1680 contractus
1122 1615 1418 1679 emtionis
1450 1618 1834 1678 venditionis
1865 1633 1945 1677 eo
1976 1633 2112 1677 non
2141 1618 2475 1691 perimitur
2496 1657 2517 1688 ‚
2558 1618 2735 1690 quod
2774 1622 3002 1690 postea
3042 1618 3127 1674 de
3156 1618 3293 1676 aliis

472 1722 666 1780 rebus
684 1718 748 1779 in
769 1722 1053 1780 solutum
1082 1720 1307 1778 dandis
1331 1721 1632 1780 convenit
1646 1714 1689 1793 2)
1720 1735 1737 1776 2
1764 1720 1856 1777 sic
1882 1734 1964 1777 ne
1981 1719 2046 1776 id
2070 1719 2331 1792 quidem
2347 1726 2540 1777 nocet
2562 1713 2951 1785 contractui,
2971 1723 3288 1776 emtorem

473 1827 733 1895 praeter
762 1816 1074 1894 pecuniae
1122 1822 1546 1894 praestandae
1574 1819 2023 1896 obligationem
2055 1815 2183 1877 alia
2212 1817 2408 1877 etiam
2437 1818 2733 1878 emtionis
2754 1823 3141 1877 contractae
3173 1832 3292 1876 no-

473 1916 646 1975 mine
670 1917 1016 1990 suscepisse
1046 1915 1249 1975 officia
1274 1912 1341 1990 ³).
1375 1912 1725 1975 Praeterea
1757 1916 1919 1974 haec
1943 1915 2138 1973 etiam
2157 1915 2574 1988 requiruntur
2595 1914 2659 1971 in
2683 1914 2894 1987 pretio
2921 1930 2940 1970 ε
2972 1920 3048 1971 ut
3073 1929 3293 1972 verum

475 2015 556 2073 sit
576 2059 592 2086 ,
616 2021 691 2073 ut
703 2015 948 2090 iustum
967 2058 984 2091 ,
1014 2022 1086 2074 ut
1111 2022 1387 2074 certum.
1420 2018 1493 2073 Et
1523 2030 1692 2088 quae
1726 2017 1809 2074 de
1822 2016 2093 2074 veritate
2116 2013 2602 2088 praecipiuntur
2630 2014 2844 2088 pretii,
2865 2028 2947 2073 eo
2979 2021 3295 2086 spectant,

474 2120 549 2173 ut
576 2115 897 2174 simulatio
920 2115 1084 2173 absit
1116 2116 1301 2188 pretii
1339 2116 1426 2174 ab
1455 2116 1735 2174 emtione
1763 2116 2134 2174 venditione
2163 2111 2231 2188 ⁴).
2255 2118 2504 2173 Justum
2546 2121 2642 2173 est
2684 2114 2966 2188 pretium
2985 2154 3001 2178 ‚
3027 2129 3186 2171 cum
3214 2114 3296 2171 ita

474 2211 905 2283 constituitur,
930 2217 1003 2270 ut
1023 2227 1107 2270 ne
1137 2211 1330 2270 nimia
1354 2217 1666 2284 appareat
1694 2206 1864 2271 inter
1895 2210 2172 2285 pretium
2190 2227 2266 2271 ac
2295 2226 2577 2271 mercem
2597 2209 3050 2284 inaequalitas;
3073 2210 3298 2283 dequo

476 2306 737 2379 quidem
765 2308 954 2380 plura
981 2308 1331 2366 dicendum
1357 2306 1524 2365 infra
1555 2306 1573 2382 (
1600 2304 1626 2376 §
1650 2305 1845 2381 408.).
1881 2310 2138 2365 Certum
2172 2308 2354 2364 adest
2381 2308 2689 2383 pretium,
2727 2322 2878 2364 cum
2911 2306 3072 2379 quid
3097 2322 3299 2380 quan·

480 2412 701 2464 tumve
725 2409 1180 2479 praestandum
1211 2408 1290 2465 sit
1319 2422 1530 2480 neque
1563 2422 1602 2465 a
1626 2422 1812 2473 mero
1842 2422 1998 2466 casu
2027 2422 2238 2481 neque
2255 2408 2338 2465 ab
2364 2404 2648 2467 emtioris
2672 2407 2940 2466 arbitrio
2968 2408 3215 2480 pendet
3226 2404 3297 2484 5).

483 2509 607 2565 Nec
630 2505 821 2577 igitur
847 2500 1078 2566 officiet
1106 2507 1393 2579 emtioni‚
1422 2513 1536 2565 aut
1553 2522 1855 2566 acervum
1876 2522 2244 2577 nummum,
2274 2522 2365 2566 sc.
2402 2522 2671 2566 numero
2693 2521 2827 2564 non
2850 2507 3299 2582 definitorum,

468 2612 620 2664 'esse
648 2604 712 2662 in
742 2607 947 2678 pretio
973 2600 1051 2681 6),
1079 2612 1192 2663 aut
1228 2621 1367 2665 sese
1392 2608 1914 2666 accommodasse
1943 2606 2404 2668 contrahentes
2425 2608 2508 2665 ad
2543 2608 2703 2665 alius
2743 2606 3050 2666 emtionis
3076 2606 3302 2666 condi-

486 2701 690 2760 tiones
717 2700 802 2779 ⁷),
829 2709 942 2760 aut
964 2697 1255 2761 extranei
1294 2702 1682 2763 commisisse
1708 2704 1974 2763 arbitrio
2017 2702 2203 2777 pretii
2226 2702 2686 2765 definitionem.
2726 2702 2844 2782 Qui
2868 2702 2920 2762 si
2946 2702 3117 2763 nolit
3137 2703 3302 2763 arbi-

485 2796 571 2856 tri
591 2796 871 2856 officium
894 2799 1242 2873 suscipere,
1279 2815 1398 2873 pro
1420 2800 1597 2858 nulla
1627 2799 1923 2859 habenda
1946 2807 2045 2859 est
2073 2800 2268 2858 emtio
2288 2796 2361 2875 8).

1125 2974 1319 3063 5594.
1350 2984 1424 3059 ΙΙ)
1454 2986 1536 3043 De
1560 2985 1820 3064 personis
1844 2985 2152 3044 ementium
2176 2990 2231 3043 et
2255 2981 2643 3043 vendentium.

576 3172 930 3237 Emtionem
959 3182 1024 3235 et
1051 3176 1480 3236 venditionem
1505 3180 1890 3238 contrahere
1913 3186 2179 3253 possunt
2197 3222 2213 3249 ‚
2260 3178 2630 3252 quicunque
2660 3191 2736 3236 ex
2758 3174 3306 3238 conventionibus

493 3274 873 3346 obligantur.
906 3276 1063 3331 Sunt
1092 3279 1307 3332 tamen
1327 3313 1343 3342 ,
1368 3274 1479 3346 qui
1511 3290 1549 3332 a
1579 3281 1909 3338 certarum
1939 3283 2157 3333 rerum
2189 3275 2575 3335 emtionibus
2602 3274 3100 3347 prohibeantur.
3144 3277 3308 3351 Quo-

498 3385 640 3433 rum
660 3374 724 3432 in
742 3385 1014 3433 numero
1038 3374 1319 3448 inprimis
1343 3374 1686 3449 habentur,
1719 3376 1827 3449 qui
1849 3374 2061 3435 officio
2084 3375 2340 3448 publico
2364 3374 2716 3447 funguntur
2746 3373 2808 3430 in
2829 3374 3169 3446 provincia
3192 3372 3310 3431 ibi·

561 3580 639 3638 12)
676 3582 727 3627 1..
760 3577 839 3626 54.
859 3582 884 3636 3
904 3577 952 3625 5.
977 3578 1031 3624 Ι).
1056 3577 1107 3623 Ιι.
1132 3581 1169 3625 t.
1194 3582 1348 3626 altem
1376 3581 1412 3627 si
1432 3586 1481 3628 et
1501 3587 1659 3632 emtor
1678 3588 1728 3629 et
1749 3594 1867 3628 ven·
1929 3582 2261 3630 distinctiones
2292 3584 2492 3630 tradidit
2520 3577 2685 3631 Gliick
2727 3585 2881 3631 Pand.
2918 3586 3049 3631 xvt.
3086 3598 3138 3643 p.
3158 3583 3307 3644 ⁶8⁵4

498 3644 628 3689 ditor
652 3644 761 3696 scit..
777 3643 1009 3688 furtivum
1021 3653 1123 3686 esse
1139 3644 1294 3700 ,quod
1317 3645 1468 3699 venit,
1485 3656 1512 3690 a
1533 3649 1707 3690 neutra
1728 3651 1868 3703 parte
1991 3644 2039 3700 4)
2067 3647 2116 3691 t..
2139 3645 2218 3692 56.
2240 3649 2295 3692 D.
2331 3648 2383 3692 L.
2407 3644 2456 3692 5.
2479 3653 2528 3692 et
2547 3645 2596 3693 9.
2631 3649 2685 3694 C.
2709 3648 2761 3694 Ιι.
2784 3651 2822 3693 t.
2859 3672 2922 3678 —
2956 3649 3036 3695 Cf.
3069 3649 3124 3695 L.
3146 3646 3224 3696 ὅ.
3247 3649 3310 3694 D.

499 3706 734 3763 obligatio
753 3702 1075 3751 contrahitur.
1099 3703 1148 3748 Si
1166 3711 1323 3750 emtor
1344 3708 1475 3753 solus
1493 3708 1604 3765 scit,
1619 3718 1715 3753 non
1737 3707 1864 3754 obli-
1926 3708 2026 3754 loc.
2051 3709 2191 3764 (XIX,
2215 3709 2284 3765 2.)
2316 3732 2377 3743 --
2408 3709 2597 3755 caeter.
2622 3710 2720 3755 vid.
2747 3710 2800 3754 L.
2821 3705 2904 3754 58.
2928 3711 2987 3756 D.
3009 3709 3132 3758 Mt.
3153 3735 3206 3744 -—
3228 3710 3307 3756 Ct'.

501 3768 697 3823 gabitur
716 3768 941 3812 venditor
964 3776 974 3808 :
1000 3776 1091 3810 nec
1111 3770 1276 3812 tamen
1294 3780 1352 3814 ex
1382 3768 1583 3815 vendito
1599 3770 1866 3828 quidquam
1929 3771 1984 3815 J.
2005 3772 2062 3815 F.
2087 3769 2319 3817 deRetes
2341 3770 2444 3816 Lib.
2465 3771 2502 3815 1.
2518 3773 2874 3818 miscellaneor.
2897 3784 2944 3818 c.
2969 3769 3049 3820 18.
3068 3776 3306 3831 (Περι-ιι.

501 3829 830 3889 consequitur,
855 3829 948 3875 nisi
989 3827 1118 3873 ultro
1152 3830 1283 3887 quod
1316 3833 1599 3877 convenerit
1634 3838 1865 3888 praestet.
1929 3831 2128 3889 VLpffl
2143 3834 3310 3894 sq.)--G.J.oe!tze--aninvenditionegrauoea

501 3892 678 3946 Quodsi
717 3892 939 3940 venditor
973 3889 1092 3948 scit,
1124 3897 1284 3938 emtor
1324 3893 1590 3949 ignoravit,
1622 3896 1869 3953 utrimque
1924 3894 2004 3948 jus
2028 3896 2333 3951 protimiseos
2355 3898 2515 3941 locum
2532 3896 2747 3943 habeat?
2769 3895 2879 3941 Jen.
2904 3893 3057 3945 1707.

500 3953 731 4011 obligatio
772 3947 1101 4010 contrahitur3
1145 3959 1196 4000 et
1240 3954 1307 4000 ita
1346 3955 1634 4014 Pomponius
1677 3965 1874 4016 quoque
1998 3954 2046 4012 5>
2069 3959 2118 4002 L.
2139 3956 2216 4004 55.
2239 3962 2266 4016 g
2288 3959 2335 4004 1.
2357 3959 2412 4004 Ι).
2436 3957 2491 4003 Ιι.
2517 3959 2673 4005 t.—1..
2698 3959 2775 4003 13.
2796 3959 2991 4005 C.eod.

501 4016 867 4064 scribitm-Ci.
887 4021 936 4061 et
956 4015 1010 4061 L.
1028 4011 1108 4060 57.
1135 4016 1185 4062 in
1208 4013 1244 4062 f.
1264 4016 1384 4063 eod.
1998 4017 2046 4075 θ)
2070 4020 2122 4065 L.
2141 4016 2190 4065 7.
2213 4021 2240 4075 S
2259 4022 2306 4067 1.
2331 4022 2386 4066 Ι).
2404 4018 2458 4066 li.
2483 4022 2752 4079 t.-Neque
2768 4022 3020 4068 contraria
3043 4027 3119 4068 est
3142 4022 3194 4068 t..
3218 4021 3312 4067 ult.

567 4076 644 4135 15)
680 4080 733 4127 L.
756 4077 837 4127 54.
872 4079 897 4133 S
924 4079 973 4124 5.
999 4077 1051 4123 in
1075 4076 1115 4125 f.
1135 4079 1191 4125 D.
1216 4076 1271 4125 Ιι.
1294 4081 1331 4125 t.
1356 4102 1414 4112 —
1438 4079 1493 4126 L.
1511 4076 1591 4126 50.
1611 4081 1638 4137 S
1660 4077 1704 4128 1.
1732 4083 1790 4128 D.
1810 4079 1878 4127 de
1939 4082 1995 4127 D.
2016 4081 2087 4128 de
2105 4092 2152 4128 c.
2175 4094 2221 4129 c.
2244 4083 2296 4129 d.
2316 4093 2367 4130 c.
2391 4094 2444 4127 n.
2463 4094 2509 4128 s.
2528 4083 2653 4140 (ΧΗ,
2669 4080 2758 4138 4.),
2779 4084 2963 4141 quippe
2983 4096 3118 4143 quae
3137 4085 3198 4130 ad
3218 4082 3315 4132 tto-

503 4147 558 4188 a.
580 4150 632 4186 e.
655 4153 703 4188 v.
729 4143 871 4201 (x1x‚
894 4139 962 4196 1.)
1941 4154 2200 4196 manorum
2213 4145 2489 4193 doctrinam
2509 4145 2570 4191 de
2588 4145 2920 4191 conti-actibus
2945 4149 3143 4204 vulgari
3162 4149 3314 4194 aetio·

571 4199 648 4260 14)
680 4204 911 4261 CLsupra
931 4204 957 4257 s
977 4198 1090 4248 270.
1116 4206 1221 4249 not.
1244 4202 1292 4250 2.
1940 4217 2058 4251 num
2085 4206 2294 4255 toi-mula
2327 4206 2606 4256 carentibus
2635 4207 2890 4253 referenda
2909 4209 2976 4253 sit
2996 4210 3045 4266 (ς
3064 4207 3178 4257 544.
3202 4211 3313 4256 vid.

569 4263 648 4321 15)
681 4266 734 4313 L.
759 4264 838 4312 16.
863 4277 937 4322 pr.
961 4267 1014 4310 D.
1035 4266 1088 4312 Ιι.
1106 4268 1145 4311 1.
1171 4264 1254 4323 (ei.
1278 4262 1427 4322 3555.
1447 4269 1552 4314 not.
1579 4264 1699 4328 15.).
1947 4267 2240 4315 Waeclzter
2275 4271 2339 4314 de
2374 4270 2520 4316 cond.
2542 4280 2689 4315 causa
2713 4271 2828 4315 data
2850 4282 2999 4316 causa
3027 4281 3128 4317 uon
3148 4278 3313 4319 secuta

572 4326 648 4385 16)
683 4328 757 4374 Cf.
779 4329 831 4373 L.
854 4324 934 4374 54.
955 4330 981 4383 S
1001 4325 1048 4373 4.
1073 4329 1128 4374 D.
1150 4328 1203 4374 Ιι.
1223 4331 1259 4374 t.
1282 4334 1333 4373 ct
1353 4330 1472 4378 alios
1497 4331 1626 4377 locos
1645 4364 1661 4392 ‚
1685 4331 1770 4390 qui
1801 4342 1878 4377 su·
1940 4334 1965 4385 S
1984 4327 2030 4376 8.
2057 4329 2147 4388 0.).
2172 4332 2263 4377 Nec
2283 4334 2447 4391 itaque
2468 4334 2542 4376 est
2560 4363 2576 4389 ‚
2593 4333 2724 4389 quod
2745 4332 3014 4378 discrimen
3043 4340 3314 4382 statuamus

506 4401 593 4449 pra
613 4387 1060 4444 excitantur8535.
1080 4395 1183 4436 not.
1202 4391 1281 4439 13.
1941 4394 2067 4437 inter
2084 4396 2338 4450 pecuniam
2364 4398 2412 4440 in
2449 4394 2563 4439 folle
2596 4400 2743 4452 atque
2773 4405 2886 4440 eam
2902 4428 2917 4453 ‚
2942 4407 3076 4453 quae
3118 4397 3168 4443 in
3200 4405 3312 4443 arca

1092 4485 1119 4538 ς
1136 4482 1249 4533 393·
1939 4455 2092 4511 posita
2116 4457 2178 4502 sit
2203 4491 2217 4505 .
2257 4464 2310 4502 ut
2335 4458 2531 4515 quidem
2553 4454 2660 4500 fieri
2684 4457 2807 4502 solet
2838 4458 2904 4503 ab
2938 4459 3311 4517 interpretibus.

1941 4518 2048 4563 vid.
2072 4529 2115 4565 v.
2133 4531 2178 4566 c.
2202 4517 2473 4575 Hoeprner
2486 4518 2759 4565 comment.
2780 4519 2806 4572 S
2824 4516 2942 4565 568.

577 4575 657 4633 ης
679 4575 781 4622 2.1.
802 4571 853 4620 Ιι.
873 4578 913 4622 t.
932 4575 1196 4624 —Cf.1..t.
1221 4590 1297 4637 pr.
1317 4583 1364 4624 et
1381 4579 1407 4632 3
1429 4579 1474 4625 1.
1499 4579 1556 4627 D.
1579 4578 1631 4626 Ιι.
1658 4576 1883 4637 t.--Gq1'i
2003 4576 2055 4636 7)
2081 4579 2131 4626 L.
2155 4579 2205 4629 7.
2228 4583 2254 4637 ς
2273 4583 2320 4628 1.
2343 4587 2394 4628 et
2412 4581 2460 4628 2.
2497 4578 2649 4628 1..57.
2678 4582 2734 4626 D.
2759 4576 2863 4627 lat.

509 4637 719 4684 insum.
745 4635 904 4692 8141.
2006 4643 2054 4699 8)
2073 4643 2159 4696 §L
2178 4646 2215 4690 1.
2239 4644 2291 4691 Ιι.
2316 4646 2418 4689 t.-
2440 4645 2494 4690 L.
2521 4640 2609 4689 ult.
2629 4644 2683 4688 C.
2705 4645 2891 4690 eod.--
2912 4643 3026 4690 vid.
3055 4643 3233 4692 Noode
3250 4643 3314 4692 ad

576 4702 623 4757 2)
645 4701 698 4745 L.
715 4694 765 4745 9.
788 4701 845 4772 C.
876 4699 944 4746 de
965 4711 1098 4748 rese.
1123 4700 1286 4749 vend.
1303 4701 1411 4761 (lv,
1433 4700 1536 4762 44.)
1561 4729 1613 4737 -
1638 4706 1690 4750 L.
1715 4699 1796 4751 40.
1816 4702 1870 4748 C.
1936 4705 2167 4752 pandect.
2188 4707 2264 4752 tit.
2298 4706 2359 4751 de
2376 4711 2531 4753 contr.
2553 4711 2674 4751 emt.
2720 4707 2790 4761 93.
2813 4708 3044 4761 opor-tet
3056 4718 3184 4766 ervo
3204 4717 3314 4767 sqq.

510 4763 580 4811 de
599 4758 893 4809 evictIomb.
916 4764 1033 4817 (Vlll
1050 4796 1066 4821 .‚
1082 4760 1185 4819 ⁴5.)
1938 4767 2070 4828 (opp.
2100 4768 2159 4813 Τ.
2186 4770 2243 4814 ll.
2266 4779 2315 4826 p.
2338 4768 2435 4814 506
2452 4791 2512 4800 --
2544 4764 2697 4823 508).
2720 4793 2777 4802 -
2799 4769 2932 4822 (vid.
2955 4769 3076 4827 Gnji
3095 4771 3208 4815 inst.
3234 4772 3314 4816 ltl.

574 4822 623 4881 5)
645 4818 760 4869 1..6.
784 4824 809 4877 ς
832 4826 874 4868 1.
898 4825 1005 4870 et2.
1026 4826 1078 4869 D.
1103 4823 1172 4872 de
1190 4837 1242 4871 a.
1267 4839 1314 4873 e.
1341 4838 1392 4874 v.
1417 4828 1557 4882 (xlx.
1582 4826 1763 4884 l.)--1,.
1790 4823 1872 4873 79.
1937 4830 2158 4883 ς140.-
2185 4829 2405 4878 Dirksen
2425 4831 2643 4887 Beitrage
2663 4842 2709 4876 z.
2735 4831 2906 4876 Kundc
2937 4831 2989 4875 d.
3019 4835 3074 4878 lt.
3098 4832 3153 4877 R.
3177 4843 3227 4889 p.
3250 4830 3317 4878 78

511 4890 564 4934 1».
590 4888 640 4934 Ιι.
666 4889 773 4932 t.=-—
796 4886 1011 4933 nivei-sas
1030 4883 1254 4936 ictorum
1276 4888 1365 4936 bac
1387 4893 1446 4937 de
1469 4903 1520 4937 re
1553 4892 1806 4952 opiniones
1828 4894 1876 4936 et
1944 4917 1994 4925 —
2016 4892 2096 4940 81.
2135 4898 2209 4940 ur.
2233 4894 2468 4950 A.).—(Jf.
2491 4899 2540 4940 ct
2563 4905 2710 4952 supra
2727 4894 2836 4940 Vol.
2860 4894 2899 4941 1.
2936 4893 2966 4946 ε
2989 4891 3100 4942 130.
3127 4900 3232 4942 not.
3261 4893 3316 4945 ὅ.
