3544 5506
461 370 573 424 496
1213 383 1362 425 PARS
1400 383 1556 425 svm.
1597 384 1714 425 Lm.
1757 384 1855 425 ΙΙΙ.
1897 384 1971 425 DE
2005 384 2527 426 oBuGA’rlonus.

869 545 896 615 §
938 539 1078 597 451.
1127 537 1188 612 Β)
1219 538 1301 593 De
1340 535 1504 604 aliis,
1546 555 1689 613 quac
1727 534 1896 613 culpa
1937 536 2363 595 contrahuntur
2401 534 2857 613 obligationibus.

541 739 735 809 Culpa
773 734 966 794 etiam
999 733 1391 792 contrahunt
1417 730 1908 805 obligationem,
1955 740 2218 806 praeter
2247 750 2394 809 eos,
2441 735 2547 807 qui
2581 735 2643 793 in
2686 738 2914 807 Legem
2952 731 3259 809 Aquiliam

459 834 868 894 committunt
898 850 911 888 :
943 829 1000 905 1)
1025 832 1254 906 judex,
1284 833 1390 904 qui
1427 839 1541 889 aut
1580 832 1728 890 dolo
1756 840 1870 889 aut
1897 848 2013 906 per
2047 833 2547 906 imprudentiam
2573 835 2741 891 male
2782 830 3113 911 judicavit,
3154 834 3260 907 qui

458 926 715 1003 quidem
746 928 919 986 litem
951 942 1131 985 suam
1167 926 1388 984 secisse
1423 926 1689 1000 dicitur,
1729 928 1875 985 ideo
1900 970 1918 999 ,
1953 928 2129 1000 quod
2154 929 2217 985 in
2244 929 2485 988 factum
2517 930 2685 988 actio
2714 930 2895 1003 quasi
2920 945 2994 988 ex
3027 925 3260 988 delicto

457 1026 763 1082 adversus*
781 1038 930 1080 eum
954 1024 1148 1079 datur
1171 1063 1187 1090 ‚
1222 1038 1349 1095 qua
1377 1022 1440 1078 id
1468 1028 1651 1080 actor
1674 1029 2111 1096 consequetur
2134 1066 2149 1093 ‚
2189 1023 2364 1096 quod
2398 1040 2675 1097 aequum
2703 1025 2790 1083 ob
2818 1040 2961 1082 eam
2988 1041 3121 1082 rem
3156 1025 3257 1099 ju-

457 1114 696 1177 dicanti
717 1111 1034 1176 v‘idebitur
1060 1114 1129 1191 ¹).
1168 1118 1473 1189 Idemque
1503 1118 1583 1175 de
1607 1132 1686 1175 eo
1710 1118 1903 1175 etiam
1925 1117 2142 1175 dicere
2155 1119 2544 1177 conveniens
2564 1127 2689 1188 est,
2717 1114 2833 1192 qui
2858 1116 3259 1179 voluntariae

449 1216 906 1290 jurisdictionis
954 1231 1222 1274 munere
1270 1217 1631 1275 exercendo
1667 1218 1858 1289 culpa
1888 1202 2003 1275 sua
2032 1218 2341 1275 damnum
2384 1218 2560 1300 dedit
2583 1214 2655 1290 ²).
2693 1222 3031 1276 Praeterea
3070 1218 3133 1290 2)
3171 1220 3253 1285 is,

456 1315 567 1387 qui
598 1312 764 1370 seras
807 1308 1039 1371 bestias
1081 1308 1364 1385 aliaque,
1411 1327 1579 1386 quae
1608 1328 1848 1372 nocere
1885 1315 2128 1386 solent,
2162 1313 2491 1382 animalia,
2539 1308 2622 1371 ibi
2666 1315 2898 1387 habet,
2934 1314 3040 1372 ubi
3073 1315 3260 1389 vulgo

462 1411 587 1467 iter
604 1411 706 1482 fit,
754 1409 804 1466 si
834 1423 913 1466 ea
960 1423 1035 1467 re
1063 1407 1224 1466 liber
1253 1408 1449 1466 homo
1490 1408 1791 1483 perierit,
1829 1403 1892 1465 in
1925 1409 2239 1466 ducentos
2267 1409 2537 1478 solidos,
2572 1409 2666 1466 sin
2702 1409 2987 1467 nocitum
3026 1410 3112 1466 illi
3145 1407 3253 1483 sit,

456 1506 651 1578 tanti,
685 1510 995 1576 quantum
1036 1503 1280 1560 bonum
1309 1508 1374 1560 et
1406 1517 1682 1574 aequum
1700 1503 1902 1591 ,iudici
1929 1503 2281 1574 videbitur,
2317 1510 2586 1577 propter
2616 1507 2853 1563 damna
2881 1520 3036 1563 vero
3066 1505 3257 1562 rebus

460 1602 638 1657 illata
663 1599 725 1656 in
746 1599 1013 1672 duplum
1040 1598 1254 1656 damni
1275 1599 1444 1666 dati,
1476 1613 1553 1656 ex
1583 1599 1890 1656 Aedilium
1917 1599 2130 1658 edicto
2150 1601 2677 1688 condemnandus
2698 1606 2797 1659 est
2818 1598 2889 1674 3).

451 1798 476 1869 §
524 1791 643 1849 452
681 1789 783 1865 111)
833 1790 916 1847 De
968 1788 1079 1858 his,
1121 1789 1224 1868 qui
1262 1789 1415 1849 citra
1465 1769 1720 1867 ipsorum
1763 1789 1957 1849 dolum
2009 1792 2097 1851 vel
2137 1792 2366 1870 culpam
2405 1792 2764 1869 obliquatur,
2816 1794 2982 1870 quasi
3021 1792 3252 1871 delique

1232 1883 1378 1943 rint.
1420 1883 1679 1943 Actiones
1720 1885 1790 1944 de
1826 1885 2019 1965 effusis
2057 1896 2113 1945 ct
2151 1887 2372 1964 dejectis
2414 1892 2512 1966 (⁶)-

532 2109 691 2166 Sunt
712 2108 858 2181 qui,
884 2108 1036 2165 licet
1067 2105 1181 2179 ipsi
1202 2105 1356 2164 nihil
1380 2106 1769 2180 deliquerint
1789 2149 1805 2176 ‚
1834 2112 2049 2164 tamen
2082 2107 2264 2180 quasi
2290 2123 2366 2165 ex
2394 2107 2655 2179 propria
2682 2105 2868 2179 culpa
2892 2111 3256 2176 teneantur,

453 2209 604 2266 ideo
634 2254 649 2279 ‚
688 2208 860 2281 quod
891 2206 954 2263 in
995 2223 1227 2278 magna
1259 2221 1483 2264 eorum
1513 2207 1837 2277 diligentia
1872 2206 2179 2264 damnum
2221 2208 2301 2264 ab
2329 2206 2476 2278 ipsis
2505 2205 2784 2278 potuisse
2826 2207 3149 2279 praeverti
3180 2207 3260 2263 vi·

451 2308 681 2363 deatur
701 2302 763 2373 ¹).
805 2293 945 2362 iam
984 2304 1106 2362 hac
1150 2319 1226 2361 ex
1263 2319 1457 2362 causa
1498 2306 1670 2362 actio
1705 2307 1790 2362 de
1831 2304 2047 2363 effusis
2076 2311 2140 2363 et
2170 2301 2429 2378 deiectis
2459 2305 2763 2362 adversus
2808 2305 3259 2363 inhabitatores

449 2403 641 2460 datur
684 2401 1217 2475 coenaculorum,
1251 2401 1424 2457 unde
1468 2395 1530 2457 in
1563 2402 1778 2459 locum
1804 2447 1818 2471 ‚
1851 2401 1958 2457 ubi
1991 2402 2179 2471 vulgo
2222 2402 2344 2458 iter
2376 2400 2441 2456 fit
2468 2448 2483 2472 ‚
2520 2400 2756 2471 aliquid
2803 2400 3125 2473 dejectum
3158 2399 3255 2458 vel

453 2496 727 2554 effusum
751 2502 883 2564 est,
914 2495 1038 2553 hoc
1060 2501 1276 2567 pacto,
1303 2501 1377 2551 ut
1404 2495 1584 2553 liberi
1607 2491 1884 2554 hominis
1908 2492 2099 2554 occisi
2125 2497 2384 2553 nomine
2414 2496 2742 2567 popularis
2769 2495 2935 2553 actio
2954 2495 3020 2552 in
3044 2496 3124 2553 50
3149 2509 3254 2552 au-

463 2611 612 2653 reos
644 2601 997 2666 competat,
1027 2590 1076 2651 si
1099 2593 1223 2651 alio
1254 2595 1447 2652 modo
1475 2611 1790 2667 personae
1824 2595 1961 2669 ejus
1992 2591 2279 2653 nocitum
2302 2595 2413 2669 sit,
2445 2590 2510 2651 in
2540 2594 2600 2649 id
2629 2595 2800 2665 quod
2826 2594 3088 2652 interest
3111 2638 3128 2667 ,
3162 2596 3253 2651 sin

458 2691 653 2749 rebus
680 2691 986 2746 damnum
1019 2690 1241 2747 datum
1269 2731 1284 2757 ,
1316 2690 1376 2746 in
1408 2691 1672 2763 duplum
1707 2691 2017 2764 judicium
2047 2692 2102 2748 ei
2123 2738 2139 2763 ‚
2179 2691 2288 2763 qui
2309 2693 2518 2748 laesus
2541 2696 2671 2760 est,
2707 2691 2897 2747 detur
2915 2686 2985 2762 ²).
3026 2690 3252 2747 Adver-

457 2801 562 2844 sus
603 2786 856 2859 plume,
899 2780 1009 2857 qui
1037 2802 1167 2843 una
1206 2786 1561 2844 inhabitant
1602 2789 2057 2857 coenaculum,
2097 2784 2158 2846 In
2198 2787 2469 2846 solidum
2501 2788 2662 2846 haec
2689 2788 2857 2845 actio
2899 2788 3114 2847 locum
3146 2786 3251 2842 ha-

458 2885 567 2942 bet
586 2883 655 2957 ³).
696 2880 928 2960 Quodsi
959 2885 1038 2942 de
1063 2879 1207 2942 navi
1237 2884 1533 2961 dejicitur
1559 2929 1573 2955 ‚
1609 2887 1783 2944 utilis
1810 2887 1977 2943 actio
2004 2886 2067 2942 in
2094 2901 2240 2944 eum
2274 2886 2495 2955 datur,
2524 2886 2633 2957 qui
2672 2884 2815 2942 navi
2855 2884 3249 2957 praepositus
3290 2874 3293 2877 “

458 2987 553 3038 est
577 2976 647 3053 ⁴).
676 2982 719 3037 Α
744 2996 869 3052 qua
899 2979 1150 3038 actione
1174 2980 1517 3051 plurimum
1542 2980 1754 3039 differt
1776 2997 1847 3039 ea
1871 3023 1887 3050 ‚
1923 2997 2089 3053 quae
2121 2981 2201 3039 de
2233 2981 2587 3061 periculose
2614 2981 2832 3053 positis
2857 2987 2919 3038 et
2945 2978 3252 3051 suspensis

461 3077 688 3150 datm-3
726 3071 964 3148 quippe
998 3066 1166 3147 qua‘e
1200 3082 1266 3131 et
1285 3082 1631 3148 antequam
1657 3077 1964 3134 damnum
1995 3078 2217 3134 datum
2247 3083 2343 3135 est
2368 3120 2384 3147 ‚
2412 3093 2534 3136 nec
2563 3078 2865 3135 adversus
2888 3076 3082 3133 alium
3100 3118 3115 3144 ‚
3143 3073 3251 3131 nisi

459 3165 567 3243 qui
601 3171 875 3242 positum
904 3171 1003 3231 vel
1026 3185 1402 3243 suspensum
1424 3171 1652 3241 habet,
1677 3178 2002 3244 competat
2024 3168 2090 3244 ³).

883 3373 909 3445 ς
952 3353 1094 3427 455.
1140 3368 1202 3444 Β)
1247 3368 1608 3436 Nautarum,
1651 3384 1996 3444 cauponum,
2042 3366 2492 3427 stabulariorum
2532 3366 2818 3445 obligatio.

535 3568 847 3625 Adversus
880 3567 1139 3625 navium
1164 3609 1180 3636 ‚
1221 3582 1665 3640 cauponarum
1689 3607 1705 3636 ‚
1738 3567 2138 3627 stabulorum
2171 3568 2555 3627 exercitores
2576 3565 2622 3642 ¹)
2650 3567 2881 3639 duplex
2922 3563 3090 3625 actio
3114 3579 3267 3639 pro⁴

1096 3776 1122 3835 ς
1147 3775 1258 3827 451.
2496 3779 2522 3834 S
2556 3777 2664 3826 ⁴52.

515 3905 560 3961 1)
593 3905 662 3950 Cf.
689 3905 742 3949 L.
766 3903 857 3949 ult.
880 3905 934 3949 D.
967 3903 1036 3950 de
1067 3901 1343 3949 extraord.
1367 3903 1560 3963 coqm't.
1591 3926 1643 3937 ·-
1668 3906 1719 3950 1..
1744 3902 1821 3950 15.
1956 3901 2014 3964 (⁸)
2049 3907 2153 3964 Dlg.
2178 3902 2355 3965 (lx,5.)
2376 3903 2560 3967 dehis,
2585 3901 2682 3962 qua·
2700 3901 2995 3960 effuderint
3015 3901 3279 3958 velme-

451 3967 528 4011 Pr.
551 3967 586 4011 l.
610 3964 788 4013 deobl.
806 3998 820 4021 ‚
839 3976 981 4024 quae
1004 3978 1096 4022 qu.
1121 3976 1192 4011 ex
1212 3964 1315 4011 del.
1341 3971 1487 4013 nasc.
1509 3967 1633 4011 -L.
1657 3963 1705 4012 5.
1725 3968 1749 4020 S
1772 3964 1822 4012 4.
1887 3970 2078 4018 cerfae.

450 4027 507 4074 D.
528 4028 595 4074 de
619 4032 677 4074 0.
699 4032 753 4075 et
775 4030 843 4075 A.
867 4028 1061 4084 (XLIV,
1079 4024 1218 4083 7.)—
1244 4028 1296 4073 1..
1324 4025 1402 4074 15.
1427 4029 1453 4082 S
1477 4028 1522 4072 1.
1548 4029 1602 4073 D.
1626 4027 1823 4082 dejud.
1955 4033 2000 4088 1)
2035 4032 2085 4075 1..
2113 4029 2157 4075 1.
2200 4029 2225 4083 S
2257 4021 2304 4074 4.
2340 4030 2393 4075 D.
2419 4027 2488 4074 de
2522 4027 2624 4085 Itis,
2646 4024 2738 4085 qui
2759 4023 2988 4082 effuder.
3014 4041 3097 4069 ‹t—
3113 4027 3281 4085 culpa

451 4088 619 4147 021.)
645 4115 700 4123 -
727 4090 909 4146 Quodsi
944 4090 1059 4136 dolo
1101 4090 1218 4135 ‘tecit
1251 4089 1434 4145 judex,
1483 4090 1596 4135 licet
1651 4091 1824 4136 eadem
1887 4095 2016 4141 enim
2035 4102 2179 4149 penes
2200 4103 2310 4136 eum
2335 4096 2428 4136 est.
2454 4093 2561 4137 Nec
2593 4089 2847 4146 adjicitur
2880 4090 3070 4144 culpae
3111 4100 3286 4135 men-

449 4152 642 4198 actione
666 4154 893 4198 adversus
912 4162 1025 4196 eum
1047 4152 1119 4197 uti
1151 4151 1329 4210 possit,
1349 4152 1428 4212 cui
1464 4153 1697 4198 damnum
1734 4152 1823 4197 da·
1888 4156 2009 4202 tio.»
2036 4179 2089 4186 —
2110 4155 2163 4199 L.
2187 4151 2236 4200 7.
2262 4154 2287 4209 S
2308 4150 2353 4198 -1,
2379 4157 2581 4200 nautae
2597 4154 2687 4199 rel.
2707 4166 2769 4184 -·—
2793 4154 2844 4198 L.
2878 4148 2929 4197 5.
2956 4154 3005 4196 in
3028 4152 3065 4196 f.
3102 4152 3163 4196 D.
3206 4151 3292 4198 de

449 4218 556 4259 tum
578 4219 670 4272 est,
694 4220 855 4259 tamen
879 4218 928 4257 et
948 4213 1053 4259 aliis
1067 4219 1318 4270 praeterea
1330 4211 1618 4268 subjicietur
1637 4214 1822 4271 poenis.
1889 4221 1946 4265 0.
1970 4220 2026 4265 et
2045 4219 2108 4263 A.
2138 4215 2316 4272 (xle,
2337 4213 2408 4271 7.)

451 4275 507 4321 L.
533 4277 581 4321 2.
606 4278 659 4322 C.
691 4276 759 4323 de
786 4286 961 4331 poena
982 4274 1209 4331 judicis,
1250 4269 1346 4333 qui
1385 4277 1521 4321 male
1549 4276 1828 4330 judicavit
1948 4279 1996 4335 2)
2031 4280 2082 4324 L.
2111 4275 2155 4323 1.
2181 4290 2254 4335 pr.
2275 4280 2301 4334 S
2323 4279 2345 4323 1
2364 4302 2388 4311 -
2411 4275 2529 4325 9.1..
2551 4270 2602 4325 5.
2625 4280 2651 4333 S
2669 4277 2700 4324 ὅ
2721 4302 2745 4313 -
2765 4274 2813 4324 5.
2841 4275 2893 4321 L.
2914 4272 2963 4321 6.
2994 4285 3067 4332 pr.
3094 4274 3119 4328 S
3148 4271 3205 4321 1.
3234 4282 3293 4322 et

452 4338 574 4397 (Vll,
597 4332 836 4394 also-ct.
859 4336 1061 4386 Weber
1074 4338 1226 4384 vond.
1247 4340 1350 4383 nat.
1372 4332 1623 4383 Verbindl.
1649 4339 1674 4392 S
1700 4334 1822 4384 12-
1889 4343 1934 4389 2.
1960 4344 2011 4388 L.
2033 4339 2081 4386 7.
2107 4340 2161 4385 D.
2187 4339 2236 4384 Ιι.
2266 4343 2303 4385 t.
3069 4391 3073 4395 ,

451 4396 533 4448 16.
576 4403 626 4445 et
668 4400 734 4446 ib.
761 4399 981 4456 inprimis
1013 4402 1039 4456 ς
1084 4399 1157 4446 12.
1181 4403 1284 4444 not.
1313 4395 1359 4445 4.
1383 4402 1419 4443 A
1441 4410 1540 4456 quo
1557 4399 1823 4446 dissent.-
1951 4402 1999 4459 3)
2035 4405 2082 4448 L.
2110 4403 2157 4447 1.
2177 4404 2202 4455 S
2224 4401 2301 4449 10.
2325 4402 2376 4449 L.
2400 4399 2613 4449 2-4.n.
2638 4398 2897 4450 eod-Cf.
2925 4401 2974 4445 L.
2997 4393 3147 4455 §.pn
3176 4399 3210 4453 ς
3238 4401 3263 4444 1
3287 4432 3305 4447 .

451 4462 626 4510 Loehr
641 4461 847 4509 Theorie
868 4462 954 4507 der
973 4462 1122 4518 Culpa
1145 4473 1193 4518 p.
1219 4458 1311 4507 195
1329 4473 1400 4518 sq.
1427 4473 1504 4506 nr.
1524 4455 1571 4505 ὅ.
1596 4485 1654 4493 -
1675 4462 1749 4508 Cf.
1776 4466 1826 4507 et
1890 4464 1935 4512 2.
1957 4465 2093 4531 eod„

453 4525 782 4571 G.Weberin
811 4522 1091 4575 zeitschr.t.
1111 4522 1278 4569 Civilr.
1301 4536 1350 4570 u.
1371 4523 1758 4570 Proz.vll.diss.
1787 4526 1821 4570 Ι.
1950 4528 1997 4581 4)
2034 4529 2083 4573 L.
2106 4522 2154 4570 6.
2181 4523 2274 4581 §5-
2300 4527 2354 4572 D.
2376 4527 2492 4577 eod.

514 4587 563 4642 2)
597 4589 709 4644 Arg.
745 4588 798 4634 L.
845 4585 893 4633 4.
935 4593 987 4632 et
1017 4582 1067 4631 6.
1111 4587 1168 4631 D.
1202 4583 1269 4632 de
1303 4583 1540 4644 maqiser.
1593 4597 1819 4632 conven.
1951 4587 1997 4644 5)
2032 4589 2123 4644 8¹-
2151 4588 2187 4634 1.
2213 4587 2278 4633 de
2299 4587 2421 4649 obl„
2447 4598 2590 4646 quae
2631 4600 2723 4647 qu.
2763 4598 2835 4633 ex
2876 4585 2982 4631 del.
3021 4594 3203 4632 uase.
3228 4612 3299 4621 -

450 4646 1113 4757 ngll‚8.)—;..2.C.eod.
1137 4648 1215 4707 (v,
1234 4644 1632 4703 75.)-Struben
1644 4648 1820 4695 rechtl.
1886 4653 1937 4698 L.
1959 4650 2005 4698 5.
2031 4655 2057 4707 S
2077 4648 2253 4757 (δέ-185.
2281 4651 2334 4696 D.
2357 4650 2408 4695 Ιι.
2437 4651 2615 4697 t.—Cl‘.
2641 4649 2805 4696 Gtt'ick
2834 4648 2984 4693 Pauci.
3009 4647 3065 4690 x.
3088 4648 3127 4702 ς
3151 4647 3297 4695 710.

516 4712 565 4757 d.
590 4712 648 4758 V.
672 4712 792 4758 nr.1
834 4713 882 4756 3.
1921 4711 2105 4763 ,401-
2147 4711 2177 4757 0
2216 4746 2228 4758 .

514 4770 719 4827 5)ι..4ο.
746 4773 840 4829 §1-
867 4774 919 4819 1..
941 4769 1020 4819 41.
1047 4773 1096 4817 ι..
1124 4769 1201 4818 ⁴2.
1224 4773 1281 4818 n.
1302 4768 1817 4827 aeaedit.ea.(xx1‚
1884 4726 1914 4771 p
2401 4789 2426 4842 g
2457 4786 2567 4837 455.

452 4832 520 4891 1.)
547 4858 604 4867 —-
627 4836 651 4889 s
675 4837 720 4880 1.
739 4838 771 4881 l.
796 4834 842 4881 si
862 4832 1135 4893 quadrup.
1167 4845 1391 4891 pauper.
1413 4831 1513 4886 fec.
1543 4834 1645 4882 dic.
1668 4834 1815 4883 -Cf.

450 4896 631 4944 Paulli
672 4902 794 4943 sent.
821 4910 919 4942 rec.
938 4898 975 4943 1.
1002 4898 1100 4944 Tit.
1124 4894 1202 4942 15.
1228 4900 1253 4953 s
1276 4898 1323 4940 Ξ.
1344 4918 1404 4929 -
1433 4895 1541 4941 vid.
1565 4903 1614 4942 et
1638 4895 1745 4947 ibis
1771 4898 1818 4941 1.
1950 4895 1998 4941 1)
2035 4893 2085 4939 L.
2106 4893 2152 4937 1.
2170 4889 2190 4940 S
2211 4893 2259 4937 2.
2280 4890 2326 4939 4.
2351 4894 2404 4939 1..
2429 4890 2477 4937 5.
2505 4904 2578 4951 pr.
2613 4892 2667 4937 D.
2692 4895 2924 4949 naulae,
2949 4897 3308 4955 caupones,

453 4961 762 5015 (Zimmern
783 4959 910 5016 Syst.
932 4960 982 5005 d.
1009 4958 1335 5015 Nuxamagen
1361 4954 1483 5012 529.
1507 4971 1553 5015 p.
1590 4955 1652 5004 97
1675 4958 1789 5015 sq).
1889 4954 2193 5013 stabularii,
2220 4958 2280 5000 ut
2304 4959 2518 5012 recepta
2536 4950 2847 5001 restituant.
2875 4953 2972 5011 (lv,
2993 4949 3064 5003 9.)
3106 4978 3171 4986 —
3218 4957 3313 5003 cr,
