3544 5506
486 341 597 397 290
1087 351 1241 392 rans
1279 350 1434 396 senc.
1481 350 1599 392 un.
1645 349 1716 390 11.
1759 348 1835 392 ns
1871 347 2059 392 nesus
2099 347 2375 397 nantino.
2416 347 2698 399 nomme.

485 494 664 546 terea
699 497 1012 544 canonem
1035 480 1295 541 domino
1329 483 1579 541 solvere
1603 480 1797 539 debet
1829 480 2056 548 talem,
2093 475 2299 552 qualis
2339 478 2540 538 fundo
2569 479 2633 537 in
2674 479 3126 539 constituendo
3161 479 3305 557 jure

483 580 957 657 emphyteutico
983 579 1312 651 impositus
1337 585 1433 636 est
1455 574 1502 650 δ)
1527 620 1541 645 ,
1587 578 1712 635 hoc
1731 582 1925 650 pacto
1942 618 1961 646 ‚
1990 581 2064 633 ut
2105 591 2227 634 nec
2249 583 2563 647 augeatur
2589 590 2799 634 canon
2828 583 3097 649 propter
3122 576 3303 635 fundi

485 682 988 745 incrementum,
1018 689 1141 733 nec
1185 675 1516 732 minuatur
1549 673 1731 746 ideo,
1776 673 1953 745 quod
1989 672 2152 745 juris
2175 672 2413 731 utilitas
2441 678 2715 746 propter
2751 671 2945 745 ipsius
2973 670 3150 730 fundi
3190 674 3306 733 de-

486 779 887 834 crementum
927 772 1256 829 minuatur
1287 767 1352 843 ⁴).
1397 765 1634 847 Quodsi
1670 783 1829 827 vero
1853 775 2122 844 propter
2162 769 2566 827 sterilitatem
2591 769 2656 827 id
2688 769 2798 825 flat
2820 810 2838 842 ,
2869 763 3303 828 remissionem

485 873 748 934 canonis
778 872 927 946 J‘ure
955 871 1113 944 petit
1133 870 1548 943 emphyteuta
1574 865 1644 942 ὃ).
1675 868 1961 942 Denique
2000 869 2081 926 ad
2122 868 2607 943 emphyteutam
2649 863 2845 926 etiam
2880 880 3082 926 onera
3110 869 3305 941 perti·

486 981 678 1039 nent,
726 987 891 1046 quae
914 970 1170 1045 publico
1201 970 1350 1043 jure
1383 970 1476 1027 rei
1502 968 1797 1052 imposita
1826 975 1975 1027 sunt
1996 965 2069 1040 6).
2118 971 2194 1034 Il)
2229 968 2475 1027 Domini
2522 974 2740 1027 autem
2760 967 2915 1040 ,iura
2938 973 3051 1025 aut
3078 982 3157 1026 ex
3187 970 3305 1026 do-

483 1075 681 1134 minio
712 1080 826 1132 aut
842 1088 924 1131 ex
949 1071 1058 1129 illo
1083 1071 1221 1144 ipso
1241 1072 1391 1144 jure
1415 1068 1894 1145 emphyteutico
1924 1069 2275 1141 repetenda
2301 1075 2476 1126 sunt.
2502 1068 2575 1127 Vi
2598 1083 2674 1125 ac
2696 1074 3019 1140 potestate
3045 1066 3305 1126 dominii

485 1184 549 1236 et
571 1159 825 1234 omnem
869 1190 943 1231 ex
981 1188 1054 1230 re
1083 1147 1426 1230 utilitatem
1459 1165 1765 1245 percipit,
1812 1184 1980 1243 quae
2003 1169 2263 1241 quidem
2288 1169 2480 1226 tribui
2513 1167 2965 1240 emphyteutae
2993 1174 3302 1239 nequeat,

486 1279 553 1333 ct
573 1317 590 1345 ‚
617 1289 654 1331 e
681 1271 893 1329 medio
937 1271 1189 1327 sublato
1214 1268 1694 1346 emphyteutico
1720 1264 1868 1339 jure
1890 1310 1907 1341 ,
1939 1265 2274 1338 praedium
2296 1307 2312 1332 ‚
2344 1272 2676 1337 tamquam
2714 1263 2849 1337 ipso
2875 1263 3024 1337 jure
3054 1260 3169 1323 sibi
3199 1264 3310 1322 de-

487 1375 690 1431 latum
711 1416 728 1446 ‚
757 1385 976 1429 rursus
1003 1368 1230 1441 recipit
1259 1365 1306 1444 (§
1331 1384 1462 1441 seq.
1493 1373 1631 1426 not.
1659 1369 1720 1425 9.
1750 1364 1882 1438 10.)
1900 1410 1916 1436 ,
1949 1372 2087 1423 tum
2121 1360 2311 1423 etiam
2342 1365 2424 1422 ab
2452 1371 2759 1423 extraneo
2784 1361 2922 1437 ejus
2946 1379 3310 1438 possessore

485 1470 771 1528 vindicat
787 1467 855 1544 ⁷).
890 1473 972 1528 Ex
994 1468 1469 1541 emphyteutico
1496 1467 1642 1545 jure
1663 1467 1826 1525 haec
1856 1465 2252 1539 potissimum
2288 1471 2637 1522 manarunt
2661 1460 2906 1522 domini
2928 1464 3080 1540 jura
3109 1481 3125 1521 ε
3169 1465 3298 1537 pri-

487 1584 662 1625 mum
685 1611 700 1636 ,
742 1573 814 1624 ut
841 1567 905 1622 in
935 1567 1210 1624 emendo
1250 1565 1512 1639 praedio
1543 1564 1751 1638 potior
1782 1563 2098 1620 habeatur
2122 1561 2417 1619 dominus
2457 1561 2503 1636 (§
2521 1561 2662 1620 299.
2693 1566 2834 1620 not.
2872 1563 3004 1635 6.);
3039 1558 3304 1632 deinde,

486 1670 559 1719 ut
585 1658 974 1721 alienatione
999 1661 1174 1721 sacta
1202 1657 1482 1733 praedii,
1526 1661 2054 1733 quinquagesima
2094 1675 2242 1730 pars
2276 1658 2501 1730 pretii,
2553 1658 2942 1716 laudemium
2969 1666 3199 1717 vocant
3220 1655 3267 1731 ⁸)
3287 1701 3305 1728 ‚

486 1753 750 1816 domino
801 1752 1134 1816 inserenda
1161 1757 1239 1814 sit
1269 1754 1317 1827 ⁹)
1359 1757 1440 1813 ab
1482 1771 1563 1813 co
1592 1802 1607 1824 ,
1642 1755 1752 1828 qui
1786 1751 1847 1812 in
1884 1753 1986 1832 jus
2016 1754 2467 1827 emphyteutae
2516 1755 2801 1812 succedit
2827 1752 2928 1827 ¹⁰),
2964 1757 3312 1815 dummodo

484 1859 634 1931 jure
670 1853 885 1916 valeat
910 1852 1212 1915 alienatio
1241 1853 1330 1924 ¹¹).
1373 1856 1658 1928 Denique
1679 1899 1696 1927 ‚
1748 1862 1823 1913 ut
1853 1861 2120 1928 propter
2161 1854 2469 1925 insignem
2500 1855 2956 1927 emphyteutae
2989 1856 3311 1929 negligen-

489 1953 644 2011 tiam
654 1953 761 2029 jus
781 1955 859 2011 ad
891 1969 959 2011 se
981 1968 1291 2011 revocare
1320 1959 1517 2025 queat
1543 1952 1841 2011 dominus
1862 1951 1908 2027 (§
1932 1967 2067 2025 seq.
2097 1958 2234 2009 not.
2263 1953 2340 2009 13
2365 1956 2551 2023 sqq.).

737 2157 764 2230 §
808 2152 951 2211 501.
1005 2148 1081 2215 D)
1122 2149 1230 2207 Jus
1272 2148 1749 2228 emphyteuticum
1793 2147 2068 2227 quomodo
2108 2156 2162 2206 et
2202 2147 2595 2206 constituatur
2635 2155 2690 2205 et
2730 2146 3062 2206 amittatur.

581 2350 645 2423 1)
676 2349 818 2407 Tria
861 2355 1047 2417 sunt,
1080 2347 1254 2405 unde
1283 2342 1447 2420 juris
1495 2342 2047 2419 emphyteuticarii
2087 2362 2281 2405 causa
2326 2343 2531 2420 repeti
2565 2349 2771 2405 solet:
2815 2355 3188 2407 contractus
3233 2346 3313 2423 ¹),

500 2453 989 2522 testamentum,
1031 2448 1203 2518 longi
1232 2446 1543 2518 temporis
1586 2446 1921 2518 possessio.
1970 2450 2043 2504 Et
2081 2446 2140 2520 1)
2179 2454 2554 2506 contractus
2594 2448 2854 2521 quidem
2896 2444 3144 2521 scriptis
3175 2449 3315 2506 lieri

501 2545 724 2614 debet,
752 2537 1002 2616 quoties
1028 2549 1143 2600 aut
1182 2541 1683 2600 ecclesiasticum
1713 2542 2049 2614 praedium
2082 2543 2273 2600 datur
2305 2544 2368 2601 in
2413 2544 2857 2617 emphyteusin
2887 2540 2935 2617 2)
2956 2591 2972 2618 ,
2999 2551 3109 2602 aut
3137 2545 3220 2602 ab
3241 2541 3318 2603 iis

500 2635 860 2710 receditur,
896 2653 1062 2712 quae
1111 2645 1345 2696 natura
1385 2632 1605 2695 insunt
1634 2637 2113 2711 emphyteutico
2134 2639 2265 2714 juri
2288 2636 2372 2716 ³)3
2408 2642 2579 2713 quod
2604 2641 2653 2698 si
2683 2641 2809 2699 alio
2840 2642 3031 2699 modo
3052 2646 3315 2698 contra-

501 2738 709 2811 hitur,
745 2745 1004 2813 praeter
1032 2752 1413 2798 consensum
1444 2753 1709 2813 quoquo
1748 2738 1942 2796 modo
1970 2739 2368 2798 declaratum
2396 2740 2548 2798 nihil
2589 2736 2937 2815 requiritur
2957 2738 3019 2814 ⁴).
3052 2741 3323 2814 Semper

505 2846 755 2910 autem,
794 2845 866 2896 ut
890 2839 996 2913 J‘us
1037 2840 1101 2897 in
1130 2855 1203 2897 re
1241 2835 1589 2914 efficiatur,
1631 2835 1894 2898 traditio
1917 2878 1937 2907 ‚
1986 2847 2099 2898 aut
2124 2841 2300 2913 quod
2341 2836 2544 2898 instar
2584 2847 2683 2899 est
2727 2841 3083 2901 traditionis
3106 2883 3125 2910 ‚
3163 2856 3319 2900 usus

507 2932 664 3011 juris
691 2935 1056 3009 dominique
1074 2935 1379 3010 patientia
1403 2979 1417 3006 ,
1438 2936 1850 2996 conventioni
1876 2938 2143 2995 accedat
2166 2951 2428 2996 necesse
2448 2945 2544 2996 est
2561 2940 2627 3003 ⁵).
2654 2937 2713 3000 2)
2732 2940 2819 2996 De
2843 2938 3322 2998 testamentaria

573 3110 621 3169 5)
645 3112 696 3159 L.
739 3113 787 3159 1.
833 3125 910 3173 pr.
947 3117 1000 3160 t..
1024 3116 1074 3160 2.
1096 3115 1154 3160 D.
1176 3113 1229 3161 Ιι.
1254 3115 1291 3158 Ι.
1318 3138 1374 3147 -
1412 3114 1635 3161 Plurium
1655 3112 1882 3169 eiusdem
2012 3112 2088 3170 11)
2113 3114 2223 3160 vid.
2245 3125 2372 3171 quae
2394 3124 2507 3159 cum
2549 3115 2613 3159 de
2657 3111 2749 3159 bac
2786 3125 2837 3158 re
2874 3117 2977 3160 tum
3016 3114 3078 3160 de
3116 3114 3318 3162 similib.

513 3174 698 3232 praedii
720 3175 1145 3236 emphyteuticarii
1182 3177 1427 3223 sociorum
1465 3177 1690 3223 solidaria
1722 3175 1882 3222 estad
1948 3177 2276 3233 quaestionib.
2316 3177 2460 3221 latins
2484 3179 2782 3232 pertractata
2821 3182 2934 3222 sunt
2971 3181 3078 3222 eta
3122 3177 3318 3225 Voelt'o

515 3247 753 3283 canonem
776 3241 1121 3295 praestandum
1148 3238 1402 3297 obligatio.
1429 3240 1541 3296 Arg.
1568 3241 1621 3287 L.
1644 3238 1695 3287 7.
1723 3251 1800 3299 pr.
1827 3240 1882 3284 D.
1950 3238 2029 3293 (ad
2055 3237 2105 3283 h.
2126 3243 2161 3284 t.
2187 3236 2289 3292 §31
2321 3262 2380 3272 -
2416 3236 2517 3297 55.)
2536 3245 2584 3284 et
2608 3249 2637 3284 a
2662 3236 2872 3287 Glticlce‘o
2893 3239 2947 3296 (i.
2973 3239 3005 3286 l.
3029 3242 3056 3296 s
3082 3238 3239 3299 614.).
3258 3264 3322 3273 -

515 3308 699 3345 comm.
719 3298 829 3348 div.
853 3302 931 3359 (Χ,
954 3300 1024 3358 5.)
1952 3300 2027 3347 ct.
2050 3306 2100 3346 et
2127 3299 2351 3347 Thibaut
2366 3301 2521 3349 pand.
2545 3302 2571 3356 ς
2593 3296 2708 3346 032.
2735 3301 2786 3347 E.

582 3359 631 3417 4)
654 3364 764 3420 Arg.
785 3364 839 3410 L.
860 3365 908 3410 ὅ.
932 3365 984 3409 c.
1008 3362 1357 3413 dealluvion.
1395 3364 1517 3425 (Vll,
1544 3362 1614 3422 4.)
1642 3387 1704 3397 -
1741 3365 1796 3410 1..
1833 3361 1880 3407 1.
2598 3364 2624 3418 ς
2653 3360 2773 3411 501.

517 3422 570 3467 C.
604 3422 657 3469 Ιι.
701 3428 739 3471 t.
772 3449 831 3458 -
865 3425 939 3473 Cf.
982 3426 1031 3473 in
1075 3427 1202 3476 banc
1235 3432 1286 3475 et
1328 3439 1433 3487 seq.
1473 3432 1578 3476 not.
1619 3425 1889 3481 Horacker
2017 3425 2061 3483 1)
2094 3424 2203 3471 vid.
2225 3420 2382 3480 3298.
2429 3428 2533 3471 not.
2568 3421 2617 3471 5.
2651 3422 2700 3471 6.
2724 3450 2785 3460 -
2808 3425 3069 3473 Marezoll
3097 3427 3149 3474 in
3187 3429 3322 3475 Zeit-

521 3484 579 3528 Τ.
606 3486 664 3531 ll.
689 3484 875 3541 31048.
1950 3487 2121 3536 schrift
2142 3488 2221 3534 tur
2234 3488 2398 3534 Civilr.
2427 3500 2474 3533 u.
2500 3488 2696 3535 Process
2735 3491 2795 3536 ll.
2816 3489 2896 3534 Μ.
2917 3489 2999 3536 Xl.
3021 3502 3068 3548 p.
3092 3487 3190 3537 359
3207 3503 3318 3550 sqq.

585 3545 637 3605 5)
656 3549 707 3595 L.
731 3548 809 3597 15.
832 3553 858 3607 s
879 3546 927 3597 4.
951 3551 1006 3596 D.
1031 3551 1129 3599 loc.
1152 3550 1692 3613 (xlx‚2.)—8asilicor.
1712 3555 1887 3597 auctor
2016 3552 2063 3609 Ξ)
2096 3550 2215 3597 Nov.
2257 3548 2367 3596 120.
2410 3561 2454 3595 c.
2496 3547 2548 3597 5.
2588 3560 2662 3608 pr.
2705 3559 2752 3599 et
2774 3564 2818 3600 c.
2842 3546 2892 3597 6.
2912 3553 2937 3608 ς
2956 3552 3003 3597 2.
3025 3575 3086 3585 —
3109 3554 3321 3600 Dissent.

523 3610 584 3655 T.
605 3611 663 3656 tl.
689 3623 735 3669 p.
757 3610 867 3659 ⁴21.
906 3636 961 3645 ——
983 3612 1057 3660 ct.
1098 3613 1411 3677 Gesterdinq
1432 3612 1887 3674 Eigeuthumsrecht
1955 3613 2162 3670 Leo-ser·
2199 3623 2275 3671 sp.
2318 3608 2430 3658 459.
2472 3623 2538 3658 m.
2571 3610 2619 3659 5.
2646 3637 2701 3646 -
2726 3615 2941 3661 Buleux
2965 3615 2997 3661 l.
3025 3615 3059 3662 l.
3083 3613 3169 3673 (cf.
3194 3616 3327 3663 infra

523 3685 575 3731 p.
596 3669 691 3718 462
712 3675 1016 3733 sqq.—Caet.
1041 3676 1137 3722 vid.
1164 3679 1218 3724 L.
1248 3674 1291 3723 1.
1319 3677 1370 3724 in
1391 3680 1429 3725 t'.
1448 3679 1502 3725 C.
1522 3676 1576 3723 Ιι.
1592 3676 1891 3724 t.-1)issen·
1952 3684 2061 3725 not.
2086 3677 2203 3733 10.).
2358 3724 2363 3731 ,

526 3736 684 3791 tium,
705 3737 904 3783 coslam
926 3740 1076 3784 secuti
1093 3772 1107 3795 ,
1134 3740 1426 3795 Weslpltal
1443 3738 1572 3787 Kaut
1597 3745 1692 3787 etc.
1728 3740 1755 3793 S
1771 3734 1889 3783 975.
2018 3740 2066 3795 3)
2099 3742 2151 3786 L.
2179 3741 2224 3786 1.
2243 3740 2300 3786 C.
2329 3738 2379 3785 h.
2406 3741 2444 3785 t.
2473 3735 2490 3794 (
2511 3751 2609 3778 ‹c—
2625 3750 2758 3796 quae
2780 3764 2833 3772 --
2851 3764 2904 3771 —
2928 3750 3073 3796 super
3094 3739 3329 3788 omnibus

528 3802 574 3841 et
601 3797 766 3846 Glzick
789 3800 912 3845 vul.
934 3811 985 3857 p.
1010 3798 1121 3847 417.
1146 3807 1248 3848 not.
1274 3798 1355 3850 45.
1385 3826 1441 3836 -—
1477 3803 1666 3849 caeter.
1712 3802 1811 3848 vid.
1845 3802 1895 3843 et
1958 3806 2030 3849 vel
2055 3803 2205 3850 etiam
2224 3801 2437 3849 fortuitis
2460 3799 2650 3847 casibus
2672 3801 2978 3859 pactionibus
2996 3803 3337 3861 scripturain-

532 3858 754 3908 Tlu‘baut
784 3864 926 3908 ·Vers.
953 3863 1014 3921 ll,
1050 3864 1126 3909 15.
1149 3876 1224 3910 nr.
1250 3862 1334 3912 111.
1357 3864 1456 3923 (ed.
1479 3865 1549 3920 2.)
1568 3861 1722 3923 p.273
1743 3861 1891 3920 sqq.).
1955 3866 2259 3912 tervenicnte
2296 3863 2479 3912 habitis
2500 3862 2775 3920 placuerint
2796 3880 2886 3903 η-
2907 3863 2944 3919 ).
2965 3864 3275 3912 Mar-ezoni.
3291 3867 3329 3913 l.

529 3943 593 3954 —-
625 3922 833 3970 Rachel
853 3926 886 3970 Ι.
908 3924 945 3970 l.
989 3937 1038 3984 p.
1061 3922 1143 3972 38.
1187 3931 1293 3974 not.
1315 3925 1362 3973 1.
1407 3953 1468 3961 —
1511 3926 1650 3975 Fritz
1671 3928 1734 3974 ad
1761 3925 1895 3973 We·
1959 3940 2009 3989 p.
2031 3926 2125 3975 3652
2148 3939 2254 3986 sqq.
2271 3954 2325 3961 -
2348 3929 2538 3977 caeter.
2560 3925 2626 3972 cf.
2652 3926 2814 3974 Gldck
2835 3926 2952 3972 vlit.
2976 3937 3025 3983 p.
3050 3923 3142 3973 461
3169 3940 3245 3987 sq.

536 3982 664 4042 niny
685 3986 741 4031 ll.
768 3999 814 4044 p.
839 3984 951 4033 461.
2028 3992 2073 4049 4)
2107 3992 2226 4038 Nam
2248 3990 2296 4037 in
2319 3998 2487 4036 eorum
2509 3992 2854 4036 contractuum
2876 4000 3082 4035 numero
3112 3994 3187 4036 est
3203 4026 3219 4045 ,
3240 3990 3331 4050 qui

593 4042 644 4101 6)
664 4047 716 4092 1..
742 4049 790 4094 2.
815 4051 868 4095 C.
892 4047 944 4094 Ιι.
965 4052 1002 4094 t.
1959 4065 2198 4101 consensu
2228 4051 2560 4112 perficiuntur.
2582 4050 2885 4099 contrariam
2904 4053 3102 4109 quidem
3128 4058 3330 4100 senteu-

593 4104 645 4164 7)
661 4110 770 4155 vid.
796 4108 957 4168 52⁴5.
977 4121 1053 4156 nr.
1077 4107 1263 4167 2-6.§
1286 4110 1395 4159 2⁴7.
1421 4118 1524 4159 not.
1543 4110 1593 4160 2.
1963 4118 2084 4164 tiam
2111 4114 2253 4163 multi
2287 4120 2505 4167 tuentur,
2531 4118 2730 4175 propter
2750 4115 2896 4160 verba
2924 4130 2937 4160 :
2966 4130 2991 4155 ιι
3016 4115 3332 4172 pactionibus

596 4166 734 4225 8)(31.
752 4173 917 4220 θὶιὶοΙι·
935 4173 1057 4219 vill.
1082 4186 1130 4231 p.
1155 4170 1245 4221 481
1266 4187 1340 4233 sq.
1962 4174 2203 4236 scriptura
2222 4176 2573 4225 interveniente
2596 4175 2775 4224 habitis
2793 4192 2817 4218 n
2841 4209 2857 4233 ‚
2900 4181 2951 4221 et
2974 4177 3185 4237 similia,
3205 4190 3337 4235 quae

595 4230 645 4289 9)
664 4234 714 4279 L.
738 4235 787 4279 3.
813 4238 865 4280 C.
889 4235 941 4280 Ιι.
967 4239 1005 4282 t.
1031 4260 1086 4267 —-
1116 4238 1315 4293 leyser-
1355 4239 1483 4285 med.
1526 4239 1589 4284 ad
1621 4238 1778 4286 Pand.
1819 4250 1894 4297 sp.
1963 4244 2194 4305 leguntur
2234 4241 2286 4287 1..
2325 4239 2370 4283 1.
2396 4238 2445 4284 2.
2480 4241 2535 4285 C.
2575 4238 2626 4284 Ιι.
2665 4241 2705 4285 1.
2728 4264 2786 4275 --
2811 4238 2908 4285 Sed
2932 4239 3025 4285 vid.
3059 4244 3171 4286 not.
3205 4242 3256 4287 3.
3281 4245 3336 4286 et

535 4292 646 4341 164.
669 4307 737 4343 m.
760 4294 812 4343 7.
833 4321 893 4329 -
910 4298 1098 4344 caeter.
1121 4299 1311 4346 observ.
1337 4301 1396 4358 a)
1418 4301 1504 4357 iis,
1524 4301 1607 4359 qui
1623 4301 1732 4355 jure
1757 4301 1899 4349 bere·
1963 4303 2223 4351 Marezoll
2238 4304 2274 4349 l.
2294 4303 2330 4346 1.
2352 4313 2401 4358 p.
2425 4298 2537 4346 373.
2557 4313 2635 4347 nr.
2659 4299 2707 4345 2.

534 4358 734 4413 ditarlo,
757 4370 912 4417 eoque
929 4360 1214 4419 universali,
1239 4364 1501 4409 succedant
1517 4363 1862 4422 emphyteutae
1879 4398 1895 4423 ‚
2024 4365 2072 4422 5)
2106 4367 2254 4423 idque
2277 4375 2387 4410 cum
2402 4374 2460 4408 ex
2477 4363 2622 4417 hujus
2638 4362 2763 4417 juris
2786 4364 2976 4425 origine
2995 4363 3154 4422 repeti
3172 4367 3337 4422 potest

535 4421 737 4466 canonis
759 4422 1331 4470 solvendinecessitatem
1348 4437 1443 4471 non
1458 4426 1757 4473 incumbere.
1782 4428 1891 4472 vid.
1959 4429 2044 4487 (ct.
2071 4428 2409 4486 Tiqerslroem
2434 4427 2466 4470 l.
2491 4426 2528 4472 l.
2552 4438 2599 4485 p.
2627 4421 2705 4472 13.
2728 4428 2777 4473 in
2801 4426 2837 4473 ἒ.
2862 4429 2979 4484 etp),
3000 4431 3107 4471 tum
3130 4438 3250 4472 vero
3275 4438 3339 4474 ex

536 4484 697 4528 varias
719 4485 962 4530 variorum
988 4484 1079 4530 hac
1115 4486 1176 4531 de
1205 4497 1258 4531 re
1296 4488 1563 4534 sententias
1602 4490 1652 4533 in
1695 4488 1899 4534 Glackii
1958 4489 2183 4549 eo‚quod
2198 4488 2443 4544 vectigalis
2466 4488 2571 4545 agri
2594 4495 2898 4545 possessoret
2918 4488 3142 4546 alioquin
3159 4489 3337 4535 similis

539 4545 689 4591 Pand.
711 4546 833 4592 thl.
851 4548 876 4601 S
895 4544 1073 4593 613.-
1084 4546 1133 4605 b)
1151 4563 1177 4590 ιι
1199 4548 1384 4596 Mutato
1406 4550 1784 4608 emphyteuseos
1806 4551 1895 4595 do·
1958 4559 2034 4599 est
2053 4553 2119 4608 ei,
2140 4552 2223 4610 qui
2246 4562 2356 4596 cum
2378 4548 2548 4597 animo
2567 4551 2753 4598 domini
2773 4563 2875 4597 rem
2899 4550 3116 4608 possidet
3138 4551 3226 4605 (L.
3247 4548 3333 4597 25.

538 4607 691 4652 minio
724 4608 1021 4656 laudemium
1065 4621 1165 4655 non
1213 4612 1400 4661 deberi.
1418 4632 1440 4653 ›-
1490 4637 1545 4644 —
1578 4613 1783 4673 leyser
1819 4623 1895 4671 sp.
1963 4616 2056 4671 §1-
2085 4614 2140 4660 D.
2163 4614 2231 4660 de
2253 4623 2403 4658 usur.
2430 4612 2574 4670 xxii,
2601 4612 2665 4672 l.)
2684 4614 2940 4660 Praeterea
2981 4615 3053 4659 rei
3094 4616 3339 4670 possessio

535 4670 672 4715 laud.
697 4680 763 4716 m.
788 4666 838 4715 5.
1964 4677 2129 4734 ajuris
2152 4675 2576 4734 emphyteuticarii
2606 4683 2779 4723 natura
2804 4675 3017 4732 separari
3052 4687 3154 4722 non
3195 4687 3340 4733 posse

604 4732 685 4787 10)
709 4732 922 4779 (ἕῑιὲοΙΗ.
943 4734 978 4779 l.
1000 4744 1048 4791 p.
1077 4729 1187 4780 479.
1209 4758 1265 4768 —-
1303 4735 1559 4782 Praeterea
1583 4746 1610 4783 a
1636 4735 1901 4782 fundorum
1965 4739 2182 4798 videtui-3
2203 4739 2300 4784 vid.
2329 4737 2642 4796 Tiqestroem
2667 4738 2700 4785 l.
2725 4739 2759 4785 1.
2783 4750 2831 4795 p.
2856 4734 3338 4786 39.—-Ct'.etVinn.

539 4795 954 4853 patrimonialium
974 4801 1026 4841 et
1048 4794 1343 4853 reipublicae
1374 4800 1727 4856 possessoribus
1750 4798 1902 4845 etiam
1967 4804 2028 4847 ad
2050 4802 2139 4856 §3-
2161 4803 2197 4847 l.
2219 4799 2285 4846 de
2307 4798 2406 4847 loc.
2433 4812 2512 4847 nr.
2540 4796 2650 4847 4.-
2677 4800 2884 4846 Dissent.
2908 4799 3077 4846 Dur-oi
3093 4801 3273 4847 Archiv
3299 4801 3339 4849 t.

538 4858 703 4903 cautio
725 4858 1018 4912 praestanda
1044 4860 1117 4903 est
1136 4859 1185 4904 L.
1222 4857 1270 4907 7.
1305 4862 1357 4908 C.
1382 4861 1450 4908 de
1469 4859 1625 4914 fund.
1646 4862 1904 4921 patrimo·
1967 4864 2063 4911 civ.
2105 4864 2270 4910 Praxis
2292 4862 2378 4910 vi.
2403 4874 2454 4919 p.
2485 4860 2596 4910 397.
2625 4888 2676 4896 —-
2700 4861 2768 4908 de
2788 4862 3070 4910 Scltroetei·
3090 4862 3338 4911 Zeitsclir.

539 4919 668 4966 nial.
691 4916 793 4978 (xi,
814 4917 914 4976 61.)
1969 4927 2050 4973 fur
2070 4926 2235 4973 Civilr.
2258 4936 2309 4970 u.
2334 4926 2551 4973 Process.
2575 4927 2614 4972 ll
2639 4938 2688 4984 p.
2711 4921 2821 4972 243.
