3544 5506
516 341 632 400 520
1014 350 1166 393 PARS
1204 349 1367 393 svm.
1409 350 1527 391 Lm.
1568 349 1657 391 tv.
1699 349 1776 390 DE
1812 349 1968 391 mun
2003 347 2335 392 nouusrlco
2371 348 2448 390 m·
2485 348 2803 390 ‘furatam-

532 478 788 553 quidem
845 481 1099 549 patrum
1141 472 1280 547 jus,
1327 488 1498 532 novo
1538 474 1912 532 introducto
1960 471 2376 535 successionis
2402 476 2626 534 ordine
2657 476 2909 549 penitus
2932 477 3200 534 evanuit
3229 472 3313 549 ¹¹).

1273 675 1300 748 §
1332 668 1475 727 566.
1509 669 1570 745 b)
1603 670 1685 726 De
1709 669 1876 746 quasi
1901 669 2177 729 castrensi
2194 669 2416 748 peculio
2444 669 2545 749 (*).

604 866 793 949 Quosi
816 868 1118 928 castrensi
1147 863 1399 941 peculio
1419 869 1907 926 adnumeranda
1929 876 2077 926 sunt
2097 867 2155 942 1)
2175 884 2341 941 quae
2358 868 2571 927 officio
2589 869 2846 940 publico
2870 866 2937 940 ¹),
2963 874 3106 925 turn
3129 863 3313 925 etiam

524 966 1049 1027 advocationibus
1085 970 1489 1038 quaeruntur
1528 961 1613 1036 ²);
1640 962 1702 1034 2)
1742 979 1911 1036 quae
1955 979 2029 1021 ex
2068 960 2370 1038 principis
2396 966 2497 1022 vel
2528 968 2841 1035 Augustae
2868 964 3317 1021 donationibus

522 1065 733 1123 liberis
749 1063 1114 1133 obtigerunt
1123 1059 1171 1131 ³)
1188 1077 1203 1129 ;
1220 1059 1278 1133 5)
1299 1075 1465 1132 quae
1487 1061 1567 1116 ad
1585 1059 1851 1117 clericos
1870 1076 2257 1133 quacunque
2274 1061 2526 1118 ratione
2542 1067 2977 1132 pervenerunt
2993 1055 3062 1131 ⁴).
3088 1064 3314 1131 anue,

525 1164 642 1222 etsi
685 1178 816 1220 non
847 1161 1059 1219 statim
1084 1159 1166 1218 ab
1205 1159 1417 1230 initio,
1454 1165 1670 1216 tamen
1698 1175 1774 1217 ex
1805 1154 2135 1218 justiniani
2162 1160 2618 1219 constitutione
2638 1203 2653 1228 ,
2690 1156 3117 1218 castrensibus
3145 1158 3317 1216 bonis

527 1275 644 1332 per
677 1259 887 1317 omnia
924 1262 1277 1328 exaequata
1308 1261 1458 1314 sunt
1489 1251 1558 1327 ⁵).
1592 1255 1902 1331 Quocirca
1931 1256 2114 1329 quasi
2156 1263 2480 1315 castrense
2512 1257 2832 1328 peculium
2871 1256 3045 1312 haud
3079 1257 3321 1313 incom-

527 1356 715 1414 mode
760 1354 1168 1430 interpretari
1206 1352 1421 1410 licebit
1451 1369 1470 1407 ε
1502 1351 1841 1424 pecuniam
1866 1394 1882 1421 ‚
1924 1368 2092 1425 quae
2124 1352 2205 1410 ad
2235 1353 2572 1411 castrensis
2615 1351 3093 1410 similitudinem
3135 1351 3317 1424 pleno

521 1451 668 1525 jure
698 1457 799 1510 est
825 1464 1021 1523 penes
1061 1446 1552 1507 filiumfamilias.

1117 1656 1144 1730 ς
1165 1656 1309 1715 567.
1335 1653 1397 1727 5)
1419 1656 1500 1712 De
1516 1671 1751 1733 paqano
1769 1653 2011 1733 peculio,
2033 1672 2199 1734 eoque
2229 1655 2289 1731 a)
2309 1654 2635 1735 prosecutio
2658 1657 2748 1733 (⁶).

611 1869 924 1947 Quidquid
948 1884 1022 1926 ex
1048 1883 1118 1927 re
1137 1867 1335 1941 patris
1353 1867 1610 1925 obvenit
1641 1865 1855 1924 liberis
1875 1907 1893 1934 ‚
1921 1880 2043 1924 nec
2067 1880 2224 1923 vero
2250 1865 2332 1922 ad
2357 1871 2681 1923 castrense
2698 1865 3020 1937 peculium
3043 1864 3313 1925 reseren-

530 1970 686 2027 dum
717 1978 846 2037 est,
870 1965 933 2025 id
959 1969 1353 2041 appellamus
1379 1966 1810 2038 profectitium
1841 1966 2161 2039 peculium
2196 1963 2262 2040 ¹).
2294 1965 2493 2022 Datur
2524 1972 2741 2023 autem
2772 1982 2810 2023 a
2839 1973 3029 2038 patre
3057 1969 3154 2024 vel
3183 1982 3313 2039 pro-

535 2072 680 2139 pter
708 2066 961 2139 nuptias
979 2109 995 2134 ,
1033 2067 1131 2123 vel
1165 2065 1320 2123 alias
1347 2064 1430 2121 ob
1457 2078 1703 2121 causas.
1756 2067 1963 2134 Atque
1987 2056 2146 2118 illud
2173 2061 2433 2133 quidem
2464 2061 2728 2133 proprio
2757 2076 2875 2119 suo
2896 2063 3048 2135 jure
3079 2062 3311 2134 suisque

532 2159 893 2221 nominibus
917 2168 1077 2231 stat;
1108 2176 1298 2234 quem
1329 2161 1543 2218 locum
1569 2173 1764 2230 supra
1789 2158 1871 2215 de
1898 2157 2155 2215 dotibus
2177 2157 2386 2229 deque
2410 2163 2674 2229 propter
2698 2159 2951 2229 nuptias
2973 2158 3312 2215 donationi·

534 2262 651 2318 bus
678 2261 1089 2328 disserentes,
1120 2261 1304 2331 plene
1338 2257 1726 2315 absolvimus
1757 2252 1834 2332 ²).
1863 2259 2002 2313 Jam
2031 2270 2188 2312 vero
2217 2256 2392 2327 quod
2420 2252 2703 2329 alioquin
2736 2257 2929 2313 datur
2964 2262 3080 2314 aut
3104 2271 3310 2315 conce-

532 2358 729 2429 ditur,
757 2361 953 2434 patris
976 2361 1198 2432 utique
1221 2364 1633 2431 computatur
1659 2357 1724 2414 in
1747 2352 1928 2414 bonis
1949 2353 2020 2430 ³),
2046 2351 2155 2428 qui
2179 2357 2462 2429 quidem,
2490 2359 3014 2430 quandocunque
3038 2359 3305 2422 voluerit,

533 2477 841 2520 revocare
869 2467 1085 2534 potest
1108 2461 1423 2532 peculium
1453 2475 1585 2515 una
1615 2473 1763 2515 cum
1792 2457 2259 2516 accessionibus
2277 2500 2295 2532 ,
2328 2458 2562 2534 quippe
2585 2474 2752 2530 quae
2776 2459 3017 2517 cedant
3048 2453 3306 2531 peculio,

536 2560 713 2616 velut
743 2571 1052 2629 personae
1074 2552 1139 2625 ⁴).
1172 2559 1246 2612 At
1269 2555 1331 2612 id
1359 2570 1612 2626 semper
1637 2553 2022 2612 concessisse
2050 2553 2302 2611 videtur
2321 2561 2530 2626 pater,
2552 2562 2626 2612 ut
2654 2555 3074 2626 obligationes
3103 2551 3306 2627 peculii

537 2656 796 2714 nomine
817 2655 1202 2714 contrahere
1232 2654 1428 2727 possit
1458 2654 1622 2712 filius
1644 2650 1712 2727 ⁵).
1753 2654 1962 2729 Quid?
1994 2655 2169 2726 quod
2189 2654 2382 2713 etiam
2420 2655 2593 2729 ejus,
2628 2656 2804 2729 quod
2827 2656 2962 2729 ipse
2990 2653 3304 2724 conoeesit,

537 2879 612 2929 Ct'.
640 2881 891 2929 Auctoris
926 2883 1032 2930 obs.
1072 2884 1172 2938 jur.
1220 2883 1356 2929 Ronn.
1381 2885 1419 2929 l.
1441 2886 1466 2940 S
1485 2883 1564 2929 11.
1589 2895 1638 2941 p.
1663 2881 1723 2929 27
1745 2908 1807 2916 —-
1824 2884 1904 2930 32.
1969 2880 2260 2939 quibusdam
2283 2883 2498 2940 personis
2519 2881 2610 2928 hoc
2650 2879 2891 2937 privilegii
2930 2880 3025 2924 loco
3044 2881 3307 2949 concam?

539 2953 590 2992 et
611 2946 756 2991 Arch.
786 2946 821 2991 f.
846 2948 935 2991 civ.
961 2948 1039 2991 Pr.
1062 2947 1201 2992 lel.
1229 2958 1274 3003 p.
1301 2942 1570 2992 541-545.
1971 2948 2046 2989 est
2065 2967 2452 2978 —————
2472 2979 2487 3001 ,
2533 2946 2593 2989 dc
2630 2945 2739 2990 aliis
2755 2949 2922 2988 autem
2944 2950 3143 2998 personis
3161 2945 3310 2981 omm-

605 3007 685 3064 11)
719 3010 835 3054 Nov.
864 3008 971 3055 118.
1012 3021 1057 3054 c.
1096 3008 1143 3054 2.
1171 3033 1229 3040 *—
1251 3008 1487 3055 [sinnius
1510 3008 1571 3053 ad
1599 3021 1672 3067 pr.
1695 3010 1733 3053 l.
1774 3007 1910 3065 quib.
1977 3006 2085 3061 bus,
2112 3018 2237 3064 quae
2253 3017 2349 3052 non
2368 3020 2454 3064 per
2472 3007 2676 3064 speciale
2698 3006 2998 3063 privilegium
3018 3002 3105 3046 hoc
3126 3005 3308 3054 accepe-

541 3082 638 3116 non
655 3071 870 3126 permitt.
887 3071 1046 3116 facere
1056 3076 1250 3117 testam.
1271 3069 1723 3118 Nr.⁴.-Auctore·s
1733 3082 1911 3116 comm.
1979 3075 2115 3123 runt,
2136 3071 2173 3113 si
2200 3070 2383 3125 possint
2406 3071 2591 3121 testari,
2615 3069 2895 3115 dubitatum
2917 3068 3094 3115 fuerat,
3114 3064 3315 3118 utputa»

547 3129 744 3180 Glia'ckie·
759 3134 1032 3179 continuat.
1063 3134 1245 3178 XXXV.
1286 3146 1335 3190 p.
1361 3132 1453 3179 192
1473 3145 1580 3192 sqq.
1600 3159 1655 3166 —
1682 3134 1911 3179 Similiter
1973 3131 2263 3188 (sequuntur
2283 3133 2501 3189 exempla
2528 3165 2544 3185 ,
2585 3133 2632 3176 in
2672 3130 2850 3188 quibus
2874 3137 3036 3174 tamen
3063 3138 3158 3172 non
3175 3120 3317 3194 perhi-

544 3196 598 3242 1..
623 3195 672 3241 ὅ.
702 3198 756 3242 C.
779 3195 847 3242 de
869 3195 969 3241 bon
990 3195 1271 3252 proscripa
1293 3196 1395 3254 (tx,
1414 3193 1513 3249 49.)
1537 3197 1798 3254 derogatur
1823 3206 1912 3253 per
1980 3193 2158 3238 bentur
2176 3204 2251 3238 res
2274 3194 2483 3239 donatae
2506 3194 2539 3247 ).
2565 3194 2590 3247 S
2614 3193 2656 3239 1.
2703 3210 2725 3229 α
2743 3193 2796 3237 ln
2815 3191 2891 3237 his
2932 3193 3095 3244 itaque
3115 3185 3319 3256 omnibns

543 3259 661 3306 Nov.
683 3253 795 3304 154.
816 3269 862 3304 c.
886 3259 978 3304 ult.
1976 3254 2377 3314 nummismata
2397 3256 2474 3302 ad
2492 3252 3035 3309 imitationempecutii
3054 3253 3321 3297 castrensis

1976 3318 2135 3375 quasi
2154 3320 2430 3364 castrense
2447 3318 2708 3373 peculium
2731 3317 3089 3371 supervenit),
3111 3322 3275 3358 omnes
3300 3342 3315 3368 ‚

1151 3409 1176 3463 3
1209 3403 1304 3453 556
1980 3379 2076 3437 qul
2099 3380 2205 3425 eale
2222 3381 2487 3435 peculium
2510 3380 2803 3438 possident,
2826 3389 2971 3435 super
2991 3373 3317 3434 imus-rebus,

1308 3439 1321 3451 '
1982 3452 2107 3499 quae
2128 3444 2265 3499 quasi
2289 3445 2548 3489 castrensis
2570 3443 2744 3500 peculii
2764 3444 2878 3485 sunt
2901 3475 2915 3497 .‚
2940 3442 3116 3485 ultima
3134 3438 3320 3508 condere

610 3565 669 3621 (·)
700 3563 975 3611 Zimmem
1014 3564 1152 3609 Rom.
1176 3565 1231 3610 R.
1255 3564 1314 3610 G.
1337 3566 1363 3619 s
1388 3560 1495 3611 188.
1514 3588 1571 3597 -
1596 3564 1782 3612 Laden
1805 3565 1920 3612 diss·
1987 3504 3325 3625 τῑοὲἒῗῗὲήῗιῗέιιῗῦἐὶιοῖὶξὲἵὲῗιὶᾞῗυοῳίὲῖυῗίιίᾞᾙ

550 3628 634 3673 cit·
659 3628 680 3680 S
712 3625 786 3675 ¹0·
1987 3629 2070 3684 (v.
2115 3641 2189 3686 gr.
2213 3628 2277 3674 ab
2295 3628 2600 3686 Hoept'nero
2621 3661 2639 3687 ,
2682 3630 2960 3675 Commeat.
2984 3623 3141 3698 §.⁴²3¹
3170 3626 3224 3681 ),
3260 3633 3328 3667 eas

614 3689 660 3744 1)
693 3690 747 3734 L.
769 3687 819 3736 7.
840 3690 894 3735 C.
912 3687 981 3734 de
1003 3686 1321 3735 adsessorib.
1345 3688 1419 3743 (1,
1441 3685 1560 3746 51.)
1584 3714 1639 3725 -
1662 3690 1712 3735 L.
1735 3693 1822 3735 ult.
1845 3701 1923 3746 pr.
1980 3691 2062 3745 jus
2084 3691 2355 3740 Romanum
2400 3704 2499 3738 non
2538 3692 2777 3749 agnoscit.
2821 3690 2896 3736 Cf.
2942 3689 3164 3737 flabant
3193 3684 3328 3733 Pand-

553 3750 607 3796 C.
630 3750 699 3797 de
721 3750 864 3807 inoff:
885 3753 1000 3796 test.
1027 3751 1128 3806 (tlt,
1149 3748 1369 3801 28.)-1..
1393 3763 1477 3797 un.
1501 3751 1555 3797 C.
1576 3751 1642 3797 de
1662 3750 1927 3799 castrensi
1989 3754 2014 3808 S
2036 3750 2147 3800 252.
2173 3765 2249 3799 nr.
2270 3767 2319 3801 a.

553 3814 788 3861 omnium
809 3813 1170 3870 palatinorum
1192 3810 1384 3871 officie,
1409 3814 1548 3868 (xil.
1568 3815 1731 3867 31.)-
1755 3817 1808 3861 1..
1836 3816 1925 3859 ult.

549 3875 679 3983 Εἵέι.
705 3880 743 3921 Ι.
765 3901 819 3909 -
845 3875 912 3922 de
937 3874 1107 3920 Loehr
1126 3875 1300 3921 Archiv
1339 3875 1375 3922 f.
1397 3888 1492 3922 cuv.
1515 3877 1594 3921 Pr.
1617 3878 1676 3923 Χ.
1701 3889 1748 3935 p.
1772 3873 1928 3924 176-
2585 3880 2612 3933 S
2644 3876 2755 3927 567.

616 3999 665 4054 2)
699 4000 750 4045 L.
775 3997 824 4046 4.
845 4001 895 4046 C.
919 3999 989 4045 de
1009 3998 1195 4046 advoc.
1216 3996 1835 4057 diversor.jud1·c50r.(11.
1859 3999 1926 4060 7.)
2054 4001 2117 4059 (’)
2152 4002 2256 4059 mg.
2284 4003 2401 4060 (xv.
2425 4002 2492 4059 1.)
2512 4001 2818 4059 depecntio.

556 4062 696 4107 —ct.
720 4063 772 4108 L.
798 4064 876 4108 14.
899 4060 1016 4108 eod.
2055 4065 2101 4120 1)
2134 4064 2160 4118 ς
2179 4065 2286 4110 1.1.
2307 4075 2407 4121 per
2425 4076 2563 4122 quas
2579 4076 2800 4121 person.
2832 4062 2957 4110 nob.
2996 4063 3129 4122 adq.
3151 4084 3209 4095 -
3228 4059 3275 4105 t..
3292 4052 3336 4101 6-

615 4121 665 4179 3)
698 4124 748 4169 L.
771 4121 821 4170 7.
842 4125 894 4169 C.
921 4123 989 4169 de
1007 4123 1150 4183 bon„
1175 4134 1319 4181 quae
1334 4123 1486 4171 liber.
1518 4124 1615 4183 (vt,
1635 4122 1736 4183 61.)
1767 4148 1829 4159 —
1848 4126 1925 4173 Cf.
1991 4138 2066 4185 pr.
2090 4127 2144 4171 C.
2189 4124 2257 4173 de
2295 4126 2441 4185 bon„
2463 4138 2607 4185 quae
2630 4127 2712 4174 tib.
2748 4128 2763 4181 (
2786 4128 2897 4172 vid.
2922 4130 2974 4172 et
2994 4128 3021 4181 s
3042 4128 3182 4184 κει.)
3206 4119 3339 4188 -Cf3

559 4186 611 4232 L.
636 4187 727 4232 ult.
748 4186 774 4240 S
797 4189 844 4232 1.
869 4187 920 4232 C.
942 4186 1011 4231 de
1033 4183 1180 4240 inoff.
1207 4177 1338 4233 test!
1993 4188 2219 4234 Galvani
2244 4190 2298 4237 D.
2321 4190 2383 4234 de
2404 4191 2563 4236 usufr.
2600 4201 2645 4234 e.
2692 4189 2790 4236 vll.
2828 4190 2855 4243 S
2894 4186 2946 4235 7.
2986 4195 3037 4234 et.
3070 4183 3338 4247 Hoeplm

619 4244 668 4304 4)
702 4248 754 4293 L.
773 4246 853 4295 34.
876 4248 930 4295 C.
952 4248 1021 4295 de
1044 4247 1202 4303 episc.
1225 4252 1283 4297 et
1299 4248 1428 4296 cler.
1452 4247 1511 4307 (1,
1536 4249 1788 4301 5.)—Nov.
1816 4249 1924 4297 123.
1990 4251 2265 4296 comment.
2286 4252 2313 4305 S
2331 4249 2444 4297 ⁴29.
2467 4257 2570 4297 not.
2599 4250 2643 4297 1.

557 4321 605 4356 c.
626 4307 707 4355 19.
2054 4311 2104 4369 2)
2136 4310 2212 4357 Cf.
2231 4320 2281 4358 et
2301 4314 2351 4358 t..
2370 4311 2420 4359 5.
2441 4316 2466 4369 s
2487 4311 2535 4360 5.
2563 4315 2616 4358 D.
2639 4312 2708 4360 de
2730 4313 2923 4359 minor.
2940 4310 3125 4371 (ΝΑ.)
3142 4308 3338 4358 -L.n2⁸-

619 4369 666 4427 5)
701 4372 754 4417 L.
780 4372 871 4417 ult.
895 4371 948 4417 C.
972 4370 1040 4416 de
1059 4369 1206 4426 inoff.
1229 4375 1429 4419 testam.
1455 4374 1469 4423 (
1493 4372 1578 4421 nl.
1594 4368 1701 4419 28.)
1723 4398 1780 4409 —-
1803 4373 1927 4420 Nihil
1993 4375 2043 4421 in
2074 4375 2109 4418 t.
2134 4375 2191 4419 D.
2215 4374 2285 4421 de
2301 4374 2410 4421 dot.
2431 4376 2608 4422 collat.
2628 4375 2879 4430 (xxxvii.
2899 4373 2973 4432 7.)

557 4439 723 4479 autem
755 4445 929 4479 causae
959 4438 1053 4487 est,
1072 4434 1188 4491 quin
1212 4434 1338 4479 idem
1358 4439 1630 4479 statuamus
1653 4435 1712 4479 de
1732 4436 1876 4481 rebus
1900 4448 1928 4480 a
2055 4434 2106 4492 ὅ)
2140 4437 2218 4480 Pr.
2242 4439 2276 4482 l.
2317 4437 2462 4496 quib.
2497 4449 2604 4483 non
2638 4447 2806 4492 per-m.
2843 4435 2958 4489 tac.
3003 4440 3123 4483 test.
3149 4440 3165 4492 ζ
3188 4431 3309 4480 verb.
3332 4446 3341 4470 ε

561 4497 778 4553 principe
797 4496 869 4541 vel
892 4494 954 4540 ab
975 4497 1184 4549 Augusta
1206 4497 1413 4542 donatis.
1437 4497 1499 4540 De
1515 4497 1692 4554 quibus
1716 4498 1785 4543 ita
1810 4500 1929 4554 imp.
1995 4509 2323 4557 quamquam
2351 4502 2481 4555 jure
2502 4499 2640 4547 civili
2662 4501 2771 4554 ret.)
2791 4505 2842 4544 et
2864 4511 2971 4557 arg.
2998 4500 3050 4544 L.
3067 4497 3154 4545 37.
3177 4501 3203 4554 ς
3227 4496 3274 4543 1.
3294 4495 3339 4540 D.

558 4559 771 4615 loquitur
793 4558 844 4601 L.
865 4554 914 4602 7.
934 4557 986 4601 C.
1009 4555 1076 4601 de
1096 4557 1238 4617 bon„
1260 4571 1401 4615 quae
1426 4557 1509 4603 lib.
1533 4560 1596 4608 (a.
1613 4557 1936 4605 &olm—ad
1996 4563 2064 4605 de
2087 4572 2205 4616 σοι).
2231 4574 2339 4607 rer.
2363 4565 2501 4608 dom.
2526 4563 2663 4616 (xm,
2688 4562 2753 4619 1.)

566 4617 963 4667 similitudinem
985 4620 1279 4667 castr-emis
1303 4620 1504 4677 peculia·
1526 4632 1729 4667 omnem
1769 4621 1935 4676 sacul—
2059 4620 2107 4677 4)
2140 4623 2192 4667 L.
2218 4621 2266 4669 5.
2292 4627 2340 4669 in
2361 4624 2395 4669 f.
2421 4626 2471 4669 L.
2495 4623 2574 4670 47.
2599 4627 2650 4670 Ι).
2673 4623 2708 4669 h
2747 4626 2784 4669 t.
2817 4630 2868 4667 et
2893 4625 2944 4670 L.
2968 4622 3048 4671 51.
3075 4625 3101 4677 ς
3121 4624 3172 4669 εἰ.
3207 4624 3258 4668 D.
3289 4618 3345 4665 de

564 4684 727 4727 tatem
748 4682 801 4727 in
824 4692 919 4727 eas
942 4681 1131 4726 filii-vel
1152 4681 1488 4729 filiasfamilias
1511 4682 1693 4729 habent
1717 4700 1761 4730 υ.
1792 4688 1933 4729 -Αι-
1998 4686 2184 4731 donat.
2208 4687 2444 4741 (xxxix,
2463 4684 2533 4742 5.)
2558 4712 2616 4719 -
2639 4687 2691 4731 1..
2711 4684 2790 4731 52.
2816 4687 2843 4740 ς
2860 4686 2905 4731 1.
2931 4688 2985 4732 t..
3008 4684 3087 4732 57.
3114 4687 3141 4739 ς
3168 4685 3209 4731 1.
3236 4684 3281 4728 2-
3300 4683 3344 4726 D.

560 4755 656 4801 que
681 4744 806 4789 idem
830 4745 880 4789 L.
906 4743 1056 4788 ult.C.
1078 4742 1147 4789 de
1168 4742 1315 4800 inoff.
1343 4749 1548 4791 testam.
1576 4748 1641 4801 (a.
1661 4742 1796 4793 552.)
1815 4746 1937 4792 haec
2001 4747 2055 4794 Ιι.
2077 4751 2112 4793 t.
2137 4750 2270 4793 -·t..
2294 4746 2373 4795 44.
2408 4749 2434 4803 s
2459 4747 2505 4794 1.
2532 4751 2585 4794 D.
2611 4750 2679 4795 de
2715 4748 2842 4807 adq.
2883 4750 2975 4795 vet
3011 4748 3182 4795 amitt.
3218 4755 3348 4802 poss.

563 4807 615 4851 in
638 4807 910 4857 universum
935 4806 1137 4851 sancivit
1157 4821 1168 4851 :
1194 4808 1324 4853 “Sed
1347 4810 1479 4866 prior
1498 4808 1717 4865 quaestio
1734 4814 1861 4862 erat,
1884 4810 1923 4855 si
1988 4812 2126 4867 (th,
2146 4810 2337 4865 2.)—L.
2360 4808 2442 4859 40.
2463 4813 2517 4856 D.
2537 4811 2588 4858 Ιι.
2611 4815 2649 4856 t.

563 4879 755 4925 omnes,
776 4868 861 4926 qui
880 4868 1015 4925 quasi
1039 4873 1281 4915 castrense
1301 4871 1542 4927 peculium
1580 4868 1812 4926 habeant,
1853 4877 1926 4916 te·
2053 4872 2102 4929 5)
2139 4874 2188 4919 L.
2211 4871 2256 4919 1.
2277 4875 2301 4926 S
2325 4874 2372 4920 2.
2399 4875 2449 4919 L.
2483 4874 2561 4920 21.
2584 4874 2611 4927 S
2646 4871 2694 4920 4.
2718 4875 2768 4920 t..
2791 4870 2873 4921 ΞΟ.
2896 4875 2923 4929 S
2946 4874 2991 4920 1.
3023 4874 3075 4919 Ι..
3102 4870 3181 4918 47.
3206 4882 3278 4929 pr.
3302 4869 3348 4913 D.

560 4931 681 4976 stari
700 4930 749 4976 in
771 4929 863 4977 hoc
885 4931 1065 4989 possint
1089 4932 1229 4989 :quia
1252 4944 1348 4977 non
1373 4932 1601 4979 omnibus
1621 4934 1820 4992 passim,
1843 4934 1927 4981 sed
1995 4935 2051 4981 Ιι.
2075 4941 2112 4983 t.
2138 4937 2181 4991 (S
2203 4933 2357 4983 5723.
