3544 5506
2964 373 3032 430 71

240 487 552 554 quantum
577 477 747 540 aliae
766 479 1249 563 conclusiones,
1285 485 1515 560 quibus
1549 487 1902 564 colligimus
1932 489 2386 565 cogitationes,
2431 512 2591 569 quas
2630 514 2779 560 cum
2825 499 3035 563 verbis

240 576 364 639 suis
417 577 831 655 conjunxerit
878 578 1225 654 legislator.
1262 587 1437 645 Alter
1468 604 1645 657 vero,
1670 606 1825 662 quo,
1857 592 2008 665 quid
2033 595 2202 652 ultra
2235 590 2575 653 conveniat
2601 594 2754 669 legis
2787 596 3039 672 rationi,

236 674 636 755 intelligitur,
662 676 966 753 quoniam
996 678 1304 742 latissime
1338 693 1535 759 patet,
1557 683 1685 747 suis
1706 685 1897 748 certis
1926 706 2001 748 ac
2030 688 2304 765 propriis
2326 695 2622 754 cancellis
2642 692 3040 758 circumscri-

233 777 431 836 batur
471 794 738 838 necesse
774 786 868 837 est
892 821 909 847 ,
965 796 1045 839 ne
1068 777 1443 853 legislatoris
1473 786 1950 858 quodammodo
1996 786 2286 861 partibus
2321 790 2622 863 fungatur
2665 796 2866 869 JCtus,
2902 803 3040 855 tum

234 876 592 932 evertendo
617 876 845 949 legem,
872 893 1091 949 quam,
1123 873 1174 936 si
1199 874 1314 935 sibi
1344 888 1813 940 consentaneus
1842 878 2059 942 suisset
2084 881 2428 957 legislator.
2463 883 2550 945 sic
2584 904 2711 946 non
2744 883 3043 951 instituis-

233 976 356 1037 set,
390 978 535 1028 tum
562 967 685 1029 alia
706 987 784 1030 ex
832 968 966 1032 aliis
992 969 1058 1031 in
1101 970 1417 1033 infinitum
1460 972 1927 1036 ratiocinando.
1975 981 2152 1055 Quod
2178 982 2228 1037 si
2258 981 2338 1038 ab
2389 976 2562 1040 hisce
2599 980 2897 1043 limitibus
2924 982 3046 1046 dis-

233 1069 526 1140 castris,
552 1067 754 1131 simile
780 1075 1105 1145 quoddam
1131 1071 1466 1148 apparebit
1487 1071 1829 1135 discrimen
1856 1072 2022 1136 inter
2039 1075 2401 1151 hujusmodi
2435 1075 2949 1143 ratiocinationes
2979 1092 3044 1144 et

238 1174 693 1238 argumentum
722 1172 927 1241 legale
946 1215 961 1241 ‚
990 1174 1180 1246 quale
1205 1168 1371 1231 inter
1394 1169 1778 1233 sententiam
1815 1175 1966 1246 legis
2003 1170 2338 1234 intercedit
2365 1192 2443 1235 ac
2462 1179 2770 1250 scriptum
2804 1225 2820 1249 ‚
2859 1178 3046 1255 siqui-

234 1267 388 1325 dem
443 1265 893 1329 ratiocinando
951 1274 1203 1345 saepius
1248 1269 1521 1332 efficitur
1542 1318 1558 1342 ,
1623 1281 1695 1333 ut
1757 1276 1912 1333 illud
1958 1274 2162 1347 ipsum
2206 1272 2368 1349 juris
2446 1287 2864 1352 praeceptum
2929 1290 3042 1342 aut

237 1368 574 1445 dilatetur,
605 1378 717 1429 aut
745 1368 1126 1446 impediatur
1146 1381 1212 1432 et
1234 1376 1409 1433 velut
1439 1376 1734 1434 cancellis
1756 1372 2315 1436 circumscribatur
2332 1377 2432 1441 (cs.
2459 1376 2485 1449 §
2509 1381 2609 1439 64.
2641 1381 2742 1439 65.
2763 1383 2914 1455 67.).

849 372 978 414 CAP-
1021 372 1117 416 111.
1159 373 1235 416 ΒΕ
1272 373 1445 418 sums
1483 374 1554 416 ΕΤ
1592 375 2151 423 mmrnmuioms
2188 381 2258 423 m
2296 382 2428 426 USU.

278 1564 303 1636 ς
334 1558 431 1616 62.
460 1564 517 1633 β)
556 1563 859 1639 Quomodo
906 1570 1349 1637 argumentum
1392 1568 1587 1638 Ieyale
1639 1566 2138 1624 constituendum.
2180 1567 2262 1623 sit
2304 1572 2489 1639 atque
2533 1570 2992 1645 explicandum,

1242 1662 1300 1724 1)
1333 1661 1681 1731 generatim
1701 1662 2056 1732 quaeritur.

318 1829 616 1904 Omnino,
643 1829 754 1890 ubi
783 1827 1132 1891 voluntatis
1173 1826 1769 1905 interpretationem
1799 1828 2165 1891 desiderant
2200 1835 2390 1906 leges,
2428 1832 2490 1893 id
2529 1833 2804 1909 primum
2826 1834 3040 1898 videa-

236 1945 405 1999 mus,
460 1949 620 1990 num
666 1926 857 1990 animi
900 1926 998 1989 sui
1037 1928 1420 1990 sententiam
1461 1928 1587 1991 alio
1623 1934 1762 1990 loco
1804 1928 2252 2004 significaverit
2288 1931 2629 2006 legislator,
2682 1933 2776 1996 sin
2804 1934 3034 2010 minus,

234 2021 653 2101 conjecturis,
686 2023 837 2100 quid
862 2023 966 2085 ille
981 2023 1250 2086 senserit
1273 2072 1288 2097 ,
1317 2029 1786 2100 assequendum
1812 2024 1956 2087 erit.
1993 2028 2408 2102 conjecturae
2433 2037 2646 2089 autem
2690 2029 3038 2105 capiendae

238 2133 388 2183 sunt
414 2143 452 2184 a
476 2142 674 2185 causa
726 2127 790 2200 ¹),
820 2143 855 2183 a
886 2143 1161 2199 persona
1188 2123 1250 2195 ²),
1283 2145 1315 2185 a
1348 2129 1492 2186 loco
1515 2124 1582 2200 ³),
1628 2129 1708 2185 ab
1766 2143 1847 2186 eo
1872 2168 1887 2195 ,
1917 2130 2091 2200 quod
2150 2131 2530 2203 plerumque
2578 2128 2713 2189 fieri
2764 2134 2925 2191 solet
2972 2130 3034 2206 ⁴),

239 2236 280 2277 a
307 2219 704 2298 temporibus
725 2219 767 2289 5)
793 2263 809 2291 ,
837 2225 917 2280 ab
939 2220 1471 2282 antecedentibus
1502 2230 1566 2281 et
1596 2220 2134 2295 consequentibus
2155 2221 2197 2289 6)
2235 2264 2250 2291 ,
2279 2241 2315 2282 a
2344 2221 2648 2284 similibus
2674 2224 2740 2295 ⁷),
2765 2225 3038 2287 maxime

237 2331 447 2375 veroa
477 2314 724 2389 legibus
744 2315 1063 2391 prioribus
1084 2316 1125 2385 ⁸)
1157 2364 1172 2383 ,
1226 2336 1262 2377 a
1317 2314 1676 2385 contrariis,
1717 2315 1994 2390 denique
2031 2334 2104 2376 ex
2151 2320 2299 2389 legis
2352 2315 2601 2378 ratione
2643 2323 3038 2396 consilioque

237 2413 627 2488 legislatoris.
662 2421 1097 2495 Quaecunque
1126 2415 1318 2491 igitur
1342 2435 1417 2477 ex
1446 2414 1540 2477 his
1564 2414 1937 2477 efficiuntur
1958 2464 1973 2490 ,
2002 2434 2076 2476 ea
2106 2414 2371 2490 perinde
2398 2420 2726 2490 valebunt,
2751 2427 2944 2495 atque
2984 2419 3034 2482 si

234 2520 454 2585 aperte
483 2516 566 2573 de
589 2510 662 2572 iis
702 2521 963 2572 cautum
997 2522 1160 2573 esset
1204 2517 1359 2587 lege,
1410 2511 1526 2572 nisi
1580 2510 1743 2587 quis,
1777 2509 1981 2586 ipsum
2029 2521 2475 2585 argumentum
2523 2518 2724 2587 legale
2776 2533 3034 2590 prorsus

232 2602 497 2680 insuper
537 2610 802 2676 babens,
854 2612 918 2668 id
955 2612 1285 2669 dumtaxat
1333 2610 1657 2676 defendat,
1685 2611 1858 2683 quod
1900 2605 2051 2682 legis
2110 2606 2342 2668 rationi
2398 2618 2902 2671 consentaneum
2924 2617 3026 2672 sit.

232 2702 531 2781 Inprimis
572 2715 811 2777 autem,
870 2703 980 2782 qui
1009 2706 1391 2770 sententiam
1411 2709 1709 2769 desendet
1735 2715 1960 2768 contra
1989 2704 2317 2782 scriptum,
2362 2710 2455 2768 his
2488 2712 2735 2771 duobus
2781 2708 3030 2786 potissi-

232 2818 411 2861 mum
433 2811 647 2863 utetur
668 2801 1078 2878 argumentis,
1102 2822 1268 2880 quae
1321 2801 1578 2880 quidem
1609 2821 1686 2863 eo
1727 2800 2046 2881 nituntur,
2101 2808 2273 2878 quod
2311 2804 2660 2878 prudenter
2698 2804 2912 2866 omnia
2954 2825 3032 2868 ac

230 2903 698 2978 circumspecte
727 2901 1055 2977 legislator
1074 2902 1397 2980 scripsisse
1420 2901 1817 2964 existimatur
1842 2902 1902 2972 ⁹).
1933 2909 2007 2963 Et
2025 2907 2317 2976 primum
2339 2907 2599 2978 quidem
2626 2913 2746 2981 est,
2779 2912 2850 2965 ut
2869 2908 3030 2982 ejus,

230 3002 408 3073 quod
437 2997 863 3060 constitutum
891 3008 1006 3071 est,
1039 2997 1102 3059 in
1144 3017 1217 3059 re
1250 2996 1574 3059 contraria
1604 2995 1999 3059 contrarium
2029 3015 2286 3072 quoque
2312 2997 2582 3060 voluisse
2612 3002 3029 3076 legislatorem

231 3104 608 3171 statuamus,
642 3102 817 3173 quod
841 3109 1287 3173 argumentum
1318 3117 1355 3159 a
1379 3100 1705 3160 contrario
1724 3105 1980 3158 vocant.
2006 3103 2090 3157 Ex
2116 3114 2246 3171 quo
2271 3102 2555 3172 pendent
2593 3102 2851 3172 regulae
2881 3102 3025 3174 hae,

233 3198 440 3256 altera
470 3216 535 3256 ιιι
567 3216 721 3259 cum
745 3202 842 3259 lex
870 3201 933 3258 in
961 3197 1387 3274 praeteritum
1414 3196 1569 3274 quid
1622 3196 1910 3271 indulget
1938 3241 1952 3266 ‚
1981 3199 2044 3256 in
2078 3201 2366 3257 futurum
2396 3206 2570 3257 vetat
2603 3223 2630 3251 ι»
2667 3197 2752 3275 ¹⁰);
2774 3202 2975 3258 altera
3007 3219 3026 3256 ε

230 3295 521 3373 exceptio
548 3300 763 3358 firmat
785 3303 1071 3373 regulam
1094 3301 1160 3359 in
1190 3302 1396 3361 causis
1415 3316 1547 3359 non
1566 3300 1844 3372 exceptis
1875 3296 1958 3371 ¹¹),
1988 3314 2155 3371 quae
2182 3299 2440 3371 quidem
2475 3299 2695 3371 regula
2720 3342 2736 3369 ‚
2765 3295 3033 3359 maxime

230 3489 291 3534 Et
322 3501 435 3537 eum
489 3493 629 3539 varia
667 3492 731 3537 sit
771 3496 918 3554 atque
941 3505 1118 3552 anceps
1140 3493 1369 3540 vocabuli
1413 3491 1609 3550 signiti-

228 3553 402 3604 catio.
425 3554 557 3600 baud
580 3567 699 3600 sane
715 3555 909 3603 difficile
926 3561 1028 3610 est
1049 3568 1194 3602 unam
1218 3561 1267 3601 et
1284 3558 1486 3602 alteram
1507 3555 1609 3610 ejus

230 3614 450 3661 invenire
473 3618 748 3670 notionem
774 3630 897 3676 quae
920 3618 1105 3663 nullum
1127 3619 1307 3665 babeat
1348 3619 1396 3663 in
1421 3618 1607 3675 legibus

228 3676 615 3734 interpretandis
631 3692 791 3726 usum.
816 3681 950 3737 Quo
940 3693 988 3725 in
1006 3692 1181 3736 genere
1204 3685 1315 3727 sunt
1331 3691 1443 3725 cum
1475 3693 1607 3726 sum·

226 3749 343 3783 mae
364 3743 600 3798 rationes,
639 3744 775 3788 velut
796 3743 858 3790 ad
892 3755 994 3789 rem
1017 3744 1263 3799 politicam
1296 3747 1604 3800 spectantes,

230 3805 340 3846 tum
366 3803 579 3849 incertae
599 3816 658 3850 ac
675 3816 827 3863 vagae
848 3805 1139 3856 istiusmodi,
1165 3805 1299 3864 quali
1323 3807 1477 3851 utitur
1494 3806 1605 3850 Jus-

229 3864 472 3912 tiuianus.
488 3866 540 3912 L.
567 3868 661 3913 ult.
683 3869 738 3914 C.
763 3868 832 3915 de
854 3871 1060 3915 testam.
1086 3868 1187 3928 (vt,
1205 3865 1305 3924 25.)

859 3994 886 4049 S
899 3990 979 4039 62.

267 4115 351 4223 ὦ)
378 4115 479 4164 Cic.
506 4116 696 4163 invent.
720 4117 779 4174 ll,
795 4113 875 4164 40.
901 4117 952 4164 in
994 4115 1032 4163 f.
1057 4140 1116 4149 —
1136 4116 1600 4174 ct.Rap011a.l.t.

290 4240 341 4296 2)
380 4240 482 4287 Cic.
526 4241 560 4286 1.
585 4253 628 4285 c.
654 4239 914 4297 (uncinde.
931 4239 1112 4298 quiain
1134 4241 1375 4287 sententia
1393 4241 1598 4299 scriptor

223 4301 400 4354 fuerit.
416 4314 474 4348 ex
498 4303 675 4348 ceteris
698 4303 803 4357 ejus
824 4303 1035 4360 scriptis,
1056 4303 1217 4358 factis,
1236 4304 1396 4352 dictis.
1433 4304 1599 4348 animo

222 4370 379 4420 atque
390 4365 486 4410 vita
497 4364 603 4419 ejus
626 4366 755 4412 sumi
778 4364 1090 4422 oportebitm)
1116 4363 1350 4412 -L.168.
1375 4367 1399 4420 S
1422 4363 1601 4410 tude

222 4429 466 4485 re9.jur.
489 4427 534 4483 (n
556 4429 693 4483 Quod
717 4430 899 4474 factum
918 4432 1132 4484 est,cum
1147 4428 1194 4473 in
1217 4428 1424 4474 obscuro
1441 4428 1522 4480 sit,
1539 4437 1600 4473 ex

220 4487 488 4534 affectione
512 4491 804 4549 cujusquam
841 4490 970 4546 capit
1013 4492 1483 4546 interpretationem.
1517 4504 1542 4530 ι»
1578 4490 1593 4540 )

220 4573 283 4582 -
308 4552 362 4596 1..
386 4550 466 4597 27.
484 4553 539 4596 D.
559 4553 627 4598 de
646 4552 840 4600 condit.
861 4557 915 4599 el
933 4552 1278 4599 demonstrat.
1303 4553 1504 4610 (xxxv,
1528 4551 1597 4606 1.)

284 4611 339 4668 ὅ)
374 4615 428 4659 L.
452 4611 533 4660 5⁴.
554 4616 609 4660 D.
631 4615 699 4660 de
720 4615 1162 4673 re9.jur.-L.21.
1180 4617 1206 4670 ς
1227 4612 1258 4660 6
1279 4615 1330 4661 in
1354 4616 1389 4662 l'.
1416 4618 1469 4662 D.
1505 4615 1600 4673 qul

218 4679 345 4722 test.
366 4675 479 4728 sac
486 4678 715 4734 (xxviii,
718 4677 743 4721 1
753 4678 905 4734 .)(vid.
928 4681 1032 4722 not.
1052 4674 1139 4732 6..)

281 4736 334 4792 4)
370 4740 425 4784 1..
450 4736 559 4785 114.
590 4741 642 4784 D.
668 4740 867 4798 der-eq.
883 4740 1120 4795 jun—1..
1145 4735 1225 4785 41.
1247 4751 1321 4795 pr.
1345 4741 1400 4786 D.
1426 4738 1492 4784 de
1524 4739 1595 4786 V.

221 4801 502 4855 ossLVA.
509 4799 1424 4866 )-L.28....s5naejude·c.(v‚.1.)—1.
1436 4799 1544 4848 5.D.
1554 4801 1600 4849 sl

213 4863 548 4918 parsleered.
568 4868 809 4919 petatur.
830 4864 905 4920 (V.
909 4861 956 4910 4.
962 4865 977 4921 )

282 4923 338 4982 5)
374 4926 478 4972 Cic.
505 4924 566 4971 de
590 4926 778 4973 invent.
804 4928 863 4987 ll,
880 4924 959 4974 41.
982 4925 1087 4972 int.
1109 4923 1257 4973 εῑ42.

1736 3491 1785 3549 6)
1817 3492 1871 3538 L.
1898 3489 1976 3539 24.
2001 3493 2056 3538 D.
2087 3492 2155 3540 de
2173 3491 2448 3551 quibus.—
2473 3490 2592 3547 Gaji
2621 3492 2735 3537 inst.
2772 3490 3029 3548 111.ς218.

1673 3557 1764 3611 -ς
1791 3552 1866 3600 15.
1894 3557 1910 3598 l
1918 3556 2001 3600 ,de
2021 3554 2131 3614 leqe
2151 3554 2385 3612 Aquilia
2390 3555 2504 3599 —L.
2510 3555 2588 3599 21.
2607 3555 2633 3610 s
2655 3555 2699 3599 1.
2720 3555 2770 3598 in
2790 3554 2825 3599 f.
2852 3556 2906 3601 D.
2939 3555 3034 3614 qul

1673 3621 1882 3664 testam.
1886 3615 1996 3669 sac.
2017 3616 2243 3672 (xxviii,
2265 3619 2309 3662 1.
2316 3619 2397 3674 )(«ι
2411 3613 2948 3674 —conjectionemjnert
2975 3643 3030 3650 —

1670 3682 1742 3725 vel
1781 3690 1851 3724 ex
1893 3677 2074 3726 vicinis
2114 3681 2415 3742 scripturis,
2461 3679 2533 3723 vel
2569 3690 2626 3724 ex
2686 3679 3033 3725 consuetudine

1668 3741 2048 3800 patrisfamilias
2060 3743 2133 3786 vel
2147 3745 2404 3799 regionis
2379 3758 2404 3784 2
2397 3713 2684 3800 2—1..15.c.
2697 3740 3030 3797 defideicom-

1666 3804 1811 3851 miss.
1831 3804 1928 3860 (Vl
1952 3802 2052 3859 42.)

1732 3866 1783 3923 7)
1808 3866 2056 3925 Quinctil.
2074 3864 2187 3910 inst.
2213 3878 2286 3915 or.
2311 3867 2415 3921 Vll,
2442 3862 2492 3910 6.
2530 3862 2591 3920 (α
2614 3865 2739 3909 Fieri
2759 3867 3027 3920 tamenpo-

1669 3932 1785 3985 test,
1809 3933 1863 3974 ut
1880 3940 1936 3974 ex
1961 3929 2069 3973 aliis
2087 3928 2274 3985 legibus
2291 3929 2509 3985 exempla
2530 3928 2781 3983 ducamus,
2806 3936 2891 3982 per
2907 3936 3032 3982 quae

1666 3995 1919 4049 appareat,
1923 3991 2236 4047 semperstari
2258 3992 2437 4048 scripto
2450 4002 2546 4035 non
2560 4000 2745 4046 possea»
2720 3987 2903 4040 2»)-ct².
2928 3987 3032 4037 Cic.

1665 4065 1743 4099 or.
1750 4065 1838 4112 pro
1857 4054 1997 4098 Caec.
2015 4051 2095 4098 19.
2103 4054 2297 4107 —Quod
2311 4049 2682 4109 argumentandi
2698 4060 2848 4104 genus
2866 4051 3031 4107 appel-

1666 4117 1796 4162 latur
1814 4116 2047 4161 inductio
2075 4114 2174 4162 Cic.
2197 4115 2380 4159 invent.
2405 4115 2443 4166 1,
2460 4111 2542 4158 51.
2566 4114 2686 4169 Top.
2711 4108 2788 4156 10.

1729 4175 1852 4232 8)Ι,.
1876 4175 1955 4223 35.
1982 4188 2055 4233 pr.
2089 4177 2142 4221 C.
2166 4124 3019 4231 (18112017.ιεει.(111,28.)-Ι,.18.

1664 4240 1712 4285 in
1735 4240 1771 4285 f.
1798 4239 1850 4283 C.
1871 4239 1939 4284 de
1960 4237 2130 4284 testib.
2155 4239 2252 4294 (lV,
2274 4237 2456 4292 ⁶20.)-
2479 4236 2600 4281 Hinc
2618 4236 2923 4294 paroeniiae:
2949 4236 3027 4283 lex

1664 4301 1900 4359 posterior
1923 4313 1981 4346 ex
2003 4300 2373 4357 antiquiori,—
2318 4299 2474 4345 —lex
2495 4298 2797 4356 particularis
2819 4309 2879 4343 ex
2897 4308 3028 4344 com·

1661 4364 1797 4409 muni
1819 4363 1931 4418 ,iure
1945 4363 2309 4419 interpretanda
2329 4366 2419 4407 est.

1725 4427 1772 4480 9)
1796 4426 1846 4471 L.
1880 4421 1927 4470 1.
1965 4426 1991 4477 ς
2020 4423 2068 4471 2.
2114 4425 2168 4471 D.
2205 4424 2350 4482 quod
2378 4422 2608 4481 quisque
2624 4424 2742 4479 jur.
2778 4421 2835 4467 in
2867 4420 3025 4467 alter.

1660 4489 1739 4546 (ll,
1760 4485 1810 4533 2.
1815 4481 1872 4545 )(
1899 4485 2308 4534 “Verba-cum
2339 4484 2531 4541 effectu
2565 4484 2879 4543 accipimus,
2924 4494 3024 4529 non

1659 4549 1998 4596 verbotenus.
1987 4549 2046 4606 υ)

1723 4611 1875 4668 10)1..
1900 4609 1979 4656 22.
2005 4613 2060 4656 D.
2101 4609 2169 4656 de
2187 4607 2334 4668 quib.
2357 4610 2715 4667 -Exemplum
2733 4608 2828 4654 vid.
2850 4607 2900 4652 in
2922 4606 3024 4655 Cle.

1658 4686 1731 4720 or.
1757 4674 1964 4732 Philipp.
1991 4674 2111 4719 Vlll.
2133 4685 2176 4719 c.
2204 4670 2282 4719 11.
2308 4673 2355 4718 in
2380 4669 2918 4718 t.-ci.Gtossaad1..
2940 4667 3022 4716 22.

1661 4738 1811 4782 cit.—
1823 4739 1951 4783 Ant.
1957 4738 2202 4782 Muretus
2220 4735 2282 4781 ad
2303 4734 2451 4781 eund.
2473 4736 2566 4780 loc.
2577 4734 2662 4785 (in
2688 4733 2895 4780 ottonis
2915 4731 3024 4776 tbe-

1660 4811 1793 4845 saur.
1818 4800 1896 4845 lV.
1936 4809 1982 4853 p.
2007 4795 2130 4852 191).
2142 4799 2266 4843 -Η,
2306 4797 2606 4844 Donellusl.
2627 4795 2660 4842 l.
2684 4797 2723 4850 1,
2749 4791 2825 4840 14.
2860 4791 3021 4850 84.-

1666 4862 1819 4907 Corn.
1843 4872 1893 4907 v.
1918 4859 2291 4916 Bynkerslloelt
2328 4860 2430 4907 obs.
2461 4859 2560 4914 jur.
2583 4858 2721 4905 Rom.
2775 4855 2875 4902 Lib.
2899 4855 3022 4901 vni.

1661 4936 1704 4970 c.
1728 4921 1809 4971 35.
1830 4936 1908 4972 nr.
1930 4921 1979 4970 2.
