3544 5506
426 296 542 365 42ss
1161 306 1312 349 rsus
1351 306 1510 349 srnc.
1552 306 1671 348 mn.
1712 305 1808 349 ιιι.
1851 306 1928 348 nr.
1965 303 2490 349 onuoarlomnus.

426 416 638 485 natori
683 413 926 485 intulit,
970 414 1071 469 vel
1099 411 1406 469 damnum
1437 406 1531 468 rei
1571 409 1709 484 ejus
1750 408 2043 468 familiari
2086 403 2486 482 importavit,
2531 408 2631 466 vel
2669 403 2840 468 vitae
2878 403 3239 481 periculum

421 517 631 577 eidem
674 512 925 587 paravit
954 507 1027 587 ⁴).
1060 511 1610 586 Quemadmodum
1655 517 1872 569 autem
1913 525 2037 568 nec
2064 509 2407 568 heredibus
2450 523 2573 568 nec
2614 509 2922 567 adversus
2967 509 3239 568 heredes

422 613 584 671 haec
611 608 779 668 actio
818 609 1010 666 datur
1034 602 1078 679 ⁸)
1105 622 1121 663 ε
1155 606 1244 664 sic
1281 620 1494 679 neque
1520 607 1827 665 adversus
1868 605 2065 664 alium
2094 620 2197 664 res
2229 606 2508 664 donatae
2546 619 2981 677 possessorem
3013 605 3228 666 locum

424 710 618 768 habet
643 703 693 782 ⁶)
711 749 726 776 ‚
752 709 863 767 sed
894 706 1215 780 personali
1235 706 1687 765 tantummodo
1709 706 1919 768 utitur
1942 704 2202 767 actione
2222 706 2506 764 donator
2528 698 2577 780 7)
2598 744 2618 774 ,
2659 721 2787 779 qua
2818 702 3010 779 petit,
3049 712 3125 763 ut
3148 706 3237 765 rei

424 808 542 868 sibi
557 805 936 869 restituatur
968 819 1116 865 cum
1147 802 1323 862 omni
1357 817 1553 861 causa
1574 786 1654 876 ⁸).

924 1004 1069 1064 445.
1100 1001 1202 1079 Vl)
1233 1005 1318 1062 De
1336 1000 1734 1081 simularibus
1753 999 2103 1081 quibusdam
2122 1000 2504 1061 donationum
2527 1000 2759 1078 formis.

500 1202 582 1257 Ex
616 1214 844 1258 earum
871 1200 1292 1260 donationum
1330 1196 1550 1260 formis
1571 1244 1587 1273 ,
1622 1216 1790 1275 quae
1814 1200 2216 1274 aliquantum
2247 1201 2565 1260 recedunt
2602 1216 2642 1260 a
2680 1201 3007 1261 communi
3035 1201 3238 1261 dona-

421 1298 668 1357 tionum
700 1300 915 1358 indole
936 1342 952 1371 ,
982 1298 1031 1373 1)
1049 1301 1337 1375 inprimis
1364 1302 1935 1361 commemoranda
1958 1308 2054 1360 est
2085 1301 2205 1361 sub
2230 1301 2427 1360 modo
2457 1296 2722 1360 donatio
2750 1299 2812 1376 ¹).
2843 1301 3066 1376 cujus,
3095 1315 3241 1358 cum

422 1395 685 1471 propria
704 1396 794 1454 vis
820 1396 1167 1455 maximam
1190 1404 1442 1470 partem
1467 1413 1547 1457 ex
1576 1398 1648 1456 iis
1670 1398 1972 1470 cognosci
1994 1400 2190 1470 possit
2207 1441 2223 1468 ,
2257 1411 2428 1469 quae
2444 1399 2526 1456 de
2549 1398 2746 1457 modo
2766 1406 2966 1470 supra
2989 1398 3036 1473 (ς
3067 1398 3097 1454 1
3112 1393 3235 1467 11.)
3310 1468 3317 1471 ,

420 1498 570 1549 sunt
604 1488 960 1564 disputata,
1008 1509 1216 1567 pauca
1259 1496 1708 1555 tantummodo
1738 1495 1863 1554 hoc
1913 1493 1979 1552 in
2024 1495 2173 1553 loco
2212 1494 2396 1582 nobis
2436 1494 2889 1568 praecipienda
2931 1500 3108 1553 sunt.
3140 1496 3244 1551 Est

419 1590 611 1662 igitur
638 1594 757 1656 sub
787 1594 979 1652 modo
1008 1593 1310 1665 donatio,
1344 1595 1447 1652 cui
1485 1595 1690 1666 legem
1714 1595 1870 1653 dixit
1909 1595 2190 1654 donator
2209 1589 2259 1669 ²)
2280 1636 2297 1667 ‚
2330 1593 2454 1653 hoc
2501 1600 2694 1667 pacto
2714 1638 2730 1666 ‚
2761 1601 2835 1652 ut
2874 1600 2987 1652 aut
3011 1593 3096 1651 de
3123 1606 3244 1650 usu

420 1688 514 1751 rei
537 1695 717 1747 certo
742 1690 938 1750 modo
959 1686 1229 1748 statuat²
1249 1688 1335 1765 α),
1362 1697 1473 1749 aut
1503 1692 1584 1749 de
1608 1691 2003 1755 restituenda
2031 1706 2106 1749 re
2127 1691 2370 1753 donata
2393 1691 2493 1748 vel
2518 1697 2706 1763 parte
2726 1691 2868 1764 ejus
2882 1686 3000 1749 sibi
3023 1685 3243 1751 aliisve

421 1790 646 1843 caveat
672 1779 747 1858 ³),
778 1790 890 1849 aut
916 1791 1213 1851 mutuum
1239 1786 1480 1859 aliquid
1509 1801 1649 1845 esse
1678 1787 1761 1844 ab
1801 1786 2158 1860 accipiente
2182 1787 2643 1860 praestandum
2673 1787 3040 1860 paciscatur
3060 1828 3079 1859 ‚
3114 1798 3245 1858 quo

420 1876 680 1952 quidem
708 1880 776 1939 in
818 1895 1136 1945 onerosae
1174 1883 1624 1941 conventionis
1667 1896 1907 1941 nomen
1948 1897 2084 1944 non
2112 1899 2378 1956 prorsus
2419 1889 2711 1943 transeat
2755 1898 2860 1941 res
2881 1878 2950 1956 ⁴).
3008 1881 3244 1958 Quodsi

419 1994 575 2041 vero
607 1975 889 2052 alioquin
920 1977 1204 2043 conditio
1243 1978 1590 2056 adjiciatur
1620 1983 1988 2050 donationi,
2016 1998 2147 2042 non
2174 1991 2269 2042 est
2297 1985 2415 2043 sub
2443 1985 2642 2043 modo
2675 1988 3013 2042 contracta
3042 1981 3246 2039 dona·

422 2071 512 2133 tio
530 2074 602 2152 ⁵).
638 2077 742 2135 Vis
763 2083 981 2135 autem
1015 2077 1467 2153 donationum,
1498 2093 1668 2150 quae
1693 2079 1812 2136 sub
1847 2078 2044 2137 modo
2080 2080 2278 2153 flunt,
2312 2079 2407 2138 his
2434 2080 2709 2145 maxime
2736 2077 3115 2141 continetur-
3152 2078 3245 2136 lev

420 2175 645 2246 gibus:
693 2174 748 2245 1)
795 2192 943 2235 cum
980 2178 1165 2235 mixti
1197 2179 1680 2250 quodammodo
1715 2180 1956 2251 negotii
1989 2186 2291 2238 naturam
2326 2179 2445 2238 ista
2473 2179 2743 2240 donatio
2780 2178 3019 2236 haheat
3040 2219 3060 2252 ‚
3094 2178 3244 2235 insi-

423 2272 646 2331 nuatio
673 2287 805 2330 non
831 2279 927 2331 est
948 2274 1310 2333 necessaria
1330 2317 1346 2344 ,
1376 2275 1622 2333 etiamsi
1647 2276 2146 2347 quingentorum
2172 2277 2528 2335 solidorum
2550 2290 2796 2334 summa
2821 2270 3241 2349 excedatur-‘53

419 2370 480 2446 Ξ)
523 2387 645 2430 nec
686 2372 770 2431 ob
812 2373 1087 2430 eandem
1133 2374 1451 2432 rationem
1490 2375 1786 2434 revocari
1824 2391 1903 2434 ea
1954 2375 2190 2447 poterit
2238 2390 2317 2433 ex
2361 2374 2555 2432 animi
2604 2373 2838 2445 ingrati
2882 2367 3155 2430 crimine
3174 2372 3242 2442 ⁷).

420 2471 655 2527 Contra
696 2483 855 2526 vero
893 2469 951 2541 5)
990 2465 1221 2527 incerti
1247 2471 1348 2527 vel
1380 2467 1791 2544 praescriptis
1818 2471 2028 2529 verbis
2060 2470 2315 2530 actione
2344 2465 2445 2542 agi
2475 2475 2685 2543 potest
2712 2468 2794 2526 ad
2839 2462 3239 2540 implendum

423 2568 687 2629 modum
715 2566 766 2640 ⁸)
785 2607 800 2634 ‚
847 2568 979 2626 sive
1006 2566 1202 2627 etiam
1233 2569 1316 2626 ad
1345 2585 1487 2640 rem
1521 2570 1918 2628 reddendam
1959 2571 2369 2629 condictione
2407 2571 2493 2628 ob
2519 2584 2786 2628 causam
2813 2568 3148 2637 datorum,
3192 2564 3245 2627 si

423 2669 683 2741 quidem
710 2670 810 2727 vel
854 2670 1227 2743 accipientis
1255 2672 1445 2743 culpa
1478 2672 1584 2743 nt,
1628 2689 1761 2745 quo
1784 2669 2364 2747 minusimpleatur
2395 2674 2628 2731 modus
2650 2713 2668 2747 ‚
2712 2670 2814 2728 vel
2851 2669 2918 2732 in
2964 2669 3105 2727 solo
3145 2680 3245 2726 re·

485 2895 534 2954 4)
556 2897 606 2943 L.
633 2895 712 2945 10.
746 2899 798 2945 C.
823 2898 875 2944 Ιι.
898 2900 936 2945 t.
968 2897 1083 2956 (vid.
1125 2899 1271 2957 §seq
1295 2902 1400 2945 not.
1421 2897 1513 2958 7.).
1549 2901 1615 2947 De
1638 2903 1798 2946 matre
1863 2898 1961 2956 (IV
2034 2897 2124 2959 6.)
2157 2926 2216 2935 -
2251 2901 2303 2948 1..
2339 2901 2388 2948 2.
2422 2900 2517 2956 87.
2554 2902 2609 2947 D.
2644 2897 2698 2946 Ιι.
2734 2903 2857 2947 1.-
2881 2900 2931 2944 1..
2958 2895 3037 2944 13.
3072 2895 3161 2956 52.
3187 2895 3249 2939 D.

422 2960 864 3070 ῧιὲεῗὲιᾶἶιὲῗόἔξιιει
881 2965 1165 3010 transeunte
1193 2961 1291 3009 vid.
1346 2963 1397 3009 L.
1436 2961 1488 3009 7.
1528 2962 1581 3009 C.
1601 2964 1652 3016 Ιι.
1675 2967 1714 3010 ι.
1739 2987 1797 2998 --
1862 2960 1936 3070 eliel
1946 2933 2089 3081 {211⁴
2090 2965 2260 3085 1²3th
2265 2965 2341 3073 VN
2346 2966 2500 3072 [eruis.
2523 2960 2923 3022 (xxtv‚1.)-do
2946 2954 3251 3016 nivet-feld

483 3082 532 3140 5)
552 3086 605 3131 L.
631 3084 676 3131 1.
702 3087 750 3131 in
774 3086 810 3131 f.
829 3086 881 3130 L.
905 3082 955 3132 7.
991 3085 1042 3131 L.
1070 3082 1148 3130 10.
1165 3084 1217 3132 in
1235 3085 1272 3131 f.
1294 3085 1346 3131 C.
1364 3085 1414 3132 Ιι.
1444 3090 1480 3133 t.
1926 3084 1974 3140 5)
1998 3087 2114 3135 1..7.
2140 3090 2193 3135 C.
2217 3088 2285 3134 de
2316 3087 2472 3135 cond.
2494 3085 2560 3134 ob
2575 3097 2727 3135 caus.
2752 3083 2935 3131 dator.
2961 3084 3064 3143 (IV,
3086 3079 3161 3139 6.)
3184 3104 3248 3116 -

484 3144 534 3204 6)
559 3148 610 3193 1..
633 3145 684 3194 7.
720 3149 774 3194 C.
797 3147 848 3193 Ιι.
872 3150 909 3193 t.
949 3164 974 3193 u
1009 3172 1068 3180 --
1094 3147 1330 3206 Quicquid
1354 3148 1503 3204 igitur
1519 3147 1595 3210 is,
1619 3152 1703 3208 qui
1734 3173 1797 3196 -ε
1863 3149 1916 3193 L.
1939 3149 1986 3194 2.
2011 3147 2059 3196 ὅ.
2084 3152 2136 3197 C.
2161 3150 2213 3196 lt.
2240 3153 2279 3197 t.

426 3209 689 3267 impietatis
721 3209 962 3268 arguitur,
987 3221 1045 3257 ex
1071 3210 1214 3255 titulo
1234 3209 1513 3257 donationis
1535 3213 1683 3259 tenet
1700 3246 1719 3274 ‚
1739 3240 1797 3247 —
1925 3208 2037 3268 4)1..
2061 3214 2109 3259 2.
2133 3214 2187 3259 C.
2212 3210 2281 3259 de
2300 3211 2461 3264 cond.
2484 3211 2550 3259 ob
2570 3220 2723 3264 caus.
2748 3207 2929 3254 dator.
2955 3232 3015 3241 ——
3035 3207 3089 3253 1..
3113 3207 3165 3252 3.
3189 3207 3247 3253 C.

423 3295 485 3312 -—
508 3273 650 3320 matri
674 3273 877 3326 reddere
899 3275 1119 3329 cogatur.
1153 3271 1410 3318 Caeterum
1433 3285 1500 3318 ea
1515 3305 1530 3331 ‚
1560 3286 1688 3331 quae
1710 3276 1799 3321 ad·
1862 3270 1931 3317 de
1949 3277 2123 3321 contr.
2150 3278 2274 3321 emt.
2299 3274 2398 3332 (tv,
2422 3271 2645 3328 38.)-—L.
2666 3272 2755 3318 uit.
2781 3273 2838 3318 C.
2861 3270 2927 3318 de
2945 3281 3056 3316 rer.
3071 3278 3248 3325 per-m.

424 3332 520 3385 huc
556 3338 712 3382 matre
748 3334 947 3392 pacifica
972 3358 1110 3367 ——
1133 3333 1354 3386 vendita
1374 3368 1391 3395 ‚
1415 3335 1649 3399 donata,
1671 3350 1799 3394 per·-
1863 3333 1965 3390 (tv.
1987 3333 2088 3394 64.)
2123 3362 2182 3370 -
2218 3338 2272 3384 L.
2299 3336 2345 3385 1.
2384 3337 2438 3382 c.
2475 3336 2529 3384 Ιι.
2556 3343 2593 3383 t.
2631 3358 2687 3369 --
2721 3333 2791 3381 de
2829 3329 3131 3391 meret-feld
3150 3332 3187 3378 1.
3210 3331 3247 3377 1.

423 3399 634 3444 mutata
658 3429 675 3453 ,
719 3396 774 3442 In
815 3397 988 3444 dotem
1027 3396 1159 3441 data
1180 3429 1197 3458 ,
1240 3398 1577 3456 caeterisque
1615 3401 1802 3449 causis
1865 3408 1914 3454 p.
1933 3394 2026 3442 412
2049 3411 2154 3457 sqq.

423 3458 646 3518 quilime
668 3457 923 3521 alienata,
951 3457 1162 3505 minime
1185 3469 1516 3510 revocamus.
1536 3475 1561 3503 n
1928 3456 1978 3516 5)
2008 3461 2115 3507 Vid.
2142 3462 2192 3506 L.
2227 3457 2308 3507 95.
2351 3461 2405 3506 c.
2430 3459 2498 3506 de
2518 3459 2698 3507 donat.
2735 3459 2859 3513 (Viti
2879 3492 2894 3516 ‚
2917 3455 3023 3512 54.)
3048 3459 3098 3501 et
3119 3456 3174 3501 L.
3195 3452 3248 3499 ἃ

486 3519 537 3578 7)
570 3522 657 3568 Cui
699 3522 898 3580 quidem
943 3520 1213 3568 renuntiari
1263 3522 1471 3581 nequit,
1514 3521 1609 3569 nisi
1662 3525 1799 3579 post·
1864 3523 1917 3569 c.
1941 3520 1993 3574 Ιι.
2016 3525 2055 3570 t.
2078 3523 2162 3580 (cf.
2193 3526 2243 3568 et
2263 3528 2369 3569 not.
2394 3519 2443 3567 6.
2466 3521 2623 3581 et7.).
2646 3547 2705 3560 -κ
2727 3521 2796 3568 de
2829 3517 3134 3577 Meyer-feld
3150 3518 3185 3564 1.
3209 3518 3250 3563 i.

423 3594 572 3641 quam
601 3589 719 3636 nata
746 3585 852 3639 jam
885 3588 991 3643 est3
1028 3594 1133 3640 arg.
1159 3582 1213 3638 L.
1235 3580 1316 3629 27.
1357 3585 1383 3638 S
1403 3582 1451 3632 4.
1477 3586 1532 3632 1).
1567 3583 1637 3631 de
1653 3587 1798 3642 pact.
1866 3596 1913 3643 p.
1938 3580 2023 3631 391
2055 3598 2161 3644 sqq.
2187 3585 2271 3631 Nr.
2296 3586 2346 3631 5.
2370 3580 2419 3630 4.

424 3647 503 3702 (11,
528 3644 628 3702 14.)
1929 3648 1977 3701 6)
2003 3648 2111 3694 vid.
2150 3649 2349 3703 Lesser
2383 3646 2511 3693 med.
2557 3648 2619 3694 ad
2658 3646 2811 3694 Pand.
2836 3646 2919 3703 Sp.
2961 3641 3077 3692 435.
3098 3653 3168 3687 ιιι.
3194 3637 3250 3686 5.

487 3705 538 3765 8)
559 3709 612 3755 1..
632 3704 683 3753 7·.
705 3708 759 3753 C.
795 3705 850 3755 Ιι.
872 3704 908 3753 t.
956 3721 983 3754 u
1025 3728 1086 3739 -·
1123 3705 1464 3756 vindicationis
1484 3708 1667 3764 habeat
1687 3707 1804 3756 effe·
1868 3733 1921 3750 --
1959 3711 2122 3768 Neque
2153 3709 2398 3756 contraria
2433 3714 2507 3755 est
2538 3709 2591 3755 1..
2625 3707 2706 3756 25.
2739 3709 2796 3758 C.
2830 3708 2899 3755 de
2929 3707 3061 3754 don.
3088 3729 3149 3740 «-
3172 3701 3257 3756 (ῑί.Α

426 3775 578 3818 etum.
601 3788 625 3810 ι»
651 3769 760 3816 vid.
787 3776 836 3816 et
859 3781 1005 3826 supra
1037 3770 1063 3824 S
1083 3766 1197 3818 228.
1222 3782 1297 3815 nr.
1325 3772 1371 3816 2.
1396 3795 1451 3804 —-
1470 3775 1528 3817 At
1550 3782 1700 3818 onera
1727 3772 1802 3817 in·
1866 3776 1970 3819 not.
2002 3769 2052 3817 5.

427 3833 574 3880 terim
596 3832 667 3879 rei
686 3831 909 3891 imposita
932 3843 1197 3888 agnoscere
1230 3837 1428 3879 tenetur
1459 3845 1694 3884 revocans
1710 3834 1802 3879 do·-
1928 3834 1975 3891 7)
2000 3835 2085 3881 Cui
2104 3833 2302 3892 quidem
2323 3834 2574 3880 contraria
2591 3834 2785 3884 videtur
2804 3844 2909 3879 esse
2926 3833 2982 3878 t..
3005 3828 3089 3877 10.
3107 3829 3161 3874 C.
3178 3825 3250 3874 de

426 3894 836 3943 nationem—Cf.
858 3899 964 3944 not.
987 3892 1036 3942 (i.
1060 3898 1110 3940 et
1126 3906 1273 3954 supra
1294 3890 1319 3944 S
1341 3893 1453 3954 271.
1495 3900 1716 3943 context.
1741 3897 1806 3946 ad
1870 3907 1979 3947 rer.
2006 3897 2132 3943 don.
2156 3896 2300 3954 (vni,
2316 3893 2436 3953 55.),
2459 3896 2543 3941 ubi
2569 3896 2866 3954 praecipitur
2892 3911 2905 3942 ι
2930 3894 3086 3939 etiam
3105 3890 3169 3937 ab
3188 3900 3261 3937 eo.

431 3963 535 4014 not.
558 3954 607 4004 8.
632 3962 682 4004 et
705 3955 785 4005 10.
1872 3965 2123 4019 tamquam
2146 3958 2209 4005 ab
2231 3960 2423 4015 ingrato
2446 3959 2664 4005 revocari
2706 3970 2844 4016 posse
2881 3957 3206 4003 donationem
3234 3984 3254 4010 ‚

1872 4024 1957 4081 qui
1982 4023 2387 4078 «conventiones,
2410 4020 2507 4067 sive
2529 4021 2579 4066 in
2603 4020 2793 4078 scriptis
2816 4018 3072 4072 donationi
3096 4018 3259 4072 impe-

1119 4084 1145 4137 S
1182 4078 1295 4130 445.
1873 4086 1990 4131 sitas
2012 4118 2027 4142 ‚
2050 4085 2149 4130 sive
2186 4084 2288 4129 sine
2325 4083 2516 4140 seriptis
2556 4083 2927 4141 habitas‚quas
2968 4076 3263 4126 donationis

1870 4150 2097 4206 acceptor
2131 4145 2429 4204 spopondit,
2474 4145 2674 4191 minime
2717 4146 2923 4204 implere
2964 4141 3197 4188 voluerit.
3224 4153 3258 4182 ι

497 4205 541 4264 1)
563 4207 682 4253 Cod.
705 4206 824 4263 (vlit
842 4239 856 4262 ‚
876 4203 979 4265 56.)
996 4205 1064 4253 de
1092 4207 1481 4258 donationibus,
1497 4239 1514 4268 ,
1539 4216 1683 4264 quae
1701 4205 1805 4253 sub
1870 4210 2002 4264 Quae
2023 4210 2221 4267 quidem
2244 4208 2391 4254 verba
2411 4208 2473 4253 ad
2496 4213 2713 4255 nostram
2736 4207 2859 4253 nihii
2894 4206 3112 4252 attinere
3134 4212 3258 4247 cau-

430 4270 583 4316 modo
606 4267 710 4323 (vel
724 4269 1032 4316 conditione
1047 4304 1062 4327 ‚
1085 4270 1175 4316 vel
1192 4275 1341 4317 certo
1363 4270 1614 4326 tempore)
1645 4268 1807 4325 confi·
1871 4282 1995 4327 sam,
2021 4283 2078 4317 ex
2101 4282 2159 4316 eo
2180 4273 2318 4317 certo
2335 4273 2569 4328 apparet,
2591 4274 2722 4327 qnod
2742 4271 2977 4317 adversus
3000 4268 3259 4323 ingratum

430 4332 675 4381 ciuntur.
697 4355 759 4366 —
777 4331 851 4376 Cf.
876 4334 966 4377 Fr.
987 4332 1289 4392 Ber-qmann
1334 4335 1387 4378 D.
1425 4334 1486 4379 de
1515 4337 1692 4377 natura
1718 4332 1808 4377 do·
1871 4334 2002 4380 actio
2023 4333 2190 4380 heredi
2215 4345 2311 4391 non
2333 4334 2481 4378 datur
2497 4365 2511 4388 ,
2531 4343 2642 4378 cum
2667 4332 2925 4380 revocandi
2944 4331 3028 4386 ,ius
3047 4333 3260 4386 propter

431 4397 686 4442 nationum
723 4394 813 4440 sub
845 4395 993 4448 modo
1022 4396 1283 4442 Romanar.
1311 4396 1490 4450 ffGoett.
1518 4390 1660 4441 1808.
1683 4392 1804 4451 (qui
1869 4408 1967 4442 non
2003 4397 2255 4454 impletum
2294 4397 2494 4441 modum
2528 4393 2591 4439 ad
2623 4394 2829 4450 heredes
2872 4393 3089 4440 transire
3130 4391 3259 4437 citra

429 4457 626 4514 quidem
668 4462 769 4503 tota
804 4459 995 4503 ratione
1038 4457 1293 4505 nobiscum
1334 4457 1596 4510 dissentit).
1631 4480 1690 4489 -—-
1725 4456 1800 4504 Cf.
1868 4458 2189 4504 dubitationis
2228 4458 2386 4504 aleam
2427 4456 2639 4515 positum
2679 4459 2745 4505 sit
2779 4457 2866 4513 (ci.
2910 4459 3017 4501 not.
3052 4452 3104 4500 9.
3134 4451 3257 4507 10.).

435 4521 486 4565 C.
527 4522 584 4567 G.
612 4518 909 4570 Waeclcter
945 4519 1007 4564 de
1049 4519 1190 4566 cond.
1216 4533 1260 4569 c.
1282 4520 1331 4566 d.
1352 4532 1395 4565 c.
1419 4531 1469 4566 n.
1494 4532 1534 4565 s.
1566 4518 1618 4570 in
1640 4523 1801 4567 contr.
1869 4520 2029 4575 Quare
2051 4521 2125 4565 vel
2162 4521 2223 4571 de
2261 4519 2563 4577 simplicibus
2596 4519 2960 4567 conditionibus
2993 4513 3260 4562 donationi

431 4582 617 4629 innom.
642 4582 787 4636 (Tub.
816 4580 977 4636 1822.)
1000 4583 1027 4637 ς
1055 4581 1130 4630 15.
1160 4581 1236 4630 14.
1258 4595 1305 4642 p.
1331 4580 1394 4629 89
1415 4607 1470 4614 -
1497 4578 1606 4628 104.
1645 4605 1700 4613 -
1735 4581 1805 4632 de
1869 4582 2073 4638 adjectis
2092 4581 2214 4638 (not.
2239 4580 2308 4638 5.)
2325 4616 2340 4637 ,
2364 4583 2441 4627 vet
2465 4585 2526 4628 de
2548 4584 2694 4629 modo
2710 4614 2725 4637 ‚
2747 4592 2894 4640 quem
2930 4578 3136 4637 quidem
3161 4579 3261 4623 im-

433 4643 727 4699 Meyerseld
748 4646 830 4690 Ι.1.
850 4644 1031 4700 390-
1053 4647 1268 4692 Omnino
1286 4644 1350 4692 cf.
1363 4656 1490 4703 quae
1512 4644 1696 4703 supi-as
1711 4641 1799 4690 111
1868 4646 2001 4702 plere
2023 4644 2237 4702 alioquin
2263 4655 2454 4690 necesse
2477 4655 2575 4690 non
2594 4644 2772 4694 habeat
2792 4643 3042 4700 accipiens
3067 4642 3124 4698 (ς
3146 4639 3258 4686 111.

429 4706 491 4753 de
512 4708 657 4753 modo
679 4707 907 4753 diximus.
1867 4717 1943 4752 nr.
1963 4709 2031 4763 8.)
2046 4740 2061 4764 ,
2082 4706 2212 4752 hunc
2250 4708 2409 4754 locum
2451 4716 2558 4753 esse
2580 4705 2954 4765 inteiligendum
2972 4742 2985 4762 ,
3021 4703 3267 4762 equidem

492 4769 539 4826 2)
560 4769 668 4814 vid.
691 4771 846 4828 Huqo
869 4770 922 4815 R.
947 4771 1002 4816 G.
1028 4771 1107 4816 XI.
1133 4783 1181 4828 p.
1203 4767 1315 4817 559.
1343 4795 1395 4804 —
1419 4769 1486 4816 de
1508 4766 1807 4827 Meyer-feld
1867 4769 2262 4815 existimaverim.

429 4832 460 4879 Ι.
484 4831 519 4876 1.
542 4842 592 4888 p.
615 4827 727 4877 589.
1927 4830 1975 4891 8)
1997 4834 2046 4879 L.
2071 4829 2119 4878 8.
2142 4833 2195 4878 C.
2216 4830 2283 4877 de
2306 4843 2417 4877 rer.
2435 4841 2602 4886 pet-m.
2627 4830 2724 4889 (iv,
2742 4828 2844 4884 64.)
2863 4854 2918 4864 -
2940 4831 2994 4876 L.
3016 4828 3069 4876 9.
3093 4835 3143 4874 ct
3167 4827 3259 4875 22.

495 4894 578 4954 Ωιι)
596 4893 648 4942 1..
670 4894 720 4942 3.
762 4894 815 4941 L.
837 4891 887 4942 6.
933 4895 985 4942 C.
1005 4893 1074 4942 dc
1105 4893 1332 4944 condiet.
1356 4895 1422 4943 ob
1444 4906 1596 4944 caus.
1622 4893 1800 4943 dator.
1866 4894 1918 4942 C.
1944 4895 2012 4943 cle
2033 4893 2220 4944 donat.
2240 4893 2258 4954 (
2279 4894 2399 4954 vul,
2420 4890 2532 4953 54.)
2556 4891 2638 4954 (cf.
2663 4898 2713 4941 et
2731 4894 2756 4950 ς
2777 4890 2891 4945 344.
2913 4897 3022 4940 not.
3045 4889 3095 4940 7.
3120 4891 3173 4944 in
3197 4892 3267 4950 t.)
