3544 5506
975 362 1108 406 clu».
1150 363 1220 405 11.
1263 364 1339 406 nn
1379 363 1839 407 osucntouun
1880 362 2108 407 causis.
2881 352 2991 409 327

741 536 933 612 5559.
979 536 1042 610 b)
1088 535 1537 596 Conventionum
1568 534 1961 603 adminicula,-
1990 539 2043 604 a)
2069 536 2417 595 communia.

279 727 675 790 Adminicula
708 731 752 804 (§
784 730 895 791 104
918 735 1294 806 sqq.),quae
1318 729 1505 808 adjici
1523 735 1731 792 solent
1761 733 2434 808 conventionibus,vel
2457 738 2823 796 communia
2845 747 2992 799 sunt

208 827 470 884 omnium
522 829 961 900 negotiorum,
1012 832 1113 889 vel
1156 830 1657 889 conventionum
1700 829 2002 903 propria.
2033 832 2234 904 Atque
2264 830 2327 889 in
2365 833 2563 903 priori
2581 841 2731 892 sunt
2754 851 2992 906 genere

206 927 497 995 conditio,
534 929 707 998 dies,
746 931 1004 998 modus,
1030 930 1379 989 clausulae.
1413 933 1500 989 De
1529 929 1761 1003 quibus
1791 929 2095 1003 quoniam
2132 931 2368 1003 partim
2405 946 2625 1005 supra,
2653 941 2720 992 et
2746 952 2873 1009 qua
2885 936 2994 1010 jus

205 1029 476 1093 spectant
507 1026 1014 1084 conventionum
1038 1070 1056 1102 ‚
1102 1026 1348 1100 plenius
1386 1042 1424 1084 a
1454 1024 1637 1084 nobis
1668 1020 2063 1099 disputatum
2095 1028 2232 1099 est(
2263 1019 2296 1105 S
2328 1027 2734 1102 tots—112),
2762 1034 2992 1105 partim

205 1117 443 1178 inferius
487 1119 683 1179 etiam
736 1117 987 1180 dicetur
1025 1123 1073 1197 (§
1099 1121 1304 1194 445.),
1336 1122 1471 1196 Jam
1516 1138 1646 1179 non
1690 1117 1808 1180 nisi
1841 1137 2047 1194 pauca
2094 1121 2300 1180 hocin
2330 1123 2473 1182 loco
2501 1126 2582 1183 de
2605 1127 2992 1188 conditionis

204 1218 389 1278 dicive
418 1221 885 1280 adscribendae
929 1222 1180 1282 ratione
1215 1228 1327 1280 aut
1375 1223 1726 1294 repetenda
1766 1229 1881 1280 aut
1919 1220 2275 1296 adjicienda
2307 1230 2481 1283 sunt.
2509 1220 2710 1296 Igitur
2744 1226 2790 1301 1)
2815 1229 2992 1300 quod

202 1314 437 1386 quidem
503 1319 587 1374 ad
633 1318 1028 1377 conditiones
1076 1320 1335 1388 attinet,
1370 1317 1429 1391 1)
1456 1318 1870 1391 impossibiles
1890 1362 1906 1386 ,
1954 1325 2027 1374 ut
2068 1319 2322 1391 quidem
2366 1321 2626 1394 proprie
2680 1330 2996 1383 vocantur

206 1411 244 1487 [S
264 1413 395 1473 106.
421 1422 565 1474 not.
599 1417 712 1491 5.),
741 1418 1117 1477 affirmative
1140 1426 1498 1492 conceptae
1522 1413 1771 1476 irritam
1797 1416 2083 1477 efficiunt
2106 1417 2679 1496 conventionem¹)‚
2705 1423 2995 1494 negative

203 1519 541 1584 conceptae
572 1529 694 1588 pro
717 1531 845 1574 non
873 1517 1124 1589 scriptis
1149 1517 1470 1574 habentur
1486 1516 1567 1585 2).
1596 1518 1887 1587 itemque
1908 1514 1969 1587 2)
1993 1531 2162 1587 quae
2183 1515 2332 1589 jure
2356 1516 2627 1589 legeque
2654 1519 2995 1590 prohiben-

203 1612 299 1664 tur
322 1604 750 1684 conditiones,
802 1608 933 1671 sive
975 1612 1359 1671 affirmative
1400 1612 1533 1670 sive
1571 1610 1864 1682 negative
1888 1609 2370 1683 concipiantur,
2401 1605 2686 1670 inutilem
2717 1616 2996 1674 reddunt

206 1702 764 1782 conventionem-⁹⁹),
790 1715 1239 1781 praeterquam
1269 1707 1317 1766 si
1356 1722 1603 1781 poenae
1624 1722 1687 1765 se
1712 1707 1938 1780 aliquis
1967 1706 2294 1781 subjiciat,
2327 1708 2391 1764 ni
2413 1708 2996 1785 improbaJureque

203 1805 379 1863 vetita
405 1808 667 1866 omittat
691 1827 709 1882 3
732 1825 899 1882 quac
919 1805 1430 1883 quidemutiliter
1451 1807 1983 1867 conventionibus
2008 1805 2308 1879 adjicitur
2327 1808 2610 1866 conditio
2628 1805 2697 1883 ⁴).
2719 1810 2991 1882 5)'1'uen-

202 1899 310 1958 dae
339 1903 746 1976 obligationis
792 1906 913 1965 sub
956 1906 1326 1965 conditione
1366 1899 1622 1963 debitae
1659 1919 1855 1962 causa
1892 1919 2021 1963 non
2046 1904 2251 1963 solum
2275 1905 2605 1963 cautiones
2631 1905 2997 1981 propositae

201 2003 334 2055 sunt
352 1997 414 2065 ὗ),
448 2007 590 2059 tum
616 2003 811 2061 etiam
841 2004 1147 2070 actiones,
1181 2003 1315 2061 scil.
1367 2017 1450 2060 ne
1490 2000 1876 2074 impediatur
1898 1996 1986 2074 id,
2018 2002 2190 2059 unde
2224 2008 2489 2059 eventus
2517 2003 2754 2075 pendet
2777 2007 2998 2064 condi-

204 2093 437 2171 tionis⁶):
464 2115 697 2158 verum
722 2103 912 2159 etlam
937 2095 989 2158 si
1010 2101 1316 2159 solvendo
1337 2116 1468 2158 non
1502 2105 1596 2157 est
1624 2099 1902 2169 debitor,
1935 2113 2140 2171 aeque
2162 2104 2234 2155 ut
2263 2098 2363 2156 alii
2393 2101 2741 2160 creditores
2769 2105 2996 2162 admit-

202 2194 361 2249 tetur
390 2195 470 2251 ad
516 2197 844 2254 bonorum
887 2198 1350 2270 possessionem
1383 2196 1455 2265 is,
1486 2194 1588 2254 cui
1618 2196 1736 2254 sub
1760 2194 2125 2252 conditione
2153 2191 2393 2268 aliquid
2417 2197 2689 2255 debetur
2707 2195 2782 2273 ⁷).
2816 2204 2996 2259 Prae-

202 2291 363 2346 terea
394 2289 460 2366 4)
484 2292 798 2364 obligatio
838 2308 876 2350 e
907 2289 1319 2352 conditionali
1362 2292 1789 2351 conventione
1838 2292 1918 2349 ad
1960 2291 2229 2349 heredes
2278 2292 2733 2350 transmittitur
2762 2289 2842 2372 ⁸),
2875 2297 2995 2354 nisi

204 2386 495 2459 ejusmodi
535 2393 621 2450 sit
667 2394 950 2453 conditio
974 2437 991 2467 ,
1036 2409 1204 2468 quae
1243 2408 1559 2467 personae
1598 2393 1949 2452 cohaereat
1966 2387 2037 2464 ⁹),
2070 2405 2201 2463 quo
2237 2392 2301 2449 in
2326 2407 2563 2463 genere
2594 2393 2787 2451 etiam
2819 2403 2992 2466 sunt,

204 2497 361 2553 quae
396 2489 472 2545 ad
522 2504 776 2547 meram
821 2486 1158 2549 creditoris
1194 2492 1590 2548 voluntatem
1638 2488 2011 2546 referuntur
2038 2483 2125 2562 ¹⁰).
2153 2487 2215 2559 5)
2242 2487 2603 2547 Generatim
2635 2497 2852 2548 autem
2880 2494 2996 2550 ob-

205 2588 602 2655 servandum,
626 2590 1019 2662 Plerumque
1043 2604 1173 2648 non
1193 2590 1367 2662 prius
1397 2589 1705 2647 committi
1728 2588 2242 2658 conventionem,
2271 2605 2462 2661 quam
2475 2595 2725 2649 certum
2751 2591 2999 2660 sit,non

206 2671 432 2751 impleri
483 2685 931 2744 conditionem
955 2723 975 2755 ‚
1018 2693 1474 2760 praeterquam
1503 2686 1552 2743 si
1579 2690 1691 2742 aut
1716 2691 1968 2743 certum
1998 2680 2303 2759 implendi
2332 2691 2583 2761 tempus
2605 2686 3000 2762 adscriptum

203 2785 287 2835 est
310 2778 691 2858 conditioni,
727 2793 839 2844 aut
861 2788 922 2844 id
944 2803 1081 2845 esse
1111 2794 1326 2846 actum
1350 2787 1518 2846 inter
1542 2787 2025 2855 contrahentes,
2049 2791 2141 2852 ut,
2168 2802 2360 2859 quam
2388 2785 2664 2860 primum
2700 2791 2998 2862 potuerit,

202 2871 531 2949 impleatur
556 2883 867 2958 conditio,
917 2884 1283 2943 certissimis
1318 2878 1561 2942 indiciis
1592 2889 1904 2957 appareat
1929 2880 2011 2951 ¹¹).
2040 2884 2100 2955 0)
2128 2884 2361 2960 Quodsi
2391 2885 2758 2958 suspensiva
2780 2888 2970 2945 condi

203 2975 302 3043 fio,
332 2997 528 3053 quam
557 2992 821 3061 vocant,
846 2986 1106 3055 exstitit,
1132 2985 1399 3059 perinde
1427 2992 1546 3055 est,
1578 3000 1653 3043 ac
1674 2985 1725 3043 si
1749 2985 1963 3042 statim
1979 2984 2061 3041 ab
2091 2984 2270 3043 initio
2300 3001 2461 3059 pure
2489 2987 2813 3058 negotium
2844 3002 3000 3046 con-

204 3074 439 3137 stitisset
468 3080 568 3153 12);
601 3098 829 3141 rursus
887 3089 1104 3142 autem
1136 3082 1477 3141 resolutiva
1510 3081 1848 3140 eveniente
1885 3078 2277 3157 conditione,
2304 3087 2617 3155 quantum
2644 3084 2706 3141 id
2737 3085 2998 3156 quidem

205 3164 325 3231 fieri
351 3184 594 3250 potest,
624 3179 715 3237 ita
745 3195 847 3239 res
876 3181 1258 3255 plerumque
1288 3174 1663 3255 accipietur,
1691 3174 1872 3252 quasi
1900 3193 2232 3251 nunquam
2281 3179 2361 3237 de
2382 3193 2460 3237 ea
2478 3178 2817 3239 conventio
2842 3178 2998 3241 inita

782 3376 809 3431 ς
838 3373 953 3423 339.
1644 3375 1799 3431 Atque
1832 3370 1949 3420 hinc
1987 3374 2081 3429 est,
2117 3370 2247 3430 quod
2285 3371 2467 3418 dicitur
2489 3373 2542 3418 L.
2566 3370 2647 3420 49.
2670 3383 2746 3431 pr.
2771 3373 2827 3419 D.
2851 3371 2920 3419 de
2946 3373 2996 3419 0.

1641 3439 1697 3483 et
1730 3439 1798 3482 A.
1827 3449 1838 3480 :
1866 3438 1964 3494 «ts,
1986 3434 2064 3480 cul
2097 3435 2186 3480 sub
2204 3436 2481 3482 conditione
2518 3436 2735 3493 legatum
2758 3440 2850 3492 est,
2875 3446 2997 3493 pen-

258 3492 301 3549 1)
335 3496 362 3550 S
384 3494 464 3545 11.
491 3501 532 3547 1.
558 3497 638 3546 de
662 3496 888 3547 inutilib.
912 3499 1149 3557 stipulat.
1170 3524 1231 3534 —
1246 3500 1298 3546 L.
1318 3495 1401 3545 31.
1427 3498 1483 3544 D.
1507 3498 1577 3545 de
1640 3498 1789 3545 dente
1810 3497 2090 3544 conditione
2110 3508 2208 3543 non
2228 3504 2302 3543 est
2331 3496 2572 3554 creditor,
2604 3498 2688 3543 sed
2713 3503 2830 3543 tunc
2849 3530 2864 3554 ,
2883 3508 2997 3543 cum

206 3553 254 3600 0.
272 3561 324 3603 et
342 3562 408 3605 A.
432 3561 638 3619 (thv,
661 3558 730 3621 7.)
747 3587 807 3596 -
822 3563 875 3609 L.
896 3562 946 3609 7.
974 3565 1025 3608 D.
1048 3562 1120 3611 de
1141 3564 1197 3610 V
1201 3594 1215 3608 .
1241 3564 1299 3609 0.
1326 3562 1483 3620 (XLV,
1504 3561 1572 3618 1.)
1640 3560 1880 3607 exstiterit
1896 3559 2370 3617 conditiotquamvis
2390 3571 2521 3618 eum,
2539 3560 2622 3617 qui
2642 3561 2903 3617 stipulatus
2923 3563 2999 3606 est

202 3617 451 3672 -Dinenh
477 3627 544 3673 J.
580 3628 637 3671 T.
681 3624 905 3674 Richter
932 3626 1093 3685 (Resp.
1122 3623 1360 3682 Lesslnq)
1389 3624 1450 3669 de
1481 3624 1573 3669 im·
1637 3623 1729 3668 suh
1751 3621 2056 3675 conditione,
2081 3624 2237 3679 placet
2269 3625 2418 3669 etiam
2452 3625 2694 3679 pendente
2716 3621 2999 3668 conditione

204 3684 399 3734 pooeibiti
437 3688 743 3735 conditione
781 3694 1016 3749 conti-act.
1053 3700 1153 3734 non
1185 3688 1408 3734 vitiante.
1442 3686 1568 3745 Lips.
1636 3686 1927 3731 creditorem
1949 3695 2073 3731 esse.
2088 3699 2113 3725 n
3040 3684 3056 3694 ‘

207 3739 334 3790 ι747·
1696 3746 1745 3803 9)
1780 3748 1894 3804 Arg.
1922 3750 1972 3793 t..
1997 3758 2083 3793 un.
2108 3748 2132 3801 S
2152 3744 2200 3793 9.
2221 3747 2277 3794 C.
2298 3746 2366 3795 de
2387 3743 2608 3793 caducit
2645 3745 2748 3791 loll.
2772 3744 2871 3800 (Vl,
2893 3742 2998 3801 51.)

257 3805 302 3863 2)
331 3810 381 3855 1..
404 3809 454 3859 7.
481 3814 536 3861 in
563 3814 608 3863 f.
638 3814 697 3860 D.
724 3812 795 3861 de
812 3814 881 3861 V.
907 3813 1057 3867 0.-§
1079 3811 1222 3858 11.in
1246 3811 1284 3857 l'.
1303 3813 1341 3857 1.
1362 3809 1429 3857 de
1446 3809 1571 3859 inu·
1637 3837 1698 3847 —
1714 3809 1823 3855 Vid.
1846 3813 1896 3855 et
1917 3816 2019 3856 not.
2044 3814 2288 3867 seq.—A.
2304 3812 2368 3856 Ε.
2392 3809 2706 3855 Eudemum:
2728 3812 2995 3853 comment.

212 3866 325 3916 titis.
346 3872 531 3932 stipat.
1636 3872 1696 3919 de
1716 3873 1992 3929 implendae
2030 3872 2328 3918 conditionis
2373 3879 2592 3929 tempore
2635 3881 2767 3927 spec.
2811 3868 2999 3924 (Mat-b.

255 3929 301 3989 3)
329 3939 375 3992 a)
412 3939 467 3985 1..
490 3938 581 3986 35.
609 3939 639 3993 ς
665 3939 712 3983 1..
739 3935 1096 3986 1..1ss.n.ae
1116 3936 1188 3984 V.
1216 3938 1275 3982 0.
1292 3961 1352 3971 -
1375 3935 1493 3995 ωι..
1517 3931 1572 3981 7.
1638 3932 1996 3999 1821.)p.1⁴2
2017 3946 2125 3991 sqq.
2152 3958 2211 3965 -
2232 3936 2490 3980 caeterum
2515 3932 2613 3978 vid.
2635 3933 2692 3978 J.
2713 3933 2775 3977 a.
2803 3932 2998 3990 Enqau

202 3993 287 4046 5³.
309 3998 359 4043 D.
384 4000 454 4047 de
472 4001 683 4057 pactis.
708 4000 788 4058 (ll,
813 3997 913 4055 14.)
1639 4001 1787 4055 (resp.
1809 3997 1866 4042 J.
1887 3997 1943 4042 J.
1983 3996 2340 4056 Ravensberq)
2380 3996 2442 4041 de
2480 3995 2794 4053 implemento
2830 3994 3000 4039 condi-

254 4055 297 4103 4)
332 4061 379 4107 l..
401 4062 485 4110 50.
511 4066 571 4110 D.
591 4066 747 4121 pact.
782 4063 862 4119 (ll,
890 4058 989 4118 14.)
1013 4084 1069 4093 —-
1095 4061 1147 4107 L.
1174 4063 1286 4111 121.
1311 4072 1386 4120 pr.
1412 4061 1506 4116 ets
1529 4060 1576 4107 1.
1643 4061 1789 4106 tionis
1841 4059 2159 4116 potestativae
2203 4058 2535 4104 contractibus
2582 4055 2831 4114 appositae
2884 4055 2993 4101 Jeu.

204 4116 250 4166 D.
271 4120 334 4167 ds
351 4127 424 4172 V.
450 4128 513 4173 0.
541 4150 610 4160 —
639 4126 702 4170 T.
725 4125 787 4170 T.
815 4124 930 4171 Cod.
959 4122 1007 4170 sl
1028 4124 1351 4183 manciptum
1380 4121 1456 4170 ita
1481 4131 1571 4168 ve·
1638 4119 1780 4169 1747.

202 4181 364 4247 nica-it,
387 4200 462 4235 ne
490 4187 893 4245 prostituatur.
927 4188 1026 4244 (lv,
1049 4182 1214 4246 56.)—
1236 4189 1312 4235 Cf.
1353 4184 1577 4233 Thibaut
1705 4182 1781 4239 10)
1818 4182 1871 4227 Ι..
1895 4179 1975 4229 48.
1997 4183 2054 4228 D.
2076 4179 2144 4227 de
2161 4184 2231 4228 V.
2253 4184 2295 4228 0

205 4244 312 4291 Abh.
336 4261 382 4305 p.
407 4248 529 4297 803.
557 4263 645 4297 nr.
671 4251 718 4294 1.
1702 4245 1779 4301 11)
1814 4243 1869 4290 L.
1889 4241 2305 4299 99.§1.1..115.
2327 4243 2353 4297 s
2377 4243 2422 4287 1.
2450 4243 2506 4289 D.
2532 4240 2599 4288 de
2638 4242 2708 4289 V.
2745 4242 2803 4288 0.
2840 4240 2999 4298 (XLV,

255 4305 300 4365 5)
333 4311 484 4369 Ἠὼς
502 4311 628 4360 108.
652 4317 759 4359 not.
780 4308 828 4357 5.
849 4310 962 4357 add.
980 4313 1033 4357 L.
1055 4307 1138 4357 41.
1161 4312 1214 4357 D.
1236 4307 1577 4366 demate-‚m
1642 4304 1852 4363 1.)-H.
1879 4306 2134 4353 Donellus
2153 4310 2414 4351 comment.
2435 4305 2532 4357 jur.
2557 4305 2656 4351 civ.
2678 4306 2780 4351 xv.
2796 4301 3003 4349 cxli.—

204 4367 263 4426 ¹·)
284 4396 335 4404 —
369 4376 422 4420 L.
446 4373 535 4422 38.
562 4387 649 4434 pr.
677 4376 732 4420 D.
751 4384 851 4429 pro
872 4384 981 4419 soc.
1006 4374 1170 4434 (xvll,
1195 4374 1263 4429 2.)
1637 4368 2012 4416 Endemannl.
2037 4370 2071 4415 l.
2102 4380 2151 4425 p.
2177 4365 2268 4414 127
2293 4391 2347 4399 -
2374 4365 2484 4413 157.
2512 4392 2567 4400 -
2592 4368 2847 4412 Caeterum
2870 4363 3002 4410 hunc

255 4431 299 4489 6)
331 4437 382 4482 L.
408 4435 494 4484 50.
519 4440 582 4483 D.
609 4437 686 4483 de
717 4438 891 4483 contr.
930 4437 1050 4481 emt.
1075 4437 1268 4492 (xvlll,
1303 4436 1372 4493 1.)
1407 4431 1489 4491 (ct.
1528 4435 1578 4477 et
1640 4433 1689 4477 in
1712 4434 1872 4477 locum
1892 4430 2042 4475 etiam
2064 4429 2363 4477 conterenda
2390 4434 2522 4487 sunt,-
2559 4441 2684 4487 quae
2704 4427 2766 4473 de
2798 4428 3003 4484 implen-

203 4494 248 4542 1..
269 4496 314 4542 7.
336 4499 390 4545 D.
416 4499 545 4547 eod.
568 4505 625 4545 et
655 4501 708 4547 L.
748 4497 859 4544 161.
880 4497 1025 4544 Dede
1048 4499 1308 4559 req.ju1·.)
1641 4496 1813 4541 darum
1856 4492 2188 4539 conditionum
2230 4492 2419 4538 ratione
2457 4504 2516 4539 ac
2550 4492 2696 4538 modo
2731 4492 3002 4547 generatim

254 4556 300 4615 7)
334 4561 383 4605 L.
404 4561 456 4607 0.
520 4576 567 4609 ι·.
618 4563 679 4608 D.
722 4560 868 4618 quib.
912 4571 984 4605 ea:
999 4570 1152 4609 caus.
1179 4560 1233 4607 ln
1253 4557 1576 4617 possession.
1642 4556 1978 4615 praecepimus
2000 4556 2025 4609 ς
2046 4552 2155 4601 109.
2716 4614 2724 4624 ·

201 4626 363 4669 eatur.
380 4625 480 4679 (xl.
576 4622 658 4680 4.)
681 4623 833 4669 -CL
857 4627 906 4668 et
930 4624 981 4668 1..
1004 4622 1054 4670 4.
1078 4635 1151 4681 pr.
1188 4626 1242 4671 D.
1269 4622 1336 4668 de
1358 4631 1580 4677 separa·
1708 4618 1787 4675 12)
1823 4620 1872 4663 L.
1896 4613 1975 4662 78.
2003 4629 2076 4673 pr.
2097 4616 2165 4663 de
2183 4617 2253 4662 V.
2277 4617 2465 4662 0.-L.
2489 4613 2568 4662 11.
2594 4616 2620 4669 S
2643 4613 2687 4661 1.
2712 4626 2762 4660 tn
2784 4614 2820 4659 t.
2844 4614 3008 4671 D.qui

204 4682 367 4731 noum.
391 4689 564 4741 (xtn,
589 4685 671 4743 6.)
1643 4685 1751 4738 poe.
1776 4681 1831 4727 in
1849 4678 1991 4738 pion.
2017 4682 2139 4736 (xx,
2161 4677 2292 4734 4.)--
2308 4681 2359 4726 L.
2385 4676 2464 4725 10.
2486 4679 2541 4723 D.
2563 4676 2630 4722 de
2649 4678 2808 4725 solut.
2830 4678 3008 4732 (XLVl,

256 4745 301 4803 8)
332 4749 359 4803 3
379 4748 431 4795 4.
458 4752 510 4795 in
534 4751 574 4795 1.
606 4751 646 4794 l.
677 4747 746 4795 de
768 4748 839 4794 V.
867 4748 925 4792 0.
952 4774 1004 4781 -
1030 4744 1157 4806 325.
1195 4748 1231 4791 l.
1257 4745 1325 4793 de
1360 4743 1582 4794 inutilib.
1646 4742 1715 4801 ὅ.)
1741 4743 1864 4788 -L.
1885 4739 1934 4786 8.
1960 4753 2032 4798 pr.
2059 4744 2113 4788 D.
2137 4742 2204 4787 de
2221 4751 2336 4796 per.
2368 4744 2420 4788 et
2443 4739 2713 4789 commodo
2743 4740 2823 4786 rei
2847 4738 3006 4785 vend.

205 4808 365 4866 stipat.
391 4837 458 4849 —
483 4813 539 4858 L.
567 4808 659 4857 57.
689 4813 743 4857 D.
767 4808 835 4856 dc
856 4809 927 4856 V.
954 4814 1012 4857 0.
1034 4838 1093 4845 —
1120 4811 1171 4855 L.
1200 4808 1308 4855 122.
1333 4811 1358 4861 ξ
1382 4812 1429 4854 2.
1463 4810 1512 4855 5.
1536 4806 1583 4853 5.
1650 4802 1937 4863 (xvlll„6.)
1964 4805 2105 4851 verb.
2129 4817 2140 4845 :
2173 4803 2384 4859 «Quodsi
2408 4803 2609 4849 ——in
2629 4801 2962 4861 praeteritum.
2981 4816 3004 4840 n

205 4868 245 4914 θ.
262 4874 376 4919 eod.
405 4899 469 4907 -
497 4877 554 4920 1..
582 4871 669 4919 15.
694 4874 749 4918 C.
773 4870 840 4917 de
862 4877 1031 4920 coner.
1056 4877 1112 4920 et
1129 4872 1381 4920 commite.
1407 4869 1580 4927 stipat.
1647 4869 1729 4925 (cf.
1755 4870 1781 4921 s
1802 4863 1910 4913 108.
1933 4871 2035 4914 not.
2056 4866 2145 4924 0.).
2161 4892 2214 4900 -
2231 4868 2338 4914 Vld.
2365 4871 2411 4913 et
2431 4867 2620 4926 supras
2642 4862 2754 4913 504.
2774 4869 2877 4911 not.
2897 4861 3009 4910 0.-·

208 4934 335 4995 (vul,
355 4932 464 4995 37.)
492 4962 554 4970 —
576 4935 661 4982 Cf.
692 4939 740 4980 et
764 4936 1019 4993 scriptores
1048 4940 1150 4983 not.
1192 4946 1298 4995 sqq.
1336 4935 1504 4982 excitt.
1524 4957 1584 4967 —-
1648 4931 1723 4979 Cl’.
1751 4933 1856 4977 not.
1878 4940 1981 4987 seq.
