3544 5506
2923 159 2936 177 ‘
3027 154 3064 213 ‘2-

2955 240 3046 275 ahs-'¹¹

1045 337 1183 382 cn.
1222 339 1313 382 lv.
1356 340 1430 382 nn
1466 336 1765 382 nannum
1803 331 2326 381 oliuo-Arioniam.
2972 314 3078 386 361

251 450 405 513 d‘em
422 497 441 525 ‚
488 453 624 528 iam
644 497 661 520 .
708 458 785 512 ut
815 463 892 512 ex
933 453 1141 511 mutui
1188 465 1385 515 eausa
1423 448 1597 526 apud
1637 450 2001 510 debitorem
2046 457 2493 521 remanerent,
2541 448 2842 511 convenit
2861 449 2946 527 6)ε
2992 444 3148 531 sier,

255 551 453 611 etiam
481 551 577 622 ei,
620 547 728 623 qui
756 549 1048 609 dominus
1076 564 1208 608 non
1246 557 1343 609 est
1390 564 1612 608 rerum
1657 552 2101 605 mutuaturum
2121 583 2142 615 ‚
2182 542 2450 619 obligari
2481 548 2800 620 accipiens
2828 542 3080 621 potest.
3130 540 3136 587 Γ
3209 558 3212 565 ’

256 647 617 705 dummodo
643 646 810 705 illius
837 645 1099 705 nomine
1119 646 1355 704 dentur
1382 645 1914 718 accipiantur-que
1937 657 2040 702 res
2067 640 2117 717 ⁷)
2142 663 2161 719 ς
2184 644 2377 718 quid?
2400 645 2574 717 quod
2601 660 2683 703 ne
2710 646 3081 718 accipientis

254 760 444 804 error
467 742 735 817 impedit
754 786 769 810 ,
802 758 933 817 quo
960 735 1173 801 minus
1197 742 1247 800 is
1268 786 1285 812 ,
1317 742 1502 815 euius
1531 739 1793 801 nomine
1825 741 2064 798 dantur
2085 755 2188 799 res
2207 783 2224 810 ‚
2259 741 2340 798 ad
2372 756 2482 799 eas
2510 742 2894 814 repetendas
2920 759 3081 803 eon-

255 842 542 904 dietione
561 839 659 902 uti
684 843 882 917 possit
904 840 1210 902 adversus
1236 843 1692 915 accipientem:
1715 847 1950 899 vocant
1971 834 2389 898 Iuventianam
2411 838 2908 914 condictionem).

930 1029 957 1102 5
983 1034 1125 1093 376.
1157 1030 1224 1097 Β)
1257 1029 1543 1107 Obliqatio
1568 1036 1623 1087 et
1648 1027 1800 1087 actio
1820 1043 1894 1086 ex
1921 1034 2121 1086 mutuo
2146 1025 2418 1087 oriunda.

337 1228 483 1296 Jam
530 1248 689 1296 vero
716 1249 795 1294 ex
840 1227 1050 1292 mutui
1077 1230 1342 1289 datione
1383 1243 1516 1287 non
1560 1226 1679 1285 nisi
1724 1228 1808 1285 ab
1842 1228 2044 1285 altera
2074 1233 2259 1299 parte
2287 1228 2590 1301 obligatio
2632 1229 2839 1288 oritur
2882 1233 3078 1303 atque

258 1335 462 1408 actio;
490 1333 629 1393 scil.
668 1326 828 1391 certi
858 1327 1186 1390 condictio
1202 1372 1219 1398 ,
1248 1341 1376 1398 qua
1406 1326 1467 1383 id
1491 1325 1766 1397 petitur,
1791 1330 1865 1382 ut
1891 1326 2280 1383 tantundem
2298 1323 2584 1401 ejusdem
2611 1326 2859 1398 generis
2881 1333 3080 1400 atque

258 1418 464 1503 seque
511 1432 756 1488 bonum
788 1429 1080 1487 solvatur
1101 1423 1181 1498 ι);
1213 1423 1407 1495 igitur
1446 1423 1530 1479 ad
1561 1421 1928 1493 reparanda
1956 1422 2194 1478 damna
2220 1462 2238 1489 ‚
2271 1436 2439 1494 quae
2466 1421 2530 1479 in
2559 1428 2962 1481 mutuantem
2996 1438 3077 1482 eo

258 1527 744 1594 tedundarunt‚
785 1524 959 1596 quod
989 1522 1055 1579 in
1092 1514 1381 1594 partibus
1421 1518 1548 1576 suis
1588 1517 1930 1589 implendis
1971 1523 2203 1575 mutuo
2238 1518 2397 1576 dans
2423 1519 2591 1577 male
2628 1526 2915 1577 versatus
2953 1520 3069 1591 sit,

262 1624 393 1681 aliis
425 1622 516 1680 illi
562 1622 822 1694 quidem
849 1620 1161 1679 utendum
1191 1617 1314 1676 erit
1348 1613 1735 1680 actionibus,
1770 1614 1949 1671 velut
1988 1614 2068 1672 de
2103 1614 2257 1673 dolo
2277 1656 2293 1683 ,
2323 1616 2425 1672 vel
2453 1630 2530 1672 ex
2559 1616 2698 1686 lege
2734 1616 2974 1688 Aquilia
2999 1612 3070 1691 ²).

264 1719 582 1797 Quoniam
612 1725 827 1776 autem
859 1731 931 1774 re
972 1728 1105 1773 non
1147 1712 1549 1772 contrahitur
1573 1754 1590 1782 ‚
1622 1709 1739 1768 nisi
1780 1716 2099 1782 quatenus
2135 1710 2356 1767 datum
2396 1717 2492 1768 est
2533 1710 2582 1785 (5
2613 1711 2756 1774 5⁴5.
2789 1719 2925 1771 not.
2956 1712 3069 1789 3.),

257 1818 551 1889 sequitur
571 1858 588 1886 ‚
617 1822 695 1872 ut
720 1829 799 1872 ea
834 1811 1094 1886 quidem
1123 1811 1379 1869 actione
1399 1850 1416 1877 ‚
1446 1822 1615 1882 quae
1641 1821 1722 1865 ex
1762 1814 1990 1865 mutuo
2020 1802 2444 1880 proficiscitur
2462 1849 2480 1880 ‚
2514 1821 2636 1866 nee
2676 1823 2913 1867 usurae
2956 1825 3070 1882 pe-

258 1917 481 1971 tantur
502 1909 579 1987 3).
628 1910 864 1989 Quodsi
891 1912 955 1966 in
984 1916 1212 1966 mutuo
1238 1905 1683 1965 contrahendo
1722 1904 1805 1961 de
1831 1904 2039 1962 usuris
2065 1899 2383 1962 solvendis
2412 1900 2583 1962 inter
2618 1910 2830 1977 partes
2860 1907 3067 1965 nomi-

258 2013 456 2072 natim
500 2010 807 2071 convenit
834 2009 1031 2086 (quod
1065 2007 1323 2080 quidem
1356 2004 1871 2077 stipulationibus
1900 1999 2039 2062 fieri
2077 2005 2458 2077 plerumque
2492 2018 2753 2063 necesse
2781 2004 2978 2081 erat),
3003 2007 3068 2066 in

255 2111 542 2170 foenoris
566 2116 868 2168 naturam
885 2114 952 2167 et
979 2121 1217 2167 nomen
1242 2103 1471 2164 transit
1499 2102 1832 2175 negotium
1853 2098 1920 2177 ⁴).

752 2288 778 2361 §
803 2287 944 2348 577.
976 2285 1036 2351 C)
1068 2283 1355 2358 Quomodo
1364 2286 1612 2364 pecunia
1636 2295 1837 2346 mutuo
1863 2286 2006 2346 data
2028 2284 2316 2346 reddenda
2338 2287 2415 2346 sit
2436 2287 2510 2364 (Ἴ
2530 2289 2560 2344 i

341 2487 716 2558 Singulatim
748 2492 968 2545 autem
990 2488 1071 2544 de
1097 2501 1174 2544 ea
1201 2484 1577 2559 quaestione
1604 2499 1621 2536 ε
1660 2486 1989 2558 quomodo
2024 2486 2300 2558 pecunia
2327 2492 2554 2545 mutuo
2580 2488 2897 2546 collocata
2918 2490 3062 2547 red·

255 2582 466 2642 denda
515 2579 644 2641 sit?
685 2585 846 2642 haec
875 2584 1059 2643 nobis
1090 2578 1486 2657 potissimum
1529 2596 1666 2641 esse
1700 2581 2156 2655 praecipienda
2185 2582 2523 2641 videntur:
2565 2580 2629 2658 1)
2671 2585 2980 2660 Quoniam
3003 2586 3070 2644 in

258 2680 531 2753 pecunia
552 2687 785 2739 mutuo
806 2680 959 2739 data
984 2696 1119 2739 non
1147 2679 1438 2751 corporis
1467 2685 1532 2737 et
1555 2679 1790 2751 speciei
1833 2679 1999 2737 ratio
2022 2679 2293 2737 habetur
2310 2722 2328 2757 ‚
2376 2682 2485 2739 sed
2507 2681 2694 2753 pretii
2736 2688 2931 2758 atque
2961 2697 3069 2740 ae-

265 2777 649 2835 stimationis
681 2776 747 2851 ¹),
776 2777 1066 2850 sequitur
1084 2818 1101 2846 ‚
1132 2783 1208 2835 ut
1227 2771 1420 2834 etiam
1449 2776 1612 2834 aliae
1635 2753 1978 2835 numerum
2003 2775 2281 2852 formae,
2314 2793 2508 2850 quam
2533 2794 2700 2851 quae
2729 2781 2918 2837 datae
2946 2780 3073 2838 sint

258 2879 434 2935 reddi
466 2878 716 2950 possint
736 2873 1070 2938 solutionis
1095 2879 1241 2936 loeo
1262 2872 1343 2945 ²),
1380 2873 1498 2935 nisi
1523 2884 1637 2935 aut
1665 2879 1896 2936 eodem
1923 2893 2060 2936 esse
2088 2894 2435 2936 numorum
2467 2894 2701 2950 genere
2733 2876 3071 2953 pecuniam

255 2979 721 3038 restituendam
741 2980 1042 3037 convenit
1072 2975 1141 3053 ³),
1171 2985 1286 3037 aut
1315 2981 1638 3053 reprobati
1660 2987 1811 3038 sunt
1839 2981 2015 3037 numi
2046 2980 2127 3038 ab
2150 2996 2350 3038 usuve
2379 2988 2783 3040 recesserunt
2810 2997 2891 3041 eo
2923 2982 3068 3053 loci,

257 3074 359 3131 ubl
389 3077 679 3148 petenda
709 3077 1142 3149 solvendaque
1174 3076 1449 3150 pecunia
1486 3083 1582 3134 est
1610 3071 1695 3150 ⁴),
1729 3083 1847 3133 aut
1884 3076 2259 3147 legislatoris
2297 3077 2561 3135 decreto
2598 3078 2950 3136 coercitum
2974 3085 3072 3137 est

314 3277 363 3326 6>
396 3282 450 3327 L.
474 3279 528 3329 9.
552 3285 580 3340 s
619 3279 672 3329 9.
711 3283 764 3327 L.
798 3280 876 3330 15.
901 3284 952 3329 ln
973 3283 1011 3329 f.
1055 3285 1113 3330 D.
1150 3283 1201 3329 lt.
1239 3286 1275 3329 t.
1295 3308 1349 3316 —
1372 3286 1432 3329 At
1463 3282 1632 3329 itidem
1694 3282 1802 3328 ehu
1821 3281 2014 3327 observ.
2040 3280 2101 3327 ad
2118 3284 2199 3338 jus
2223 3281 2360 3327 Rom.
2386 3283 2528 3327 decas
2557 3284 2708 3327 altera
2750 3281 2924 3338 (Lugd.
2969 3286 3071 3336 Bet.

257 3343 382 3388 aliud
413 3347 616 3391 videtur
648 3342 900 3393 Africanus
934 3348 1212 3406 praecipere
1248 3347 1300 3392 L.
1341 3343 1422 3393 34.
1457 3357 1532 3403 pr.
1577 3347 1630 3392 D.
1698 3343 1863 3401 1723.)
1904 3357 1946 3391 c.
1982 3345 2059 3389 13.
2103 3343 2177 3391 14.
2209 3369 2265 3377 -
2294 3345 2435 3392 Voet
2453 3346 2513 3391 ad
2553 3346 2651 3391 Tit.
2695 3345 2846 3390 Pand.
2872 3344 3071 3397 der-eb.

259 3407 520 3454 mandati.
546 3430 604 3439 —·
627 3406 708 3453 Cf.
729 3407 891 3455 Glt‘ae'ck
912 3409 948 3454 l.
970 3410 1005 3454 l.
1030 3423 1078 3469 p.
1104 3407 1235 3456 12—
1255 3406 1332 3454 18.
1696 3407 1886 3455 credlt.
1916 3410 1941 3464 3
1980 3404 2060 3453 94.
2105 3406 2185 3454 25.
2210 3429 2272 3441 —-
2294 3404 2554 3453 Αυεναηὶὶ
2575 3409 2781 3465 interpr.
2823 3407 2955 3454 Libr.
2989 3412 3068 3458 lll.

315 3467 363 3529 7)
400 3471 453 3515 L.
476 3468 526 3518 2.
546 3467 638 3524 34.
665 3470 719 3515 1..
742 3469 818 3517 15.
845 3473 899 3517 D.
919 3471 971 3516 Ιι.
997 3475 1033 3518 t.
1057 3497 1119 3506 —
1138 3472 1215 3519 Cf.
1242 3468 1493 3520 Auctoris
1522 3470 1636 3517 Ces·
1699 3483 1744 3517 c.
1768 3468 2480 3526 12—14.—-Pufendorsdej.
2503 3482 2553 3515 n.
2575 3476 2679 3527 εις.
2703 3469 2804 3514 Lib.
2822 3472 2878 3515 V.
2902 3482 2945 3516 e.
2969 3473 3069 3521 vll.

261 3529 363 3578 sion
382 3535 409 3589 5
435 3530 516 3579 11.
544 3545 625 3579 nr.
642 3533 683 3578 l.
1690 3535 1716 3588 S
1737 3530 1786 3579 5.
1812 3530 1863 3579 7.
1888 3540 1938 3580 et
1964 3533 2270 3591 Barbeyrac
2288 3534 2350 3578 ad
2373 3533 2423 3579 b.
2452 3532 2794 3591 l.—Potlu'er‚
2817 3534 2984 3579 Traite
3005 3534 3073 3582 du

318 3593 367 3654 8)
398 3596 610 3654 Propter
631 3596 686 3640 L.
709 3594 790 3640 32.
814 3596 872 3641 D.
894 3595 945 3642 Ιι.
972 3598 1030 3655 1.,
1053 3599 1234 3657 quippe
1252 3607 1377 3656 quae
1407 3596 1632 3642 desumta
1694 3599 1818 3654 pret.
1843 3597 1924 3644 Nr.
1945 3595 2008 3642 36
2029 3609 2135 3654 sqq.
2163 3622 2218 3631 ——-
2242 3598 2298 3644 J.
2329 3597 2415 3642 ΤΙι.
2438 3598 2602 3654 Seqer
2620 3599 2680 3641 de
2703 3601 2892 3640 mutato
2912 3598 3075 3645 valore

259 3659 316 3706 sit
335 3671 362 3704 e
381 3658 508 3704 Celsi
530 3658 656 3705 .Lib.
681 3655 729 3704 5.
751 3657 853 3715 Dig.
869 3683 926 3691 —-
951 3657 1028 3706 Cf.
1051 3662 1105 3708 J.
1129 3661 1188 3708 L.
1215 3659 1443 3707 conradi
1464 3658 1525 3705 de
1544 3659 1633 3704 Ju·
1695 3665 1923 3706 monetae
1949 3662 1997 3705 ln
2022 3660 2347 3706 solutionibus
2369 3659 2673 3706 aestimando
2695 3658 2882 3715 (opusc.
2905 3660 3011 3704 Vol.
3034 3663 3070 3707 l.

258 3724 478 3769 ventiana
489 3721 826 3776 condictione,
837 3721 932 3769 ret.
944 3721 1100 3770 Marb.
1115 3720 1256 3770 1774.
1705 3722 1902 3778 Erlang.
1922 3720 2062 3768 1788.
2087 3734 2161 3767 nr.
2188 3723 2307 3780 lv.).
2325 3747 2386 3756 —-
2408 3724 2470 3767 Ε.
2491 3720 2754 3768 Schrader
2770 3721 2916 3776 (resp.
2941 3721 3077 3781 Fet-r)

1705 3786 1844 3843 quid,
1862 3786 2026 3832 debito
2046 3786 2327 3842 pecuniario
2349 3791 2621 3840 contracto,
2647 3785 2932 3843 praesertim
2964 3796 3074 3830 mu-

856 3837 882 3901 έ
914 3843 1025 3895 576.
1693 3847 1927 3894 tationib.
1948 3850 2075 3894 circa
2098 3849 2352 3905 pecuniam
2373 3847 2573 3894 interim
2598 3846 2765 3898 factis,
2789 3848 3076 3895 solvendum

1692 3911 1775 3956 sit.
1811 3910 2022 3968 Tubing.
2071 3908 2210 3957 1814.
2239 3912 2377 3956 -Β,
2419 3909 2512 3956 W.
2547 3906 2768 3963 Pfet'ffer
2806 3909 3076 3965 practische

322 3970 365 4028 1)
388 3973 469 4018 Pr.
499 3973 537 4018 1.
562 3969 618 4017 Ιι.
641 3973 679 4017 t.
704 3996 766 4004 —
790 3970 843 4016 1..
862 3967 913 4017 9.
936 3983 1013 4029 pr.
1046 3974 1103 4019 D.
1129 3972 1181 4019 lt.
1206 3973 1244 4018 t.
1270 3972 1386 4028 (vid.
1408 3976 1457 4017 et
1474 3973 1500 4027 ς
1517 3968 1629 4018 375.
1698 3972 2074 4030 Ausfuhrungen
2099 3983 2186 4019 aus
2218 3975 2345 4019 allen
2367 3971 2570 4017 Theilen
2612 3972 2700 4016 der
2724 3974 2777 4016 R.
2802 3971 2883 4015 W.
2909 3970 3011 4023 (Bd.
3036 3974 3074 4019 l.

260 4040 357 4080 not.
381 4033 759 4091 1.).-Vocatur
774 4033 921 4079 etiam
944 4037 1097 4081 mutui
1118 4035 1248 4081 actio
1270 4036 1319 4080 L.
1345 4031 1393 4079 5.
1416 4035 1469 4081 C.
1491 4033 1634 4093 quib.
1703 4038 1924 4083 Hannov.
1951 4033 2112 4092 1825.)
2142 4048 2220 4082 nr.
2245 4036 2344 4081 Vll.
2371 4047 2418 4091 p.
2441 4032 2498 4079 51
2538 4045 2647 4090 sqq.
2674 4057 2728 4065 ——
2746 4034 2822 4079 Cf.
2843 4037 2892 4077 et
2914 4035 3076 4082 Gluck

264 4107 365 4144 non
382 4098 485 4155 θίν’.
502 4097 541 4145 1.
565 4100 608 4142 t.
630 4097 859 4152 pr.(V11‚
880 4093 1054 4154 354—
1076 4097 1151 4143 Cf.
1174 4102 1225 4143 et
1248 4099 1300 4144 L.
1318 4094 1367 4143 9.
1390 4096 1508 4143 Cdt.
1534 4099 1569 4143 l.
1700 4097 1852 4146 Pand.
1880 4098 1978 4144 xn.
2001 4100 2026 4153 s
2047 4095 2158 4143 783.
2185 4110 2234 4156 p.
2257 4096 2320 4143 63
2341 4108 2447 4153 sqq.

320 4160 369 4210 2)
400 4162 510 4208 vid.
534 4156 837 4216 Hoepsneri
857 4158 1128 4206 Commeat.
1151 4157 1304 4216 5769.
1331 4172 1405 4205 nr.
1433 4160 1479 4206 1.
1765 4162 1812 4216 1)
1847 4160 1899 4203 L.
1931 4159 1970 4205 1.
1999 4162 2052 4206 D.
2075 4159 2141 4205 de
2163 4164 2340 4206 contr.
2356 4161 2476 4205 emt.
2499 4156 2684 4217 (xvlll,
2710 4158 2842 4215 1.)-
2863 4157 2917 4202 L.
2946 4157 2996 4205 3.
3021 4161 3077 4206 D.

323 4225 368 4279 3)
401 4225 454 4270 1..
478 4221 530 4269 9.
560 4235 638 4281 pr.
665 4224 717 4267 ln
741 4223 778 4267 f.
800 4222 856 4266 D.
879 4221 932 4268 Ιι.
953 4225 990 4268 t.
1017 4245 1073 4253 -
1097 4222 1171 4267 Cf.
1197 4223 1250 4268 L.
1273 4219 1322 4268 9.
1343 4223 1369 4276 s
1393 4219 1632 4267 1.eod.-—
1698 4222 1751 4270 Ιι.
1778 4226 1814 4269 l.
1836 4222 1961 4280 (ΧΗ,
1987 4219 2388 4279 l.)—Scl1rader
2400 4233 2440 4266 ι.
2461 4219 2580 4265 Fels
2602 4221 2637 4266 1.
2664 4223 2697 4265 l.
2718 4221 2743 4275 S
2767 4219 3080 4276 1⁴.—Pseif·

267 4286 413 4341 Quid?
433 4288 571 4345 quod
596 4297 659 4329 ne
684 4285 749 4330 ob
780 4293 967 4329 moram
1002 4286 1201 4342 quidem
1224 4297 1252 4330 a
1274 4284 1492 4330 debitore
1525 4295 1637 4329 eon·
1698 4284 1790 4340 ser
1815 4287 1848 4330 l.
1873 4285 1906 4328 1.
1933 4282 2026 4338 37.

268 4354 463 4395 tractam
484 4358 668 4393 usurae
691 4348 789 4403 peti
809 4350 1052 4405 poterant,
1073 4347 1313 4404 siquidem
1337 4346 1495 4392 mutui
1518 4346 1642 4391 obli·
1769 4348 1818 4407 2)
1854 4349 1965 4403 Arg.
1988 4347 2039 4391 L.
2059 4342 2141 4390 99.
2163 4346 2215 4390 D.
2241 4345 2308 4390 de
2325 4345 2480 4391 solue.
2507 4342 2693 4398 (XLVI,
2712 4343 2783 4398 3.)
2803 4372 2862 4381 -
2882 4346 3012 4404 (vid.
3032 4352 3081 4394 et

267 4414 389 4469 gatio
408 4411 472 4457 ad
495 4413 668 4456 stricta
690 4414 799 4454 erat
820 4408 1074 4455 referenda
1082 4410 1283 4464 judicia.
1304 4408 1437 4464 Quod
1449 4408 1645 4467 quidem
1707 4412 1914 4458 Seneca
1931 4410 1989 4453 de
2014 4408 2179 4454 benef.
2202 4409 2282 4465 vl,
2305 4407 2438 4464 fv.)-
2462 4403 2729 4453 Schrader
2747 4408 2780 4451 l.
2803 4412 2837 4456 1.
2861 4423 2910 4468 p,
2930 4409 2988 4456 51
3005 4422 3081 4470 oq,

266 4471 400 4521 bodie
419 4485 563 4519 secus
576 4482 686 4516 esse
710 4483 787 4515 vix
807 4474 901 4528 est,
922 4470 1052 4530 quod
1076 4483 1378 4519 moneamus.
1705 4477 1754 4518 et
1776 4475 1802 4528 5
1824 4473 1903 4518 20.
1929 4474 1994 4528 (p.
2016 4469 2078 4515 58
2101 4467 2555 4527 sq.l.—Pseifferl.
2583 4470 2615 4514 l.
2637 4469 2662 4523 s
2684 4465 2733 4513 7.
2755 4474 2806 4514 et
2825 4475 2850 4528 ς
2869 4474 2917 4519 υ.
2934 4485 3013 4520 nr.
3033 4475 3081 4520 1.

322 4534 367 4594 4)
402 4536 515 4583 vid.
542 4534 868 4581 Erinomae
886 4534 943 4581 V.
960 4533 1010 4579 5.
1031 4547 1146 4582 voce
1166 4532 1381 4594 foenus,
1405 4538 1455 4580 et
1473 4531 1543 4579 cf.
1565 4544 1642 4578 su·
1705 4558 1766 4568 —
1785 4536 1846 4581 Ca
1857 4541 1923 4579 et.
1946 4533 2010 4578 cf.
2034 4535 2223 4589 allgem.
2249 4531 2520 4577 Landrecht
2538 4529 2618 4577 fur
2639 4527 2718 4578 die
2737 4530 2928 4583 Proust.
2951 4537 3086 4583 Staa.

268 4610 346 4657 pra
362 4603 389 4658 3
409 4597 527 4646 229.
563 4603 677 4643 not.
700 4592 751 4640 8.
772 4600 821 4640 et
840 4601 945 4642 not.
972 4596 1051 4644 10.
1707 4603 1789 4644 ten
1813 4597 1904 4643 Th.
1935 4598 1969 4642 t.
1997 4597 2096 4641 Tit.
2121 4597 2198 4641 xl.
2220 4597 2245 4652 S
2266 4592 2362 4641 778
2383 4607 2459 4652 sq.

1770 4658 1818 4716 5)
1853 4657 2124 4707 Schrader
2143 4660 2169 4714 5
2190 4654 2268 4705 14.
2306 4658 2375 4716 (p.
2399 4656 2464 4705 40
2484 4660 2641 4718 sqq.).
2671 4683 2725 4691 —
2750 4657 2973 4716 Psec’ffer
2991 4660 3017 4715 ς
3034 4657 3082 4707 9.

876 4722 904 4776 S
936 4718 1047 4768 377.
1709 4736 1788 4770 nr.
1813 4721 1861 4768 Ξ.
1889 4746 1944 4754 -
1969 4721 2044 4766 Cl'.
2086 4721 2263 4767 Landr.
2298 4721 2334 4766 f.
2374 4722 2454 4768 die
2498 4724 2691 4768 Preuss.
2736 4722 2934 4769 Staaten
2975 4724 3009 4768 l.
3051 4725 3085 4769 l.
3107 4765 3110 4768 ,

321 4849 377 4907 (“)
408 4850 445 4896 13
468 4847 774 4906 scriptorum
798 4856 1022 4904 numero,
1044 4846 1127 4904 qui
1149 4845 1281 4893 banc
1309 4849 1647 4904 quaestionem
1709 4787 1735 4840 S
1754 4782 2014 4904 713817ἓῖ
2037 4847 2062 4901 S
2083 4847 2131 4892 1.
2165 4847 2219 4892 D.
2263 4844 2330 4893 de
2370 4845 2520 4908 piqn.
2564 4853 2672 4895 act.
2719 4850 2861 4904 (xlll
2887 4833 2967 4902 (7.
2990 4849 3006 4902 )
3028 4869 3089 4879 —-

261 4915 654 4972 pertractarunt,
677 4909 904 4967 inprimis
921 4914 1034 4955 sunt
1049 4911 1335 4956 nominandi
1359 4923 1369 4952 :
1396 4913 1453 4958 Β.
1484 4912 1649 4956 Bran·
1711 4909 1983 4957 Schrader
2000 4911 2034 4957 l.
2060 4912 2093 4956 l.
2119 4911 2145 4966 ς
2166 4905 2215 4954 8.
2240 4909 2293 4955 ln
2311 4909 2345 4955 f.
2374 4913 2441 4969 (p.
2466 4911 2567 4971 22.)
2584 4914 2610 4967 s
2632 4908 2710 4959 24.
2741 4913 2812 4971 (p.
2837 4906 3085 4967 67-69.).

2660 5007 2739 5064 46
