3544 5506
521 349 631 405 188
1399 364 1550 404 rans
1588 362 1743 403 srssc.
1787 363 1903 404 mn.
1948 364 1989 404 t.
2032 363 2107 404 m:
2145 363 2446 406 pensoms.

518 468 716 536 blica,
755 466 1093 538 municipia
1133 467 1492 538 horumque
1531 462 1764 525 similes
1807 466 2096 525 civitates
2122 464 2199 542 ¹),
2236 464 2456 525 curiae
2483 469 2870 541 omninoque
2898 483 3166 536 eorum,
3208 474 3320 541 qui

517 567 580 622 in
610 565 820 623 officio
863 564 1118 636 publico
1143 571 1292 621 sunt
1320 564 1763 620 universitates
1790 606 1805 634 ‚
1856 564 2135 635 denique
2175 563 2512 621 societates
2557 560 2911 636 ejusmodi,
2958 580 3130 636 quae
3162 581 3323 637 prae

518 661 788 719 caeteris
827 666 1140 717 vocantur
1178 655 1468 730 collegia.
1507 658 1817 734 Quoniam
1860 673 2018 716 vero
2065 658 2126 715 in
2164 658 2325 731 juris
2370 661 2593 731 privati
2636 655 2961 731 disciplina
3004 661 3088 716 de
3121 660 3325 717 totius

515 757 758 828 imperii
790 751 1117 827 republica
1143 756 1294 812 satis
1318 756 1468 822 erit,
1517 769 1597 812 eo
1619 752 1684 811 in
1716 756 1864 811 loco
1902 754 2151 822 dicere,
2184 754 2291 826 qui
2316 761 2412 811 est
2437 756 2676 827 dejure
2705 756 2834 812 fisci
2868 756 3128 830 (5202.)
3149 797 3165 821 ,
3201 756 3323 813 hac

512 852 766 925 quidem
813 853 1033 910 relicta
1059 852 1191 925 jam
1247 853 1328 908 de
1374 850 1632 921 reliquis
1686 850 2045 919 videamus,
2072 849 2209 924 ,hoc
2258 856 2447 920 pacto
2469 894 2485 920 ,
2543 856 2611 907 ut
2650 850 2823 922 prius
2865 866 3097 908 eorum
3145 858 3323 909 trac-

512 949 755 1006 tatione
779 947 990 1005 habita
1015 995 1030 1020 ‚
1073 947 1330 1020 quaein
1355 960 1575 1004 omnes
1603 951 1715 1002 aut
1736 951 1915 1003 certe
1957 944 2020 1000 in
2045 946 2384 1017 plerasque
2409 946 2797 1003 conveniant
2832 947 3280 1005 universitates
3298 990 3317 1016 ,

510 1048 591 1104 ad
625 1063 699 1105 ca
728 1042 1028 1120 deinceps
1055 1061 1417 1120 pergamus,
1443 1062 1610 1118 quae
1640 1044 1897 1115 singulis
1923 1045 2183 1116 propria
2214 1051 2385 1102 sunt.
2415 1049 2634 1117 ltaque
2667 1049 2695 1103 1
2720 1049 2738 1117 )
2766 1053 2836 1103 ut
2862 1049 2983 1104 rite
3012 1046 3325 1103 ineantur

509 1148 951 1205 universitates
979 1147 1520 1219 perficianturque
1541 1190 1556 1214 ‚
1599 1148 1697 1203 vel
1731 1146 1881 1217 legis
1910 1146 2295 1204 auctoritate
2320 1146 2417 1203 vel
2449 1146 2817 1218 imperantis
2849 1147 3120 1204 decreto
3154 1163 3323 1219 opus

507 1251 604 1302 est
634 1240 703 1317 2).
753 1245 813 1315 2)
838 1246 1107 1310 Jurium,
1136 1244 1362 1315 quibus
1391 1245 1592 1299 utitur
1613 1242 2011 1308 universitas,
2036 1243 2158 1298 alia
2184 1241 2484 1298 dicuntur
2513 1242 2876 1312 originaria,
2912 1241 3040 1299 alia
3070 1240 3322 1301 adven·

508 1339 670 1399 titia.
700 1343 767 1396 ln
801 1339 1058 1397 illorum
1084 1353 1352 1396 numero
1376 1343 1559 1402 sunt,
1608 1344 1673 1395 et
1710 1338 1791 1395 de
1817 1338 2008 1394 rebus
2040 1337 2166 1394 suis
2193 1337 2617 1395 communiter
2657 1337 2975 1396 statuendi
3003 1337 3317 1407 facultas,

506 1434 749 1498 scilicet
770 1445 1084 1512 quatenus
1127 1454 1256 1496 non
1282 1438 1763 1509 refragaturjus
1793 1437 2114 1509 publicum
2142 1432 2187 1508 ³)
2212 1479 2227 1507 ,
2268 1442 2334 1493 et
2365 1438 2629 1495 omnino
2660 1432 2876 1494 omnia
2904 1437 3042 1495 fere
3085 1440 3321 1508 agendi

507 1540 966 1611 obtinendique
990 1582 1005 1608 ,
1032 1554 1457 1610 quaecunque
1502 1539 1582 1595 ad
1610 1538 1890 1607 singulos
1914 1536 2202 1594 homines
2233 1537 2394 1593 citra
2423 1531 2697 1607 speciale
2738 1535 3137 1608 privilegium
3175 1553 3323 1610 per-

511 1636 719 1692 tinere
745 1635 949 1692 solent
971 1629 1049 1709 ⁴);
1075 1640 1469 1706 quapropter
1493 1648 1613 1690 nec
1642 1633 1723 1689 de
1752 1646 1832 1689 eo
1860 1631 2318 1701 dubitandum,
2350 1616 2503 1704 quin
2536 1631 2640 1704 jus
2668 1626 3015 1702 sigillorum
3046 1634 3321 1705 impres-

505 1730 683 1789 sione
724 1731 986 1788 decreta
1030 1729 1354 1787 muniendi
1402 1724 1989 1800 confirmandique,
2022 1743 2136 1783 sua
2179 1733 2406 1799 sponte
2449 1726 2857 1784 tribuendum
2895 1728 2975 1785 sit
2995 1729 3320 1787 universi-

511 1825 627 1883 tati
656 1827 729 1900 5).
762 1828 832 1884 1¹11
863 1826 1218 1883 adventitiis
1241 1840 1316 1882 ea
1337 1825 1486 1898 jura
1515 1824 1812 1881 habenda
1843 1828 1989 1879 sunt
2014 1863 2030 1889 ,
2082 1837 2247 1894 quae
2297 1822 2490 1879 etiam
2518 1824 2772 1893 singulis
2797 1823 3164 1880 hominibus
3187 1841 3319 1883 nou

507 1922 622 1980 nisi
649 1938 725 1981 ex
749 1922 897 1996 jure
926 1922 1228 1993 singulari
1256 1928 1620 1993 competere
1648 1925 1948 1991 possunt,
1978 1924 2050 1974 ut
2086 1918 2477 1994 jurisdictio,
2511 1925 2584 1974 ut
2601 1918 2703 1991 jus
2743 1919 2873 1976 sisci
2893 1961 2910 1994 ‚
2936 1926 3007 1977 ut
3033 1927 3310 1980 statuto·

505 2039 645 2080 rum
681 2022 998 2094 legalium,
1030 2037 1195 2094 quae
1219 2028 1484 2089 vocant,
1518 2020 1833 2077 condendi
1859 2017 2122 2076 facultas
2146 2016 2220 2093 ⁶),
2253 2025 2324 2075 ut
2354 2034 2623 2075 onerum
2658 2019 3065 2091 publicorum
3085 2020 3319 2080 immu-

505 2120 736 2176 nitates
756 2162 772 2189 ‚
800 2125 866 2176 et
899 2133 1066 2191 quae
1091 2134 1167 2175 ex
1197 2133 1276 2175 eo
1304 2131 1537 2189 genere
1567 2115 1789 2174 similia
1818 2121 1967 2172 sunt
1999 2111 2066 2191 ⁷).
2115 2115 2180 2187 5)
2207 2115 2597 2186 collegarum
2641 2111 3101 2189 sociorumque
3155 2134 3312 2177 coo·

508 2215 708 2287 ptatio
754 2229 873 2287 pro
916 2214 1163 2270 diversa
1203 2214 1683 2271 universitatum
1707 2217 1936 2267 natura
1969 2215 2163 2283 atque
2194 2207 2443 2281 indole,
2490 2228 2664 2268 nunc
2706 2212 2769 2268 in
2814 2212 3314 2284 originariorum

496 2314 737 2387 jurium
769 2329 1107 2371 numerum
1139 2314 1472 2371 referenda
1501 2318 1621 2387 est,
1651 2312 1811 2368 utin
1837 2310 2134 2383 opiticum
2156 2309 2463 2381 collegiis,
2497 2312 2756 2368 nuncin
2781 2311 3312 2374 adventitiorum.

502 2417 578 2468 At
611 2411 886 2484 verojus
925 2409 1296 2467 excludendi
1334 2409 1580 2466 sodales
1612 2423 1645 2463 a
1689 2406 1935 2477 collegii
1967 2407 2293 2464 consortio
2329 2423 2460 2464 non
2500 2408 2693 2464 habet
2722 2408 3104 2467 universitas
3129 2450 3148 2479 ,
3199 2412 3315 2470 nisi

502 2517 614 2566 aut
635 2509 1096 2583 jurisdictione,
1129 2515 1240 2565 aut
1263 2515 1477 2581 pacto.
1527 2508 1589 2581 4)
1617 2508 1849 2584 Quodsi
1871 2514 2223 2565 conventus
2245 2506 2505 2566 ineundi
2536 2509 2926 2581 decretaque
2955 2511 3314 2569 sancienda

502 2616 673 2684 sunt,
702 2615 832 2666 tum
857 2649 872 2675 ‚
898 2607 1013 2664 nisi
1036 2609 1115 2666 de
1147 2609 1270 2664 alia
1293 2622 1508 2665 rerum
1536 2606 1976 2664 communium
2010 2607 2520 2680 peragendarum
2543 2607 2749 2666 forma
2772 2623 2846 2665 ac
2872 2610 3129 2668 ratione
3160 2626 3317 2669 cou-

500 2711 653 2782 stet‚
689 2713 800 2763 aut
825 2706 1001 2763 statis
1031 2710 1141 2761 aut
1176 2703 1420 2762 indictis
1451 2704 1672 2761 diebus
1690 2742 1706 2770 ‚
1741 2704 1909 2761 duae
1934 2702 2015 2760 ad
2034 2702 2363 2762 minimum
2387 2703 2809 2762 universitatis
2834 2711 3050 2777 partes
3075 2708 3313 2779 adsint,

502 2811 697 2877 atque
718 2821 792 2863 ex
822 2804 1260 2878 praesentibus
1294 2803 1713 2876 plurimorum
1740 2803 2042 2874 suffragia
2074 2805 2137 2861 in
2169 2821 2369 2861 unum
2392 2800 2802 2863 consentiant
2830 2821 3095 2865 necesse
3127 2814 3227 2865 est
3240 2807 3312 2879 8).

504 2907 641 2979 Quo
666 2905 921 2979 quidem
953 2904 1148 2972 facto,
1183 2902 1246 2959 hi
1270 2918 1552 2976 quoque,
1585 2904 1691 2975 qui
1719 2904 1815 2960 vel
1846 2918 1976 2961 non
2003 2903 2351 2980 adfuerint,
2383 2906 2480 2962 vel
2511 2904 2938 2977 dissenserint,
2966 2907 3314 2965 decretum

502 3004 930 3062 universitatis
952 3006 1041 3063 sic
1065 3047 1080 3074 ,
1139 3011 1461 3076 tamquam
1492 3004 1539 3061 si
1566 3017 1787 3060 omnes
1811 3017 1886 3059 ac
1910 3003 2135 3073 singuli
2166 3003 2229 3059 in
2254 3003 2420 3060 idem
2457 3005 2935 3077 convenissent,
2963 3008 3314 3065 observare

500 3108 696 3175 atque
742 3105 1007 3176 implere
1054 3105 1324 3179 debent,
1375 3110 1644 3161 eatenus
1686 3103 1959 3173 scilicet,
2014 3104 2226 3175 quoad
2270 3104 2689 3176 plurimorum
2737 3106 3046 3177 placitum
3095 3121 3315 3178 neque

503 3203 904 3276 publicojuri
944 3205 1353 3268 adversetur,
1392 3219 1511 3262 nec
1545 3205 1943 3276 singulorum
1960 3203 2109 3276 jura
2144 3203 2428 3262 offendat
2455 3203 2542 3276 ⁹).
2574 3199 2757 3276 Quae
2792 3212 3012 3262 tamen
3043 3206 3319 3265 offensio

502 3318 633 3360 non
660 3318 739 3361 eo
759 3304 894 3360 solo
923 3306 1240 3374 cernitur,
1293 3304 1465 3375 quod
1505 3303 1673 3361 forte
1694 3346 1710 3377 ‚
1741 3305 1849 3375 qui
1884 3303 2284 3372 dissentiunt,
2322 3309 2434 3360 aut
2456 3303 2536 3359 de
2563 3318 2679 3362 suo
2703 3305 2943 3377 aliquid
2973 3305 3039 3361 in
3082 3320 3308 3362 arcam

502 3413 905 3456 communem
937 3398 1173 3456 inferre
1193 3442 1209 3467 ,
1246 3406 1360 3456 aut
1392 3400 1642 3473 juribus
1676 3399 1956 3471 alioquin
1984 3400 2064 3456 ad
2095 3415 2160 3456 se
2189 3399 2649 3470 pertinentibus
2678 3399 2912 3459 cedere
2942 3408 3311 3471 coguntur,

499 3497 847 3555 dummodo
888 3512 1009 3554 nec
1043 3498 1231 3555 finem
1259 3498 1655 3555 universitati
1704 3498 2103 3569 propositum
2143 3513 2396 3569 egressa
2438 3498 2517 3555 sit
2563 3499 2769 3572 major
2816 3500 3315 3558 decernentium

503 3611 683 3670 pars,
709 3611 829 3654 nec
849 3596 930 3653 de
959 3597 1149 3653 rebus
1182 3597 1575 3670 negotiisque
1609 3597 1907 3655 statuerit
1931 3598 2268 3671 ejusmodi,
2306 3614 2472 3671 quae
2495 3614 2531 3655 a
2556 3598 2702 3671 J‘ure
2733 3613 2809 3656 ac
2838 3600 2965 3655 fine
2993 3600 3319 3658 universi-

499 3691 647 3749 tatis
675 3707 934 3764 prorsus
957 3691 1168 3749 aliena
1193 3699 1344 3750 sunt
1369 3691 1461 3764 ¹⁰).
1508 3691 1568 3766 ὃ)
1601 3694 1813 3765 Neque
1836 3708 1992 3750 vero
2034 3694 2664 3765 praetermittendum
2692 3701 2794 3751 est
2819 3738 2837 3769 ‚
2881 3697 3059 3767 quod
3082 3697 3169 3753 ad
3197 3696 3314 3754 for·

502 3804 672 3847 mam
693 3791 935 3849 adlinet
959 3797 1152 3863 atque
1185 3792 1507 3862 ordinem,
1550 3807 1680 3862 quo
1718 3807 1823 3850 res
1848 3793 2233 3866 negotiaque
2255 3795 2744 3853 universitatum
2773 3796 3020 3864 agenda
3053 3804 3211 3855 sunt
3233 3812 3310 3854 ac

501 3890 895 3949 moderanda
917 3932 933 3958 ,
977 3886 1130 3949 alias
1161 3892 1415 3963 quidem
1439 3890 1880 3949 universitates
1911 3893 2102 3950 certis
2130 3894 2222 3949 uti
2252 3895 2659 3958 antistitibus.
2696 3892 3186 3968 formulamque
3210 3913 3309 3954 re—

503 3983 747 4055 giminis
772 3994 1014 4045 certam
1043 3987 1281 4045 habere
1303 4001 1378 4045 ac
1400 3987 1725 4045 definitam
1744 4030 1759 4057 ,
1782 4003 2017 4060 easque
2046 3990 2354 4061 appellari
2378 3988 2710 4066 ordinatas3
2738 3992 2893 4050 alias
2926 4008 3085 4050 vero
3107 4040 3124 4065 ‚
3151 4009 3312 4068 quas

567 4178 612 4233 1)
634 4178 857 4228 Dirksen
874 4184 934 4229 ad
960 4184 1059 4229 tab.
1084 4183 1271 4229 Herarl.
1299 4186 1425 4238 part.
1447 4183 1531 4227 alt.
1554 4194 1603 4239 p.
1627 4182 1799 4230 2-12.
1989 4181 2037 4241 6)
2062 4184 2136 4229 Cf.
2159 4185 2317 4232 Gliick
2355 4186 2505 4232 Pand.
2528 4187 2561 4231 1.
2588 4185 2612 4239 S
2635 4183 2697 4232 89
2721 4197 2828 4244 sqq.
2866 4199 2914 4244 p.
2954 4184 3053 4233 500
3090 4201 3201 4248 sqq.
3230 4191 3311 4237 His

567 4242 689 4298 ΞΗ..
715 4241 760 4290 1.
785 4256 859 4301 pr.
882 4246 936 4290 D.
956 4246 1006 4291 Ιι.
1034 4250 1072 4292 t.
1111 4271 1165 4279 ——
1211 4248 1261 4291 L.
1285 4242 1334 4288 ὅ.
1359 4245 1385 4298 S
1406 4246 1452 4290 1.
1494 4247 1547 4290 D.
1574 4244 1777 4292 decoll.
1813 4254 1869 4294 ee
1932 4248 2124 4291 statutis
2174 4248 2408 4304 legalibus
2465 4250 2610 4306 vulgo
2652 4256 2972 4307 opponuntur
3023 4255 3311 4298 conventio-

502 4315 647 4358 corp.
671 4302 868 4362 (xtvn,
889 4308 1055 4363 220-
1081 4309 1156 4354 Cf.
1180 4310 1265 4353 Fr.
1292 4307 1427 4352 Rom
1442 4308 1502 4350 dc
1524 4320 1573 4351 re
1595 4311 1776 4355 munic.
1807 4312 1865 4356 lt.
1932 4310 2078 4356 nana.

503 4366 528 4417 (3
556 4366 1034 4416 1.—Zaclca1·inel.
1060 4372 1090 4416 l.
1117 4371 1202 4424 Sl.
1229 4367 1377 4427 p.—ssl.
1399 4367 1478 4414 62.
1498 4370 1523 4422 S
1545 4371 1654 4427 24».
1677 4369 1758 4416 65.
1784 4371 1863 4418 66.
1995 4371 2042 4427 7)
2065 4373 2138 4418 Cf.
2164 4373 2189 4424 S
2206 4369 2317 4417 108.
2340 4377 2443 4418 not.
2465 4370 2607 4418 2-7.
2631 4376 2657 4430 ς
2677 4371 2789 4419 200.
2814 4378 2920 4420 not.
2947 4372 3027 4420 10.

510 4451 560 4459 --
605 4429 851 4476 Auctoris
903 4433 1243 4489 Beni-theutung
1295 4432 1379 4477 des
1432 4433 1746 4480 Stadelschen
1782 4436 1866 4479 Er·
1993 4432 2043 4489 8)
2065 4432 2182 4480 1..5.
2218 4432 2265 4479 4.
2294 4436 2347 4479 D.
2372 4434 2424 4479 Ιι.
2451 4438 2487 4480 t.
2510 4460 2568 4470 —
2615 4437 2666 4480 L.
2693 4437 2769 4482 19.
2796 4449 2873 4493 pr.
2915 4440 2972 4483 D.
3018 4438 3092 4482 de
3131 4437 3311 4484 lutee

505 4488 811 4536 brechtsfalls
834 4507 883 4551 p.
907 4491 997 4538 148
1021 4519 1080 4527 —
1105 4493 1212 4540 162.
1236 4517 1296 4527 -
1329 4493 1537 4540 Pucma
1558 4496 1750 4552 system
1781 4499 1866 4542 des
1930 4509 2047 4544 cur.
2067 4497 2181 4542 dat.
2207 4497 2389 4559 (xxvi,
2414 4495 2483 4554 5.)
2519 4522 2578 4531 ——
2623 4498 2673 4543 1..
2695 4501 2742 4544 2.
2762 4498 2808 4545 5.
2837 4498 2891 4546 l).
2917 4500 2986 4546 de
3007 4500 3218 4547 decret.
3241 4500 3312 4546 ab

503 4562 630 4607 gem.
654 4551 815 4599 Civilr.
842 4568 888 4613 p.
912 4553 992 4600 43.
1017 4557 1042 4610 S
1068 4555 1115 4602 9.
1928 4560 2044 4606 ord.
2066 4559 2173 4611 sac.
2197 4560 2268 4616 (L,
2287 4558 2359 4616 9.)
2382 4585 2438 4593 -
2480 4563 2530 4606 L.
2554 4560 2601 4606 2.
2628 4562 2676 4605 3.
2700 4563 2752 4607 (ἶ.
2785 4560 2854 4605 de
2884 4561 3080 4620 praed.
3120 4565 3307 4610 dec-ur.

567 4610 616 4667 5)
639 4611 689 4656 1..
715 4618 805 4661 ult.
828 4619 882 4662 D.
906 4616 972 4662 de
993 4618 1168 4676 colleq.
1191 4621 1246 4663 et
1264 4629 1410 4673 corp.
1725 4613 1754 4637 ⁸
1928 4621 2045 4669 sine
2062 4621 2207 4668 decr.
2234 4632 2345 4669 non
2368 4622 2641 4669 alienanti.
2666 4623 2744 4681 (Χ,
2761 4622 2862 4681 53.)
2896 4649 2955 4658 -
3002 4626 3057 4670 1..
3084 4624 3196 4672 160.
3217 4627 3243 4680 3
3264 4626 3309 4671 1.

567 4671 615 4727 4)
638 4672 690 4717 L.
714 4675 794 4722 Ἡ.
815 4681 868 4723 D.
892 4679 958 4723 de
973 4680 1275 4734 fidejnssor.
1300 4703 1354 4711 —
1395 4681 1450 4726 t..
1472 4681 1519 4726 1.
1544 4681 1570 4735 S
1597 4680 1641 4728 1.
1666 4685 1721 4731 D.
1743 4683 1798 4729 Ιι.
1823 4686 1861 4730 t.
1930 4685 1983 4728 l).
2008 4685 2077 4730 de
2095 4685 2331 4744 req.jur.
2357 4709 2415 4717 —-
2437 4687 2487 4732 1..
2512 4685 2557 4730 5.
2578 4686 2631 4729 C.
2654 4685 2723 4732 de
2748 4687 2905 4746 teque.
2935 4689 3015 4745 (X,
3039 4686 3146 4746 63.)
3172 4688 3308 4733 ——Cfi

504 4761 563 4769 —-
592 4737 899 4786 Zachariae
923 4743 952 4785 Ι.
976 4743 1006 4786 Ι.
1029 4744 1053 4795 3
1077 4741 1152 4788 17.
1178 4755 1224 4798 p.
1247 4739 1327 4786 87.
1934 4746 2155 4794 Thibaut
2177 4748 2269 4793 civ,
2295 4747 2415 4793 Abh.
2441 4761 2487 4805 p.
2513 4745 2606 4793 589
2628 4758 2702 4805 sq.

566 4795 615 4851 ἴ»)
641 4799 858 4846 Turbam
896 4803 1046 4848 l’and.
1071 4805 1096 4858 3
1119 4803 1227 4848 221.
1255 4816 1330 4848 nr.
1355 4807 1432 4852 lv.
1474 4831 1535 4840 —-
1577 4807 1783 4853 llissent.
1807 4810 1861 4854 J.
1993 4808 2041 4864 0)
2066 4810 2112 4853 l..
2146 4808 2220 4855 19.
2247 4813 2300 4857 D.
2325 4809 2401 4854 ad
2421 4809 2671 4867 municip.
2697 4835 2755 4842 —
2781 4812 2832 4856 L.
2869 4809 2916 4857 1.
2955 4812 3009 4856 L.
3037 4810 3152 4857 160.
3193 4815 3220 4866 S
3266 4814 3314 4859 1.

507 4865 574 4908 Μ.
596 4863 774 4932 Cesset
787 4874 963 4932 comm.
987 4867 1046 4910 de
1067 4879 1151 4912 eo.
1171 4866 1500 4923 qnodjnstum
1543 4875 1613 4914 ost
1647 4871 1774 4916 circa
1800 4872 1865 4916 si·
1931 4875 1985 4920 D.
2009 4873 2075 4916 de
2096 4876 2337 4931 re9.jur.
2365 4897 2423 4904 -
2451 4874 2526 4918 Cf.
2552 4872 2806 4918 Haubold
2823 4875 2857 4918 1.
2876 4876 2910 4919 l.
2936 4886 2981 4920 c.
3017 4875 3099 4919 tlt.
3125 4877 3152 4929 g
3175 4876 3226 4920 2.

505 4927 616 4980 nilla
640 4931 938 4971 universitat.
965 4927 1090 4984 Lips.
1112 4927 1250 4975 1750.
1993 4935 2070 4990 10)
2091 4936 2164 4981 «tf.
2190 4934 2539 4992 Zachariae:
2575 4935 2650 4983 10.
2685 4948 2734 4993 p.
2769 4934 2848 4983 75.
2882 4935 2963 4984 76.
3003 4938 3030 4991 S
3071 4936 3203 4996 164».
3228 4939 3313 4987 86.
