3544 5506
518 328 632 387 280
1103 341 1257 383 rans
1293 339 1457 383 srm-
1497 341 1615 384 m.
1659 340 1733 384 ιι.
1772 341 1850 384 ns
1885 340 2074 384 mus
2108 340 2390 391 musto.
2433 338 2718 383 nommo.

515 453 583 510 in
623 446 907 511 dominio
936 444 1381 506 transferendo
1409 445 1679 504 servitus
1720 444 2102 505 detrabatur
2140 461 2195 505 s.
2225 444 2584 519 excipiatur
2612 442 2687 518 ⁷).
2731 446 2806 503 Et
2832 442 2898 503 in
2940 443 3321 506 deducenda

514 547 774 622 quidem
797 543 1103 602 servitute
1120 585 1138 613 ,
1162 542 1318 615 quin
1342 541 1555 600 statim
1587 546 1654 601 et
1684 541 1864 599 velut
1889 541 2029 615 ipso
2044 542 2195 616 jure
2212 541 2589 615 acquiratur
2610 540 2887 598 servitus
2902 583 2920 611 ,
2946 540 3098 598 nihil
3127 541 3323 602 habet

515 643 949 704 dubitationis.
977 644 1102 702 Nec
1127 642 1327 714 magis
1348 640 1712 712 dubitatur,
1744 636 1903 714 quin
1942 642 2113 701 idem
2143 641 2433 701 obtineat
2456 641 2525 700 in
2551 635 2991 716 servitutibus,
3020 655 3188 715 quae
3210 649 3324 702 aut

512 746 650 818 lege
679 749 793 802 aut
810 742 1286 817 adjudicatione
1316 748 1720 814 quaeruntur
1736 737 1813 816 ⁸),
1842 748 1982 800 tum
2007 741 2257 801 veroin
2286 742 2381 801 his
2398 784 2416 816 ,
2447 757 2616 815 quae
2651 746 3042 801 testamento
3079 743 3321 802 consti-

509 852 784 904 tuuntur
803 843 1010 903 verbis
1034 838 1294 903 directis
1318 886 1337 913 ,
1361 844 1404 899 i.
1438 858 1499 902 e.
1537 842 1627 900 ita
1644 887 1661 916 ‚
1687 849 1763 899 ut
1799 848 1980 901 recta
2008 848 2344 902 transeant
2380 841 2485 901 via
2510 842 2593 899 ad
2619 840 2999 913 legatarium
3019 836 3094 915 ⁹).
3127 845 3217 901 De
3250 842 3323 902 iis

508 952 726 1004 autem
768 943 1207 1011 servitutibus,
1254 957 1423 1016 quae
1449 941 1852 1014 pactionibus
1889 943 2411 1018 constituuntur,
2450 957 2584 1001 non
2607 957 2738 1001 una
2770 947 2870 1000 est
2897 941 3319 1014 interpretum

506 1040 841 1100 sententia.
876 1042 952 1097 Et
972 1038 1077 1095 alii
1098 1037 1359 1111 quidem
1390 1034 1680 1095 arbitrati
1706 1043 1860 1096 sunt
1883 1080 1901 1113 ,
1948 1038 2029 1096 ad
2070 1035 2536 1112 acquirendum
2571 1038 2679 1111 jus
2705 1051 2965 1110 semper
2991 1051 3152 1114 opus
3180 1052 3319 1099 esse

505 1141 687 1214 quasi
712 1138 1089 1204 traditione,
1127 1137 1170 1194 i.
1196 1151 1255 1194 e.
1295 1151 1419 1194 usu
1455 1151 1534 1194 ac
1556 1136 1898 1208 patientia,
1944 1138 2066 1197 boc
2096 1145 2289 1211 pacto
2309 1182 2326 1208 ,
2363 1145 2439 1197 ut
2465 1138 2531 1196 in
2558 1135 2866 1209 negativis
2894 1136 3313 1196 servitutibus

504 1235 684 1291 velut
707 1232 860 1290 dicis
885 1246 1080 1290 causa
1116 1232 1311 1299 alter,
1356 1230 1663 1287 adversus
1682 1230 2004 1288 servitutis
2041 1229 2142 1308 jus
2169 1230 2387 1291 facere
2428 1231 2766 1300 simulans,
2803 1230 3066 1289 alterius
3100 1230 3318 1304 prohi-

505 1327 724 1389 bitioni
760 1329 1124 1404 acquiescat
1149 1324 1255 1404 ω);
1301 1343 1468 1401 quae
1495 1329 1814 1386 sententia
1846 1329 1983 1403 ,iam
2016 1331 2350 1388 communi
2382 1332 2672 1390 omnium
2699 1344 3017 1389 consensu
3057 1331 3314 1402 explosa

502 1446 638 1490 esse
658 1432 909 1489 videtur
930 1426 1025 1507 ¹¹).
1060 1424 1205 1502 Alii,
1234 1428 1509 1486 mediam
1540 1429 2020 1500 quodammodo
2046 1430 2214 1487 viam
2246 1430 2677 1502 ingredientes
2695 1473 2713 1506 ,
2740 1430 2807 1488 in
2840 1425 3148 1501 negativis
3174 1429 3316 1503 qui-

501 1528 646 1586 dem
665 1526 1070 1585 servitutibus
1093 1523 1383 1582 sufficere
1414 1523 1598 1597 ajunt
1620 1524 1987 1597 pactionem
2012 1526 2092 1582 ad
2121 1526 2328 1600 ipsum
2355 1526 2764 1585 efficiendum
2790 1524 3109 1583 servitutis
3136 1526 3316 1583 velut

503 1626 855 1685 dominium
877 1670 893 1697 ,
938 1632 1005 1682 at
1029 1625 1095 1681 in
1125 1619 1520 1682 affirmativis
1561 1619 1743 1696 quasi
1782 1620 2194 1684 traditionem
2226 1627 2538 1684 accedere
2564 1631 2872 1698 oportere
2906 1622 3020 1684 sibi
3049 1638 3312 1696 persua-

500 1720 658 1783 dent
695 1722 785 1797 ¹²).
813 1730 952 1784 Jam
976 1738 1130 1782 vero
1158 1724 1326 1795 apud
1369 1724 1709 1796 plerosque
1738 1724 2036 1796 obtinuit,
2074 1732 2150 1783 ut
2179 1725 2433 1784 videtur
2465 1721 2557 1799 18),
2587 1724 2908 1783 sententia
2947 1723 3312 1782 existiman-

499 1820 693 1894 tium,
721 1820 1099 1878 servitutum
1121 1818 1257 1892 jus,
1292 1818 1420 1878 sive
1464 1835 1539 1878 ex
1583 1818 2113 1878 affirmativarum
2138 1821 2267 1880 sive
2300 1835 2377 1879 ex
2406 1821 2849 1892 negativarum
2891 1832 3126 1890 genere
3167 1819 3312 1878 illae

498 1920 658 1989 sint,
687 1920 779 1977 uti
813 1921 965 1979 olim
1006 1921 1197 1977 fiebat
1227 1918 1692 1992 mancipatione
1723 1926 1921 1994 atque
1961 1921 2026 1977 in
2060 1921 2209 1994 jure
2237 1920 2524 1980 cessione
2544 1964 2561 1992 ‚
2611 1920 2701 1980 sic
2726 1933 2898 1976 novo
2936 1918 3087 1991 iure
3117 1918 3310 1978 etiam

500 2021 896 2093 pactionibus
934 2020 1234 2079 constitui
1262 2035 1446 2093 posse
1477 2017 1585 2096 ¹⁴),
1634 2019 1986 2079 dummodo
2024 2021 2114 2079 ita
2159 2028 2533 2094 comparata
2570 2019 2652 2079 sit
2694 2018 3133 2078 conventionis
3175 2017 3310 2077 i'or·

496 2120 670 2177 mula
691 2162 707 2188 ,
743 2126 819 2177 ut
849 2136 887 2178 a
931 2134 1114 2178 mero
1139 2115 1541 2192 obligationis
1562 2120 1712 2194 jure
1743 2121 1895 2179 satis
1923 2120 2113 2179 certis
2137 2121 2305 2179 notis
2336 2115 2398 2178 id
2422 2166 2438 2187 ,
2472 2121 2552 2178 de
2583 2134 2713 2193 quo
2752 2119 2993 2190 agitur,
3033 2117 3310 2177 discerni

497 2217 695 2289 possit
720 2217 815 2289 ¹⁵).
849 2217 1397 2294 Quemadmodum
1424 2224 1641 2275 autem
1666 2217 1853 2290 quasi
1881 2217 2290 2275 traditionem
2312 2259 2330 2292 ,
2366 2231 2535 2290 quae
2569 2231 2690 2274 usu
2724 2231 2801 2273 ac
2829 2214 3134 2288 patientia
3164 2209 3307 2288 fiat,

491 2315 660 2375 idem
685 2316 941 2375 efficere
962 2322 1155 2389 atque
1177 2317 1618 2374 conventionis
1642 2312 1987 2375 formulam
2009 2333 2143 2376 non
2169 2323 2266 2376 est
2286 2318 2462 2390 quod
2485 2316 2847 2375 dubitemus
2863 2318 2929 2385 ¹⁶)
2957 2332 2970 2371 ε
2999 2314 3089 2373 sic
3114 2314 3307 2373 etiam

493 2417 887 2474 credendum
917 2421 1014 2474 est
1035 2452 1056 2482 ,
1103 2422 1386 2489 utroque
1425 2418 1622 2475 modo
1657 2418 1960 2476 constitui
2005 2433 2190 2491 posse
2219 2415 2596 2490 servitutes,
2632 2430 2908 2489 quarum
2935 2414 3308 2473 constitutio

496 2516 883 2570 testamento
913 2512 1214 2570 mandata
1238 2519 1336 2570 est
1356 2512 1642 2572 oneratis
1665 2511 1758 2580 ¹⁷).
1795 2512 2005 2586 Atque
2022 2515 2086 2572 id
2108 2514 2367 2587 quidem
2393 2515 2472 2572 de
2494 2513 2635 2587 ipso
2654 2511 2973 2570 servitutis
2997 2510 3302 2569 dominio.

495 2614 671 2689 Quae
693 2626 851 2671 vero
880 2627 957 2671 ex
999 2613 1318 2673 servitutis
1353 2614 1532 2688 quasi
1562 2611 1961 2689 possessione
1999 2614 2286 2689 pendent
2306 2612 2483 2692 iura,
2519 2628 2621 2682 ea,
2653 2606 2772 2671 nisi
2798 2611 3078 2684 legitimo
3105 2610 3306 2671 modo

554 2857 606 2918 7)
639 2860 756 2919 Gaji
774 2862 888 2909 inst.
916 2861 972 2908 il.
998 2864 1026 2919 s
1041 2861 1299 2912 :esa—Vnt.
1320 2865 1397 2912 Fr.
1421 2866 1447 2920 S
1468 2862 1548 2915 ⁴7.
1567 2863 1648 2913 50.
1674 2867 1755 2914 51.
1776 2864 1857 2914 80.
1999 2866 2077 2926 14)
2098 2867 2221 2925 Gaji
2239 2868 2356 2916 inst.
2376 2869 2437 2916 11.
2458 2869 2487 2924 ς
2505 2867 2589 2916 29.
2613 2873 2664 2915 et
2686 2865 2770 2913 31.
2795 2892 2851 2900 -—
2871 2870 2902 2924 ς
2917 2864 2965 2914 ⁴.
2981 2865 3097 2914 Lde
3117 2867 3304 2914 servit.

495 2927 641 2981 atque
656 2924 723 2971 ibi
738 2924 805 2971 de
824 2924 1173 2973 Bucmzoltzin
1188 2928 1627 2976 non—Schrader
1647 2930 1699 2977 in
1716 2930 1863 2987 ephe-
1924 2931 1952 2986 S
1974 2931 2020 2975 1.
2038 2932 2077 2977 l.
2095 2931 2165 2977 de
2188 2929 2371 2985 usurr.
2396 2957 2456 2965 —
2492 2932 2544 2978 L.
2571 2929 2620 2977 3.
2644 2942 2723 2991 pr.
2746 2930 2795 2979 in
2816 2930 2852 2976 f.
2879 2932 2933 2976 D.
2955 2930 3025 2976 de
3047 2927 3225 2982 usust.
3247 2951 3305 2964 -·

495 2985 670 3032 merid.
686 2988 838 3042 jurid.
862 2988 990 3034 Tub.
1013 2988 1051 3034 1.
1072 3002 1121 3048 p.
1144 2986 1255 3035 183.
1279 2994 1329 3036 et
1349 2993 1523 3038 Haste
1551 2991 1709 3038 Rhein
1734 2993 1857 3040 Mus.
1929 2992 2034 3039 vid.
2060 2992 2298 3054 Saviqny·
2321 2995 2475 3040 Besitz
2509 2995 2536 3049 S
2558 2992 2639 3040 45.
2664 3006 2715 3052 p.
2740 2990 2853 3043 527.
2875 2997 2978 3038 not.
3004 2992 3049 3039 1.
3075 3015 3133 3024 -·
3155 2993 3222 3039 Ε.
3245 2993 3302 3039 J.

495 3048 532 3092 l.
555 3061 604 3105 p.
625 3046 706 3096 91.
730 3052 779 3096 in
802 3049 838 3096 f.
860 3049 993 3095 -CL
1020 3052 1072 3097 L.
1095 3052 1176 3097 32.
1198 3052 1251 3098 L.
1279 3050 1359 3099 36.
1385 3054 1410 3108 S
1435 3055 1482 3099 1.
1506 3055 1561 3101 D.
1585 3053 1652 3100 de
1676 3054 1856 3109 ususr.
1920 3054 2262 3102 Schmidtlein
2284 3057 2343 3102 D.
2368 3056 2429 3102 de
2452 3056 2770 3105 servitutibus
2816 3067 2901 3112 pet·
2939 3058 3071 3113 pact.
3095 3054 3298 3101 constit.

493 3109 1050 3172 tvu‚1.)—D1·r1csen
1072 3114 1134 3160 de
1170 3114 1315 3160 variis
1335 3116 1715 3163 dominationib.
1738 3129 1859 3165 con-
1926 3117 2089 3163 Goett.
2135 3115 2278 3165 1823.
2308 3115 2358 3165 8.
2396 3143 2451 3151 —
2486 3119 2573 3165 Id.
2614 3119 2664 3165 in
2706 3118 2848 3169 Areh.
2882 3118 2922 3164 i'.
2955 3117 3051 3163 civ.
3096 3115 3178 3163 Pr.
3222 3117 3300 3163 lx.

492 3174 760 3221 stitutionis
782 3174 968 3229 jurium
995 3175 1046 3222 in
1087 3187 1140 3220 re
1170 3176 1329 3223 aliena
1372 3190 1458 3236 per
1495 3180 1859 3228 deductionem.
1925 3179 2007 3226 Νι.
2033 3180 2472 3229 tx.-mchetsen
2496 3180 2617 3228 ibid.
2643 3182 2764 3231 Vm.
2788 3183 2871 3229 Νι.
2892 3180 3017 3225 xlv.
3042 3202 3105 3212 -
3129 3180 3304 3225 Basse

493 3233 712 3294 negtom.
732 3233 876 3284 1826.
891 3234 1231 3286 L—Haertet
1249 3239 1301 3285 in
1323 3241 1443 3287 Diss.
1469 3240 1598 3288 ini'ra
1618 3241 1742 3299 (not.
1762 3241 1861 3303 1⁴.)
1927 3241 2097 3288 Rhein.
2119 3242 2244 3290 Mus.
2272 3244 2308 3288 i.
2340 3256 2389 3301 p.
2409 3241 2473 3291 6⁴
2489 3255 2596 3301 sqq.
2632 3244 2648 3299 (
2669 3248 2735 3295 cf.
2761 3253 2999 3293 censurae
3014 3240 3305 3288 Sela-aden·

491 3299 628 3363 laud.
651 3302 676 3355 ς
698 3297 760 3347 37
783 3325 842 3333 --
862 3296 942 3346 39.

557 3358 608 3417 8)
641 3362 750 3408 Vid.
776 3367 880 3409 not.
902 3361 952 3408 2.
973 3367 1024 3408 et
1049 3362 1339 3421 Westplsa!
1349 3362 1496 3421 3871.
1520 3365 1631 3413 872.

553 3422 603 3479 9)
637 3424 776 3479 Quod
798 3424 996 3482 quidem
1020 3425 1308 3484 plerumque
1333 3427 1396 3473 ita
1419 3425 1755 3488 accipiendum
1768 3434 1860 3488 est,

502 3491 701 3545 propter
721 3489 963 3533 rationem
985 3486 1075 3543 §2-
1100 3487 1137 3532 l.
1162 3487 1231 3534 de
1256 3488 1355 3547 leq.
1379 3494 1679 3551 expositam3
1705 3504 1858 3550 quam

500 3554 669 3594 tamen
706 3549 854 3595 latius
876 3584 891 3598 .
934 3560 1083 3607 quam
1117 3561 1193 3595 res
1234 3553 1388 3607 poscit
1414 3586 1429 3609 ,
1471 3555 1860 3611 interpretantur

494 3609 733 3658 Vinicius
776 3613 837 3658 ad
861 3613 886 3666 S
907 3608 954 3658 4.
999 3613 1037 3657 l.
1077 3611 1146 3657 de
1167 3624 1310 3659 serv.
1351 3626 1426 3659 nr.
1469 3614 1517 3662 3.
1540 3622 1588 3662 et
1611 3616 1636 3670 ς
1662 3614 1709 3663 1.
1736 3618 1774 3663 1.
1796 3615 1865 3665 de

494 3671 669 3727 usufr.
715 3686 792 3722 nr.
830 3674 877 3719 2.
921 3679 971 3719 ct
1001 3673 1170 3720 Noodt
1210 3675 1272 3720 de
1311 3676 1468 3723 usufr.
1509 3680 1580 3741 ll,
1597 3679 1645 3725 1.
1690 3679 1716 3733 S
1758 3681 1863 3726 Po·

495 3735 601 3782 tes!
618 3734 780 3794 initur
798 3736 909 3782 vid.
926 3736 1055 3782 infra
1076 3740 1180 3781 not>
1205 3735 1282 3784 17.

556 3796 633 3853 10)
649 3800 705 3844 V.
727 3811 774 3845 c.
804 3797 1026 3845 Thibaut
1046 3798 1199 3844 Besitz
1222 3812 1273 3845 u.
1297 3800 1502 3856 Vei-jahn·
1523 3805 1550 3859 s
1570 3799 1648 3848 16.
1664 3803 1720 3849 A.
1745 3801 1797 3849 b.

556 3858 635 3918 11)
667 3860 743 3906 ci.
786 3859 1062 3917 Hoepsner
1099 3861 1374 3908 comment.
1400 3862 1558 3920 3552.
1604 3876 1680 3910 nr.
1724 3866 1771 3911 1.
1798 3890 1859 3898 -

492 3922 731 3982 Saviqrrr
749 3924 902 3969 Besitz
923 3923 948 3977 S
969 3920 1048 3970 46.
1070 3936 1118 3981 p.
1140 3920 1226 3970 551
1257 3935 1330 3981 sq.
1351 3926 1607 3986 ipsumque
1627 3926 1859 3975 raihan-

490 3985 622 4033 tium
645 3986 794 4032 Pand.
817 3987 843 4041 S
861 3984 974 4032 621.
1000 3986 1081 4032 Nr.
1105 3985 1157 4030 Ε.
1183 3986 1282 4045 (ed.
1303 3983 1373 4044 6.)

555 4047 632 4104 12)
664 4048 871 4095 Maxime
895 4052 1091 4106 propter
1114 4048 1165 4092 L.
1192 4051 1282 4094 ult.
1307 4049 1362 4094 D.
1387 4049 1454 4097 de
1474 4050 1656 4099 servit.
1677 4050 1694 4108 (
1713 4051 1819 4097 viu
1839 4085 1855 4109 ,

494 4110 562 4168 1.)
586 4111 710 4157 —L.
736 4110 782 4157 1.
807 4113 855 4157 in
875 4110 911 4155 f.
935 4111 989 4156 D.
1012 4108 1077 4157 de
1099 4111 1153 4159 S.
1177 4113 1240 4159 P.
1263 4112 1327 4158 R.
1349 4112 1498 4169 (vni,
1521 4115 1731 4169 5.)—-1..
1775 4112 1853 4161 25.

485 4173 517 4229 S
537 4173 628 4219 ult.
654 4174 708 4218 D.
732 4170 797 4219 de
816 4168 1132 4232 usufr.(V11‚
1153 4175 1221 4231 1.)
1246 4198 1302 4206 —
1325 4180 1374 4220 et
1393 4178 1505 4233 Arg.
1527 4178 1579 4225 L.
1602 4175 1683 4224 20.
1712 4175 1766 4221 C.
1788 4178 1857 4224 de

483 4239 629 4292 pact.
657 4236 779 4281 -L.
804 4237 853 4281 3.
874 4247 949 4294 pr.
969 4236 1025 4281 D.
1048 4236 1116 4282 de
1137 4238 1195 4283 0.
1219 4239 1273 4283 et
1295 4237 1361 4283 A.
1403 4238 1580 4290 (Xle
1598 4273 1614 4298 ,
1633 4237 1682 4286 7.
1705 4239 1723 4295 )
1748 4238 1765 4295 (
1787 4240 1854 4286 cf.

487 4296 660 4344 Archiv
678 4296 714 4344 f.
738 4298 830 4344 civ.
856 4298 1021 4344 Praxi»
1048 4298 1166 4345 vm.
1191 4311 1240 4357 p.
1260 4296 1632 4349 363.—maein.
1662 4302 1785 4347 Mus.
1818 4301 1857 4348 l.

488 4372 540 4418 p.
582 4359 711 4415 93.).
738 4383 797 4393 —-
819 4361 994 4407 Noodt
1031 4361 1092 4406 de
1129 4361 1283 4408 usui‘r.
1308 4364 1378 4423 ll,
1415 4362 1465 4409 2.
1514 4390 1572 4399 ·-
1597 4361 1768 4412 Dur-01⁹
1806 4365 1859 4410 in

488 4423 663 4471 Archiv
687 4422 722 4469 t.
745 4422 837 4469 civ.
864 4423 1031 4469 Praxis
1051 4424 1129 4470 vt.
1157 4437 1204 4482 p.
1229 4420 1401 4472 284-
1426 4422 1536 4473 286.
1562 4427 1659 4485 (nr.
1681 4423 1769 4483 6.).
1800 4450 1856 4459 -

494 4489 589 4533 W.
604 4485 848 4532 ancke
866 4485 959 4531 εἰν.
984 4484 1393 4544 Abhandi.(Gtitt.
1421 4486 1579 4549 1826.)
1599 4490 1683 4534 Nr.
1709 4489 1856 4533 111.—

483 4547 741 4605 Propriam
761 4560 900 4594 suam
923 4548 1065 4594 inivit
1076 4549 1314 4596 rationem
1327 4552 1380 4596 Ζ
1383 4550 1602 4599 immet-n
1626 4550 1800 4598 Archiv
1814 4549 1857 4596 1.

487 4611 583 4657 civ.
597 4611 674 4657 Pr.
687 4611 790 4657 vu.
803 4611 885 4656 ΝΡ.
897 4610 1186 4658 xva—ct.
1201 4612 1470 4661 Schrader
1489 4614 1540 4661 in
1554 4612 1855 4674 ephemerid.

481 4671 585 4728 jur.
612 4673 741 4720 Tub.
764 4673 798 4720 1.
826 4685 875 4729 p.
898 4669 978 4720 74.
1001 4676 1054 4718 in
1077 4674 1114 4721 f.
1139 4684 1240 4733 seq.
1267 4686 1316 4732 p.
1337 4672 1421 4721 78.

553 4732 633 4790 15)
667 4736 776 4783 vid.
802 4734 1071 4782 Puclttain
1083 4736 1491 4794 ephemerid.jur.
1512 4736 1854 4796 Erlanglrff.

487 4809 539 4857 p.
579 4795 692 4847 288.
717 4799 769 4844 in
797 4797 839 4844 f.
879 4809 982 4855 σος.
1003 4821 1064 4832 -
1087 4798 1365 4847 Zimmern
1389 4800 1508 4847 ibid.
1532 4801 1592 4847 Τ.
1616 4801 1695 4847 vt.
1722 4812 1771 4859 p.
1796 4800 1857 4846 19

485 4859 768 4972 ἷὲιᾳὸάἰὸὶς.
807 4872 856 4921 p..
897 4858 978 4909 29.
1023 4858 1075 4908 in
1109 4860 1153 4911 Ι.
1194 4861 1269 4910 ct.
1309 4862 1574 4922 scriptores
1613 4866 1718 4910 not.
1749 4874 1855 4922 seq·

542 4937 572 4971 ιι
649 4956 662 4969 .

1924 3304 1977 3350 in
2013 3304 2263 3363 ephemer.
2300 3306 2426 3353 Tub.
2449 3307 2487 3351 l.
2519 3318 2566 3364 p.
2590 3304 2655 3355 66
2677 3320 2786 3368 sqq.
2832 3310 2883 3352 et
2921 3302 3222 3350 Zimmerni
3253 3302 3303 3348 in

1925 3365 2119 3423 ephem.
2162 3368 2259 3414 Eri.
2298 3368 2361 3413 T.
2381 3369 2461 3414 vt.
2484 3381 2534 3427 p.
2562 3365 2621 3415 19
2654 3374 2802 3431 sqq.).
2833 3368 2964 3412 -Η,
2988 3366 3220 3412 Ham-te!
3245 3366 3300 3412 D.

1924 3429 1986 3474 de
2004 3430 2275 3476 servitutib.
2300 3441 2385 3488 per
2402 3436 2545 3488 pacta
2569 3436 2618 3476 et
2642 3430 2985 3492 stipulationes
3008 3428 3295 3474 constitutis

1924 3503 1983 3537 ex
2005 3492 2115 3545 jure
2139 3493 2375 3539 Romano.
2403 3491 2688 3550 Lips.1828.
2706 3494 2785 3556 4.;
2810 3493 2894 3551 qui
2919 3491 3119 3549 quidem
3148 3492 3301 3550 stipu-

1924 3553 2130 3600 lationes
2170 3567 2269 3601 non
2312 3555 2639 3612 acquirendae
2662 3593 2677 3609 ,
2700 3558 2787 3604 sed
2806 3554 3179 3602 confirmandae
3202 3564 3301 3599 ser-

1926 3615 2092 3661 vitutis
2124 3628 2269 3663 cansa
2310 3617 2466 3673 pactis
2488 3629 2592 3664 esse
2628 3621 2844 3677 adjectas
2875 3622 3047 3665 contra
3070 3616 3296 3662 flassium

1926 3680 2199 3736 contendit,
2216 3680 2243 3734 s
2263 3679 2323 3724 23
2346 3684 2394 3724 et
2410 3680 2436 3734 S
2453 3677 2534 3727 35.

1993 3739 2069 3798 15)
2103 3744 2214 3799 Arg.
2242 3743 2295 3789 L.
2315 3741 2362 3785 3.
2389 3754 2469 3799 pr.
2505 3743 2561 3789 D.
2586 3742 2653 3789 de
2675 3745 2804 3790 αεὶ
2828 3737 3216 3801 A.(x1.tV,7.)
3238 3761 3300 3772 —

1927 3804 2102 3849 Has-se
2121 3803 2159 3851 l.
2180 3807 2217 3850 l.
2238 3816 2284 3862 p.
2305 3801 2388 3851 90.
2409 3801 2490 3850 93.
2515 3817 2565 3862 p.
2588 3803 2652 3853 97
2667 3831 2724 3839 -
2743 3804 2854 3853 105.

1985 3864 2064 3924 16)
2102 3866 2154 3912 L.
2186 3868 2277 3911 ult.
2304 3867 2357 3912 D.
2380 3866 2448 3912 de
2466 3878 2606 3914 serv.
2644 3868 2806 3929 (Vlll,
2830 3867 2877 3915 1.
2903 3867 3000 3924 )—
3025 3866 3078 3912 L.
3104 3865 3153 3910 1.
3179 3864 3231 3911 in
3254 3864 3296 3911 f.

1922 3927 2139 3974 D.deS.
2180 3931 2241 3976 Ρ.
2282 3928 2342 3973 U.
2382 3928 2522 3986 (vill
2549 3963 2565 3987 ,
2608 3931 2695 3990 3.)
2719 3958 2775 3966 -
2799 3933 2853 3978 L.
2875 3927 3119 3983 25.Sult.
3146 3928 3201 3973 D.
3226 3927 3302 3973 de

1922 3990 2101 4045 usurr.
2123 3992 2245 4047 (vil,
2280 3988 2406 4048 1.)-
2429 3992 2633 4039 Dissent.
2659 4006 2771 4041 cum
2790 3993 2896 4041 aliis
2916 4016 2975 4025 —
2997 3992 3175 4036 Haase
3196 3990 3227 4035 i.
3257 3990 3298 4036 l.

1920 4064 1969 4109 p.
1993 4053 2103 4100 122.
2127 4059 2387 4112 propterea
2403 4054 2532 4111 quod
2557 4055 2735 4103 dicitnr
2764 4073 2775 4103 ε
2799 4072 2825 4098 ιι
2855 4056 2905 4101 Si
2937 4054 3047 4112 quis
3075 4052 3196 4098 velit
3221 4051 3299 4097 vi—

1919 4115 2030 4160 cino
2051 4117 2249 4174 aliquod
2270 4117 2350 4176 jus
2378 4117 2698 4175 constituere,
2722 4116 2993 4177 pactionib.
3016 4119 3066 4160 et
3087 4114 3303 4173 stipula-

1919 4177 2094 4225 tionib.
2122 4179 2169 4224 id
2192 4178 2384 4227 efficere
2419 4177 2610 4223 debet».
2632 4180 2676 4235 (ς
2695 4178 2743 4228 4,
2766 4183 2804 4226 ι.
2824 4181 2892 4226 de
2914 4179 3152 4233 serm—S
3177 4177 3226 4224 1.
3257 4176 3299 4224 Ι.

1918 4238 1986 4285 de
2008 4238 2227 4298 usum).
2252 4245 2312 4289 At
2333 4242 2476 4288 latius
2496 4242 2644 4287 etiam
2684 4242 2996 4302 progreditur
3027 4239 3259 4287 Haertel
3270 4271 3294 4302 ‚

1920 4302 2003 4359 qui
2033 4305 2171 4362 quasi
2209 4304 2522 4352 traditionem
2545 4305 2748 4351 minime
2768 4316 2872 4351 esse
2894 4307 3060 4363 aptam
3086 4306 3150 4351 ad
3175 4313 3302 4349 con-

1920 4366 2188 4412 stituendas
2208 4366 2467 4413 servitutes
2483 4371 2665 4419 censet,
2689 4379 2779 4415 nec
2797 4366 2928 4413 hunc
2959 4365 3008 4411 in
3042 4365 3193 4412 tinem
3215 4364 3303 4412 ad-

1918 4425 2130 4475 bibitam
2150 4428 2261 4483 iure
2287 4430 2509 4476 Romano
2532 4462 2548 4485 ,
2580 4429 2667 4474 sed
2700 4429 3075 4476 commodorum
3109 4438 3262 4476 causa
3281 4463 3300 4485 ,

1919 4500 2045 4596 ‹ilua'e
2062 4502 2174 4599 engi
2190 4496 2487 4551 possessione
2509 4489 3163 4549 essentconjttcta,§5.s2·i.
3175 4493 3202 4548 ς
3214 4490 3302 4540 25.

1942 4563 1971 4596 n
2020 4585 2031 4598 .
2055 4555 2081 4609 ς
2170 4587 2182 4599 .

1987 4613 2065 4673 17)
2097 4616 2257 4675 Neque
2298 4616 2430 4662 enim
2468 4616 2598 4661 inter
2639 4616 2919 4674 servitutes,
2940 4626 3069 4675 quae
3089 4626 3151 4661 ex
3173 4626 3304 4663 con-

1924 4679 2172 4737 ventione,
2192 4683 2339 4736 atque
2361 4689 2465 4738 eas,
2483 4689 2609 4735 quse
2630 4680 2879 4727 testatoris
2896 4679 3035 4735 jussu
3054 4678 3301 4724 constitu-

1920 4747 2089 4799 untur,
2113 4740 2406 4787 discriminis
2429 4742 2556 4787 ratio
2591 4746 2681 4790 sut
2714 4743 2867 4800 ipsius
2891 4744 2962 4788 rei
2996 4746 3174 4788 natura
3204 4751 3304 4798 ap-

1920 4807 2055 4860 paret
2079 4803 2209 4865 ulla,
2249 4807 2334 4849 aut
2353 4802 2429 4849 his
2451 4803 2701 4851 inducitur
2730 4804 2849 4851 locis
2870 4840 2885 4864 ,
2902 4805 2969 4853 ad
2994 4814 3116 4862 quos
3147 4803 3304 4861 vulgo

1916 4874 2186 4920 provocare
2216 4865 2396 4921 soient,
2424 4866 2556 4913 velut
2579 4867 2607 4921 S
2628 4865 2674 4914 4.
2709 4869 2745 4914 l.
2770 4864 2841 4913 de
2872 4866 3051 4915 servit.
3075 4889 3136 4899 -
3160 4865 3219 4911 L.
3245 4867 3302 4915 3.

1922 4938 1997 4985 pr.
2022 4929 2077 4975 D.
2098 4926 2166 4975 de
2188 4926 2363 4983 usust.
