3544 5506
862 343 990 383 car.
1031 344 1076 383 ι.
1116 343 1190 386 nu
1228 345 1378 391 suan
1425 349 1756 396 umvnnsm
1779 354 2038 413 musone
2081 363 2358 411 camma.
2987 369 3058 423 35

240 452 417 510 verbi
464 454 878 526 proprietate
924 456 1286 531 quaeritur,
1339 477 1533 535 quam
1572 465 1928 537 longissime
1977 473 2156 534 abest
2182 492 2220 534 a
2256 480 2426 551 pacti
2470 481 2965 564 significatione,
2992 506 3059 557 et

238 549 508 621 propius
559 551 640 607 ad
705 550 906 623 ipsam
934 556 1464 614 consuetudinem
1507 562 1752 618 accedit
1783 559 1850 636 ²).
1891 568 2072 641 Quod
2102 572 2152 628 si
2205 574 2420 647 itaque
2449 576 2513 634 in
2532 578 2652 638 hac
2688 584 3055 662 disciplinae

243 652 506 703 nostrae
551 652 739 719 parte
785 647 1235 706 observantiae
1293 652 1470 710 velut
1517 657 1845 728 propriam
1877 664 2203 724 notionem
2233 671 2516 730 retinere
2559 677 2850 754 velimus,
2883 686 3055 747 baud

243 743 412 818 scio,
452 763 541 803 an
572 746 813 805 rectius
846 748 927 804 ad
963 747 1025 804 id
1047 746 1209 821 juris
1252 764 1454 821 genus
1486 754 1620 812 sine
1659 757 1896 830 scripto
1934 763 2184 822 oriundi
2209 782 2350 826 eam
2369 771 2757 853 reseramus,
2784 787 2955 852 quod
2979 804 3056 847 ex

245 841 666 911 collegiorum
701 856 1177 914 corporumque
1225 849 1795 909 consuetudinibus
1824 857 2292 926 proficiscatur.
2337 867 2523 940 CuJus
2551 872 2806 942 quidem
2839 878 3054 943 itidem

247 938 477 1011 triplex
499 948 593 999 est
608 941 847 1014 species
860 942 1177 999 notanda:
1202 960 1473 1016 quarum
1496 964 1625 1007 una
1644 992 1660 1018 ,
1681 965 1829 1010 cum
1846 954 2124 1027 ipsorum
2144 964 2459 1023 utentium
2483 972 2764 1032 moribus
2779 976 3050 1057 nitatur,

250 1034 400 1095 nihil
428 1041 627 1099 habet
654 1041 1007 1133 peculiare,
1043 1042 1159 1101 nisi
1190 1046 1361 1116 quod
1390 1046 1526 1119 eius
1556 1048 1651 1107 vis
1680 1053 2062 1116 arctioribus
2097 1061 2288 1132 ipsius
2312 1065 2738 1130 universitatis
2766 1079 3050 1139 terminis

252 1134 819 1199 circumscribitur.
849 1141 1058 1199 Altera
1084 1142 1150 1198 in
1173 1158 1253 1203 eo
1274 1142 1510 1221 jurium
1541 1164 1778 1219 genere
1799 1156 2062 1225 ponitur
2081 1200 2095 1224 ‚
2146 1164 2324 1232 quod
2368 1179 2445 1222 ex
2484 1182 2900 1239 personarum
2927 1194 3046 1250 pu-

250 1230 559 1294 blicarum
591 1238 1050 1294 consuetudine
1072 1238 1281 1297 oritur
1302 1257 1434 1299 non
1456 1246 1651 1303 modo
1680 1246 1785 1316 iis,
1820 1251 1963 1321 qui,
2011 1254 2111 1311 vel
2138 1255 2320 1314 simul
2365 1265 2559 1333 atque
2588 1280 2720 1324 una
2744 1271 2843 1328 vei
2867 1273 3048 1333 dein-

249 1341 433 1400 ceps,
452 1330 517 1388 in
542 1332 795 1389 illarum
823 1340 971 1391 sunt
998 1348 1274 1393 numero
1295 1375 1312 1403 ,
1341 1351 1563 1395 verum
1593 1341 1787 1399 etiam
1809 1332 2058 1406 exteris.
2088 1352 2267 1424 Quod
2304 1368 2503 1424 genus
2536 1368 2632 1418 est
2667 1377 2882 1424 rerum
2901 1385 3048 1441 per-

250 1430 451 1493 petuo
479 1426 766 1484 similiter
795 1427 1224 1501 ,iudicatarum
1271 1434 1656 1506 auctoritas,
1708 1454 1875 1509 quae
1898 1442 2154 1514 quidem
2189 1446 2254 1503 in
2296 1449 2504 1521 legum
2534 1454 3047 1529 ambiguitatibus

247 1520 634 1592 explicandis
657 1522 783 1579 vim
815 1520 963 1595 legis
982 1523 1272 1583 obtinere
1293 1527 1531 1586 debent
1553 1526 1622 1601 3).
1646 1535 1857 1592 Tertia
1881 1545 1977 1595 est
1999 1540 2549 1606 observantiarum
2570 1554 2813 1623 species
2829 1597 2848 1626 ,
2873 1575 3042 1633 quae

246 1616 418 1678 inter
435 1636 739 1693 personas
761 1623 1043 1694 publicas
1058 1630 1251 1696 atque
1272 1631 1630 1700 extraneas,
1653 1636 2219 1700 consuetudinibus
2244 1645 2415 1704 ultro
2442 1649 2733 1724 citroque
2747 1656 3045 1720 observa-

244 1713 359 1785 tis,
388 1711 860 1774 contrabuntur
890 1712 966 1795 ⁴).
1019 1718 1378 1792 cujusmodi
1417 1730 1570 1781 sunt
1621 1727 1812 1785 etiam
1844 1732 2290 1798 observantiae
2311 1783 2328 1809 ,
2354 1757 2520 1815 quae
2571 1746 2740 1806 circa
2772 1751 3043 1824 judicio-

240 1828 387 1870 rum
431 1816 694 1874 modum
737 1816 1138 1890 formamque
1183 1827 1404 1877 mutua
1442 1826 1754 1895 quadam,
1808 1835 1942 1889 tum
1964 1833 2422 1915 Judicantium‚
2473 1849 2611 1902 tum
2641 1862 2899 1922 eorum,
2928 1857 3040 1927 qui

237 1928 467 1972 causas
481 1923 678 1987 agunt
695 1957 711 1982 .
737 1918 1178 1976 observatione
1192 1914 1568 1980 efficiuntur.
1597 1928 1770 2000 Quae
1784 1930 2038 2000 quidem
2062 1936 2142 1992 ad
2162 1935 2394 2008 stylum
2413 1944 2637 2002 curiae
2668 1949 2990 2019 pertinent
3012 1998 3033 2026 ‚

238 2012 423 2086 cujus
466 2022 679 2073 tamen
710 2016 1067 2087 generalior
1088 2023 1183 2075 est
1203 2019 1485 2079 definitio
1511 2019 1578 2095 ⁵).
1609 2026 1760 2083 Nam
1794 2030 2173 2105 plerumque
2203 2040 2399 2107 stylus
2442 2043 2660 2102 curiae
2708 2053 3030 2111 secundae

236 2107 792 2171 observantiarum
812 2111 1042 2185 speciei
1070 2115 1492 2185 adsignandus
1520 2118 1672 2189 erit,
1707 2136 2192 2198 nonnumquam
2220 2132 2414 2191 etiam
2443 2137 2681 2207 priori,
2714 2151 3032 2213 quatenus

236 2206 477 2266 scilicet
504 2211 585 2268 de
608 2211 1010 2282 negotiorum
1051 2218 1115 2269 et
1142 2213 1368 2272 ordine
1397 2222 1465 2273 et
1519 2218 1799 2295 ratione,
1844 2223 2012 2282 inter
2030 2225 2164 2300 ipsa
2208 2233 2454 2304 collegii
2477 2238 2763 2297 membra
2811 2244 3031 2304 obser-

240 2304 486 2377 vandis,
525 2305 877 2376 quaeritur.
908 2305 1096 2377 Magis
1126 2307 1317 2365 etiam
1342 2311 1609 2369 fluctuat
1633 2329 1709 2372 ac
1732 2318 1910 2376 varia
1941 2327 2037 2379 est
2058 2338 2368 2401 praxeos,
2400 2334 2539 2388 tum
2572 2349 2735 2390 usus
2747 2334 3032 2405 forensis

238 2398 448 2503 nolio,
479 2400 715 2473 quippe
728 2416 956 2473 quam,
991 2402 1079 2458 uti
1097 2402 1175 2458 ad
1197 2418 1387 2462 omne
1414 2406 1962 2472 observantiarum
1990 2432 2187 2487 genus
2207 2464 2223 2491 ,
2244 2421 2332 2479 ita
2360 2425 2440 2481 ad
2472 2426 2746 2499 reliquas
2767 2447 3028 2507 quoque

224 2497 394 2563 Juris
419 2495 954 2553 consuetudinarii
984 2497 1225 2568 species
1253 2498 1544 2559 referunt
1568 2498 1636 2575 ⁶).

554 2669 577 2739 5
603 2671 697 2724 41.
720 2670 781 2737 B)
796 2670 1025 2725 Rerum
1052 2670 1479 2730 judaeeatarum
1496 2687 1573 2729 ac
1587 2676 2128 2747 jurisprudentiae
2152 2689 2499 2747 auctoritas·
2518 2691 2612 2763 (⁴¹).

315 2860 417 2916 Est
438 2865 646 2917 autem
667 2859 938 2916 alterum
959 2858 1119 2931 ,iuris
1140 2874 1270 2918 non
1292 2860 1504 2931 scripti
1525 2877 1723 2933 genus
1755 2882 1977 2927 rerum
1992 2873 2434 2938 judicatarum
2453 2885 2591 2939 tum
2610 2883 2800 2944 etiam
2815 2891 3021 2953 jun-5-

214 2959 605 3029 prudentiae
632 2959 1021 3031 auctor-itae,
1050 2958 1221 3016 haud
1251 2960 1339 3018 ita
1372 2962 1641 3019 multum
1678 2967 1911 3025 cedens
1937 2970 2071 3043 juri
2099 2979 2677 3042 consuetudinario.
2720 2981 3022 3059 Quamvis

219 3056 396 3115 enim
421 3073 550 3116 non
578 3057 900 3130 exemplis,
926 3059 1037 3115 sed
1060 3059 1297 3130 legibus
1310 3059 1726 3133 ,iudicandum
1776 3066 1854 3124 sit
1884 3065 1946 3141 ¹),
1968 3086 2043 3129 ac
2071 3072 2268 3133 cuivis
2292 3075 2529 3136 licitum
2555 3097 2594 3139 a
2620 3085 3020 3158 praejudiciis

219 3158 552 3228 recedere,
577 3159 786 3217 solent
815 3163 1029 3215 tamen
1064 3173 1284 3216 omnes
1304 3202 1321 3231 ,
1350 3160 1734 3233 quiquidem
1763 3165 1826 3222 in
1852 3170 2119 3240 negotiis
2141 3175 2472 3249 causisque
2497 3177 2852 3242 forensibus
2872 3201 3018 3245 ver-

216 3261 482 3325 santur,
511 3257 897 3315 haesitantes
920 3257 985 3313 in
1011 3273 1081 3315 re
1115 3258 1305 3318 dubia
1330 3265 1525 3331 atque
1545 3262 1847 3340 obscura,
1876 3266 2030 3339 quid
2056 3271 2121 3329 in
2147 3273 2448 3333 similibus
2478 3278 2883 3341 observatum
2912 3285 3012 3354 sit,

217 3355 792 3431 anquirere,idque
830 3357 1052 3429 sequi,
1088 3357 1332 3415 etiamsi
1372 3373 1591 3417 rerum
1620 3369 1928 3434 perpetuo
1960 3368 2244 3429 similiter
2280 3373 2710 3447 iudicatarum
2746 3382 2836 3442 vig
2870 3383 3014 3444 huic

215 3456 505 3514 nondum
529 3457 864 3515 accesserit
882 3452 952 3530 ²).
981 3459 1099 3514 Par
1121 3463 1217 3515 est
1237 3472 1428 3516 causa
1459 3460 1847 3530 prudentum
1883 3470 2275 3529 auctoritatis
2300 3469 2372 3546 3).
2415 3478 2549 3553 Qua
2570 3479 2826 3552 quidem
2850 3482 2913 3539 in
2938 3499 3011 3543 re

282 3628 335 3687 Ξ)
368 3630 447 3678 Cf.
467 3631 521 3679 1..
547 3630 629 3679 12.
649 3635 691 3691 ς.
713 3633 765 3708 5:
788 3635 842 3681 C.
867 3636 937 3683 de
970 3636 1079 3682 reb.
1118 3636 1265 3684 cred.
1288 3637 1385 3696 (lv,
1406 3635 1474 3692 1.)
1495 3654 1577 3678 α-
1702 3641 1751 3701 6)
1790 3645 1949 3694 σίιίοΙε
1989 3650 2283 3711 Einleitung,
2305 3657 2402 3701 ete.
2427 3667 2475 3712 p.
2495 3651 2697 3703 95.-c.
2721 3668 2772 3702 v.
2799 3658 3010 3714 Weyloe

207 3693 950 3768 oqservanonemsudzcialem
969 3710 1253 3757 permanere
1274 3712 1575 3746 censemusa»
1642 3706 2100 3760 wissenschatuiche
2141 3716 2466 3774 Bearbeitung
2499 3720 2583 3764 des
2613 3719 2808 3775 allgem.
2840 3720 3009 3765 deuts-

207 3756 424 3811 (Smnies
444 3758 675 3815 loquendi
692 3759 926 3806 roi-mulas
945 3760 1042 3807 vid.
1067 3759 1156 3819 56.
1181 3765 1216 3808 1.
1241 3763 1309 3808 de
1329 3762 1575 3810 satisdat.
1642 3767 1763 3816 chen
1788 3772 1991 3819 Privatr.
2016 3775 2166 3830 (Gott.
2185 3776 2348 3834 1815.)
2376 3779 2498 3837 ς52,
2529 3777 2610 3825 55.
2628 3805 2682 3812 —-
2698 3781 2825 3827 «ΚΑ.
2850 3780 3005 3833 Seus-

208 3816 519 3868 —L.⁴.C.de
539 3819 1254 3880 sent.(v11.⁴5.)—C.J.Kat1.
1270 3825 1375 3871 obs.
1395 3826 1579 3882 dejure
1639 3829 1751 3884 fert
1795 3834 2152 3896 Erorterungen
2203 3842 2454 3887 einzelner
2500 3841 2686 3888 Lehren
2728 3842 2813 3888 des
2858 3843 2998 3889 Rom.

210 3892 315 3926 non
333 3883 540 3939 scripto,
560 3887 654 3928 etc.
681 3895 729 3941 p.
754 3882 847 3931 257
869 3898 943 3944 sq.
967 3898 1016 3943 p.
1041 3884 1170 3943 279.)
1633 3894 1956 3945 Privatrechts
1979 3900 2140 3955 (Abin.
2175 3904 2212 3949 1.
2246 3903 2455 3951 Wurzb.
2480 3901 2642 3959 1820.)
2668 3904 2748 3950 Nr.
2769 3906 2849 3950 vl.
2865 3916 2915 3961 p.
2937 3903 2996 3952 31

269 3945 322 3999 3)
340 3945 392 3988 L.
417 3941 498 3989 38.
526 3946 582 3989 D.
606 3943 667 3990 de
691 3947 997 4003 legio—(Cf.
1037 3949 1291 3996 Kloelzer
1311 3949 1344 3995 Ι.
1369 3948 1405 3994 1.
1440 3953 1467 4006 ς
1486 3947 1566 3997 ⁴5.

207 4016 257 4062 p.
283 4002 380 4051 287
402 4030 459 4038 -
482 4003 595 4052 296.
617 4031 673 4039 —-
692 4009 1001 4069 Geslerdz'nq
1023 4011 1056 4055 l.
1079 4023 1124 4058 c.
1149 4014 1175 4068 ς
1198 4007 1296 4067 14.)

269 4064 325 4122 4)
344 4069 629 4125 Exemplum
656 4075 730 4115 est
753 4071 803 4117 in
844 4073 898 4120 1..
936 4070 986 4119 ὅ.
1027 4073 1081 4120 C.
1121 4082 1265 4131 quae
1306 4072 1381 4118 m
1412 4073 1570 4133 (onya

202 4134 452 4177 consuet.
477 4145 503 4172 α
519 4132 655 4187 Quod
675 4132 869 4188 officiis,
891 4134 1058 4191 curiis,
1079 4134 1376 4192 civitatibus,
1395 4136 1573 4195 princi·

200 4192 373 4248 pibus.
390 4194 464 4238 vel
486 4193 704 4250 collegiis
721 4197 1007 4252 praestitum
1043 4198 1192 4244 fuisso
1222 4198 1533 4252 cognoscitur
1557 4233 1572 4258 ‚

198 4258 602 4314 perpetuaelegis
625 4258 779 4303 vicem
799 4259 1021 4306 obtinere
1043 4261 1348 4306 statuimnsa·

267 4314 307 4362 5
322 4317 549 4374 {Sslrrk
561 4322 682 4366 D.de
703 4321 831 4378 stylo
850 4319 1434 4376 curiaeffrcf.1670.etin
1452 4322 1574 4368 Diss-

193 4381 404 4425 colleet.
427 4381 550 4428 fres.
575 4380 720 4429 1691.
743 4382 853 4429 Vol.
875 4385 912 4429 1.
938 4385 1018 4429 Nr.
1041 4383 1161 4442 25.).
1183 4383 1374 4442 Stylum
1398 4385 1564 4430 curiae

195 4440 655 4497 Soykffumefinit:
672 4447 1078 4492 consuetudinem
1089 4447 1389 4502 iudicialem,
1407 4447 1566 4492 deler-

195 4505 475 4553 minantem
510 4508 735 4553 ordinem
755 4511 807 4553 et
822 4510 1023 4555 modum
1052 4507 1345 4566 procedendi
1370 4510 1419 4553 in
1434 4508 1569 4562 judi-

197 4567 281 4612 cio
326 4568 682 4616 observandum
705 4583 749 4616 e.
779 4570 819 4628 1,
857 4568 937 4617 ⁴3.
970 4596 1027 4604 —-
1061 4571 1136 4620 Cf.
1176 4573 1468 4627 Kloetzers
1489 4567 1569 4617 45.

198 4630 547 4689 —Exemplum
564 4632 768 4690 praebet
780 4633 833 4678 L.
858 4634 935 4679 12.
948 4632 1095 4690 (55.0.
1107 4634 1177 4682 de
1190 4632 1299 4681 reb.
1319 4633 1569 4692 cred.(lv‚

194 4693 267 4749 1.)
294 4696 392 4739 ιῐιι
415 4695 640 4741 omnibus
661 4698 827 4741 autem
851 4697 1063 4752 casibus,
1107 4697 1155 4743 in
1191 4696 1366 4755 quibus
1407 4706 1571 4741 saera-

193 4758 367 4801 menta
428 4762 761 4814 praestantur,
807 4756 1229 4808 observationem
1260 4756 1574 4813 judicialem

194 4829 487 4873 permanere
506 4821 953 4869 censemnsw-Ct,
978 4822 1030 4869 1..
1052 4823 1192 4869 11.in
1209 4821 1392 4869 hade
1409 4818 1573 4876 imur.

194 4881 297 4939 (Π,
318 4879 424 4937 55.)
850 4903 855 4908 ·

1634 3980 1695 3991 —
1716 3955 1812 4005 35.

2256 4063 2377 4122 34¹.

1702 4151 1993 4252 (Ἶῶιιρει.
2017 4192 2052 4237 ι.
2130 4190 2211 4245 22,
2242 4188 2322 4235 23.
2549 4252 2560 4262 .

1641 4251 1935 4372 (v111{¹i'5.¹)3'
1967 4256 2020 4301 C.
2095 4265 2126 4300 e
2174 4253 2406 4298 sentent.
2449 4253 2507 4297 et
2543 4252 2995 4302 interlocutionis,

1691 4376 2018 4433 2)Hosacker
2035 4375 2298 4434 princ.,iur.
2317 4374 2629 4423 Rom.Germ.
2658 4380 2684 4434 s
2707 4373 2815 4423 127.
2846 4376 2994 4444 infin.

1632 4442 1678 4499 (ιι
1697 4439 1748 4484 in
1785 4440 1929 4486 rebus
1960 4445 2008 4485 et
2040 4438 2127 4485 ubi
2159 4437 2557 4495 interpretatione
2579 4438 2842 4486 doctrinali
2861 4439 2999 4487 locus

1633 4507 1707 4550 est
1724 4534 1739 4559 ‚
1761 4502 1811 4548 in
1832 4501 2127 4560 argumentis
2148 4499 2424 4546 forensibus
2443 4502 2631 4547 cautius
2656 4505 2750 4559 est,
2774 4505 2994 4548 anteces-

1634 4576 1798 4612 sorum
1819 4565 2160 4612 auctoritatem
2183 4563 2336 4620 sequi.
2357 4574 2504 4621 quam
2545 4575 2633 4610 suo
2675 4574 2817 4611 sensu
2849 4565 2994 4610 nimis

1631 4628 1898 4675 abundare.
1911 4627 2096 4685 n)——Ci’.
2119 4637 2251 4684 supr.
2276 4627 2302 4681 ς
2319 4622 2397 4673 56.
2421 4626 2470 4671 in
2487 4624 2646 4672 f.—-J.
2673 4628 2727 4674 C.
2742 4625 2871 4672 Kal!
2881 4627 2990 4674 obs.

1634 4689 1822 4744 dejure
1843 4702 1939 4737 non
1962 4689 2161 4746 scripto,
2182 4692 2275 4734 etc.
2299 4690 2325 4742 s
2347 4685 2423 4734 15.
2444 4700 2493 4745 p.
2517 4686 2613 4735 205
2631 4699 2738 4747 sqq.

1702 4750 1752 4810 ὅ)
1772 4753 1883 4798 vid.
1907 4756 1938 4810 ς
1957 4749 2008 4798 7.
2035 4753 2141 4798 init.
2164 4751 2307 4797 ——Cfi
2339 4753 2394 4798 J.
2432 4754 2641 4798 noes-et·
2678 4748 2992 4810 patriotiscbs

1639 4815 1924 4864 Phantasien
1946 4815 2029 4860 Bd.
2053 4816 2092 4861 1.
2115 4814 2192 4859 Νι.
2218 4814 2360 4860 xxll.
2404 4812 2687 4870 (Schreiben
2706 4814 2837 4859 eines
2858 4813 2991 4858 alten

1640 4877 2066 4935 Rechtsgelebrten
2088 4876 2209 4925 uber
2223 4876 2309 4924 das
2330 4879 2626 4934 sogenannte
2648 4874 2927 4934 silesia-sn.)
