3544 5506
833 355 964 398 car.
1006 356 1078 398 11.
1119 355 1197 398 ur.
1232 355 1471 412 rac-ns,
1513 357 1818 412 'tanquam
1857 359 1935 401 m:
1971 360 2203 405 sumum
2246 364 2533 409 martium.
2981 362 3088 416 113

273 484 348 527 ex
374 467 714 540 aequitate
745 466 838 537 fit,
860 471 998 524 tum
1026 467 1110 524 ob
1133 467 1512 538 singularem
1539 471 1999 528 nonnullarum
2029 488 2368 533 causarum
2399 475 2682 537 favorem
2703 522 2721 549 ,
2748 488 2822 539 ut
2857 498 3089 544 conva-

273 569 520 625 lescant
540 609 557 635 ,
587 565 778 624 simul
820 571 894 623 ut
921 565 985 622 in
1015 581 1164 625 eum
1201 573 1437 625 statum
1476 575 1589 626 aut
1630 565 2006 644 inciderint,
2038 579 2157 630 aut
2198 574 2572 645 reciderint,
2603 584 2674 635 ut
2701 583 2914 641 valere
2943 599 3088 657 pos·

271 663 397 722 sint
416 659 488 734 ⁵).
515 666 855 721 Caeterum
886 662 1140 734 negotia
1158 662 1701 722 transformantur
1717 665 2040 724 interdum
2063 667 2129 725 in
2161 668 2320 739 alia3
2349 672 2525 743 quod
2561 678 2634 730 ut
2658 674 2804 744 flat,
2834 677 2996 738 haec
3021 680 3086 738 in

273 778 478 820 unum
507 767 903 819 concurrant
924 776 1186 819 necesse
1216 768 1312 819 est
1339 779 1356 816 ε
1381 763 1687 833 Primum,
1717 769 1793 821 ut
1822 763 2112 838 negotio,
2147 768 2318 839 quod
2349 776 2792 842 convertatur,
2825 778 3090 838 omnino

274 863 494 921 omnia
521 862 739 934 insint,
774 875 942 933 quae
962 861 1265 926 efficiant.
1297 866 1371 918 ut
1398 868 1725 935 tamquam
1755 863 1929 921 aliud
1962 865 2179 924 valere
2205 868 2403 938 possit
2427 864 2496 941 ⁶).
2524 870 2786 947 Deinde,
2812 880 2886 931 ut
2911 884 3090 938 certo

274 967 566 1027 constet,
599 955 873 1018 voluisse
914 967 1212 1018 auctores
1235 959 1507 1034 negotii,
1538 968 1611 1018 ut
1632 961 1756 1020 hoc
1787 961 1990 1035 ipsum
2020 965 2231 1021 valeat
2250 1006 2268 1039 ‚
2298 969 2891 1043 quomodocunque
2930 989 3083 1047 pos-

274 1059 357 1117 sit
378 1058 429 1131 ⁷)
455 1075 475 1134 ;
507 1071 700 1130 quem
729 1056 795 1113 in
826 1056 1016 1114 finem
1043 1057 1368 1115 clausulae
1397 1057 1916 1117 confirmatoriae
1948 1074 2098 1117 usus
2119 1075 2608 1136 nonnumquam
2641 1066 2765 1125 erit
2796 1083 3090 1131 necessa-

278 1153 413 1212 rius
431 1153 511 1226 8).

773 1281 800 1355 §
839 1283 970 1337 115.
1010 1283 1102 1338 De
1138 1281 1526 1354 neqott'orum
1563 1282 2188 1356 interpretandorum
2225 1283 2470 1344 ratebne
2506 1285 2599 1358 (⁴¹).

358 1409 781 1481 Negotiorum
805 1409 1268 1482 interpretatio,
1294 1410 1445 1468 item
1463 1418 1537 1469 ut
1564 1411 1803 1485 legum,
1833 1413 1932 1470 vel
1956 1414 2326 1472 authentica
2350 1421 2447 1473 est
2475 1410 2538 1489 ι),
2569 1418 2670 1474 vel
2690 1417 3086 1494 doctrinalis,

275 1524 483 1581 eaque
522 1510 625 1566 vel
662 1509 1077 1580 grammatica
1097 1552 1113 1578 ,
1154 1511 1251 1567 vel
1280 1510 1503 1581 logica.
1538 1512 1658 1569 Sed
1682 1512 1877 1569 etiam
1902 1512 2025 1570 alia
2051 1514 2359 1587 pleraque
2396 1515 2562 1573 inter
2586 1519 2992 1589 negotiorum
3021 1530 3089 1581 et

277 1612 492 1682 legum
534 1611 1133 1683 interpretationem
1177 1612 1540 1669 communia
1567 1619 1716 1669 sunt
1738 1612 1817 1684 ²);
1862 1613 2134 1686 plurima
2179 1614 2460 1684 etenim,
2507 1632 2674 1690 quae
2695 1617 2861 1691 juris
2889 1624 3090 1680 nostri

273 1718 581 1769 auctores
600 1713 682 1769 de
706 1710 971 1782 negotiis
994 1712 1491 1784 interpretandis
1524 1720 2017 1786 praeceperunt,
2052 1713 2186 1787 jam
2215 1717 2294 1772 ad
2325 1716 2594 1787 legalem
2623 1712 3088 1793 interpretandi

272 1811 598 1870 rationem
632 1812 857 1869 referri
884 1818 1303 1871 consuerunt.
1346 1816 1414 1870 In
1436 1819 1779 1885 utramque
1822 1812 2015 1885 igitur
2048 1815 2438 1873 conveniunt
2458 1860 2474 1881 ‚
2506 1831 2654 1874 cum
2684 1833 2785 1889 ea,
2814 1836 2980 1893 quae
3006 1822 3087 1881 de

271 1909 531 1966 ratione
553 1949 570 1975 ,
606 1908 775 1965 inter
803 1910 1280 1980 grammaticam
1310 1924 1386 1966 ac
1429 1909 1696 1980 logicam
1738 1910 2336 1983 interpretationem
2379 1912 2816 1972 intercedente
2837 1958 2852 1979 .
2890 1931 3085 1989 supra

270 2008 605 2080 disputata
652 2014 829 2074 sunt,
872 2013 1011 2065 tum
1056 2022 1213 2065 vero
1256 2009 1389 2080 ipsa
1435 2009 1902 2080 interpretandi
1949 2018 2295 2083 praecepta
2315 2052 2331 2077 ‚
2383 2018 2632 2070 tantum
2668 2029 2797 2072 non
2836 2017 3077 2076 omnia.

269 2103 621 2161 Enimvero
648 2104 806 2160 haec
834 2110 982 2161 sunt
1013 2104 1411 2175 negotiorum
1441 2104 2072 2177 interpretandorum
2121 2107 2338 2177 generi
2367 2106 2503 2165 sere
2542 2110 2802 2181 propria
2829 2128 2844 2165 τ
2877 2111 2927 2184 1)
2955 2116 3085 2170 Au-

267 2203 625 2261 thenticam
652 2203 1249 2276 interpretationem
1274 2201 1335 2260 in
1361 2204 1624 2276 negotiis
1648 2220 1781 2261 non
1812 2204 2183 2277 simpliciter
2212 2221 2348 2265 esse
2372 2208 2831 2267 admittendam
2852 2205 2896 2281 ³)
2914 2248 2931 2276 .
2957 2226 3080 2270 nec

274 2304 539 2363 omnino
565 2348 584 2373 ,
627 2304 744 2361 nisi
773 2311 887 2361 aut
927 2304 992 2361 in
1020 2305 1409 2363 testamentis
1434 2301 1520 2373 ⁴),
1550 2310 1665 2361 aut
1694 2306 1757 2361 in
1783 2302 2027 2379 judiciis
2052 2304 2101 2378 ³)
2124 2348 2141 2376 ‚
2181 2307 2269 2363 ita
2310 2301 2448 2364 fieri
2486 2322 2670 2379 posse
2700 2309 2782 2367 ab
2815 2324 2940 2388 eo.
2975 2311 3083 2382 qui

272 2404 483 2462 verbis
524 2405 920 2462 voluntatem
948 2419 1123 2462 suam
1150 2403 1550 2475 significavit,
1575 2409 1648 2460 ut
1669 2419 1864 2463 nemo
1893 2404 2054 2463 alius
2095 2405 2157 2462 in
2200 2420 2282 2463 ea
2314 2421 2386 2463 re
2412 2413 2762 2465 concurrat
2782 2406 2860 2475 ⁶).
2909 2407 2984 2482 ΙΙ)
3017 2412 3086 2468 In

274 2504 681 2576 negotiorum
726 2504 1239 2575 ambiguitatibus
1276 2504 1769 2576 interpretandis
1816 2504 2091 2563 maxime
2136 2504 2450 2578 cujusque
2496 2506 2728 2578 negotii
2782 2513 3081 2567 naturam

274 2617 416 2660 esse
438 2604 852 2675 spectandam
883 2598 1105 2681 (3104.
1141 2609 1278 2661 not.
1304 2600 1416 2675 5.),
1454 2609 1587 2661 tum
1612 2619 1688 2662 ea
1718 2619 1851 2662 non
1876 2603 2275 2675 negligenda,
2299 2619 2467 2677 quae
2496 2620 2535 2662 a
2552 2605 2792 2677 legibus
2815 2607 2981 2666 hanc
3014 2609 3079 2665 in

277 2715 423 2759 rem
463 2702 872 2774 peculiariter
901 2707 1142 2762 statuta
1181 2704 1304 2762 sint
1325 2742 1340 2768 ‚
1374 2704 1587 2775 qualia
1614 2709 1766 2763 sunt
1804 2704 2002 2763 haec:
2034 2701 2091 2776 1)
2135 2719 2284 2763 cum
2330 2704 2468 2778 quis
2498 2705 2563 2764 in
2594 2706 2950 2766 actionibus
2980 2707 3076 2767 in-

275 2802 564 2861 tentione
584 2805 688 2861 vel
704 2804 999 2863 oratione
1022 2805 1317 2875 ambigua
1334 2805 1553 2871 utitur,
1577 2805 1662 2871 id,
1694 2806 1867 2877 quod
1891 2804 1947 2862 ei
1967 2803 2182 2861 utilius
2199 2808 2317 2877 est,
2341 2804 2539 2876 accipi
2570 2806 2764 2864 debet
2787 2802 2858 2879 ⁷).
2881 2808 3080 2880 quue

269 2899 477 2956 multo
497 2900 690 2957 etiam
719 2900 919 2971 magis
949 2899 1009 2973 2)
1038 2902 1118 2959 de
1151 2898 1223 2959 iis
1254 2900 1460 2959 causis
1487 2900 1830 2959 dicendum
1858 2905 1955 2957 est
1974 2945 1990 2972 ,
2023 2915 2297 2972 quarum
2326 2900 2661 2971 singularis
2689 2908 2784 2960 est
2825 2901 2890 2959 in
2936 2900 3079 2978 iure

272 2990 479 3063 favor,
507 3001 584 3051 ut
616 2995 950 3064 libertatis,
984 2995 1395 3069 matrimonii,
1429 2996 1618 3063 dotis,
1647 2995 2123 3066 alimentorum,
2160 3001 2717 3060 testamentorum.
2747 2997 2987 3056 scilicet
3012 3005 3084 3058 ut

270 3091 339 3147 in
369 3090 683 3162 ambiguis
703 3107 823 3164 pro
841 3093 929 3150 eis
954 3094 1472 3165 respondendum
1498 3092 1601 3160 sit,
1633 3099 1769 3149 tum
1793 3106 1947 3149 vero
1972 3090 2218 3163 plenius
2246 3091 2639 3163 accipiantur
2664 3094 3081 3152 statuentium

271 3186 644 3244 voluntates
661 3182 735 3262 ⁸),
763 3186 883 3245 nisi
904 3195 1216 3261 quatenus
1236 3187 1359 3246 alia
1377 3188 1541 3261 juris
1561 3186 2155 3260 interpretandique
2185 3194 2529 3261 praecepta
2552 3189 2875 3247 contraria
2904 3196 3074 3260 sunt,

330 3374 381 3435 5)
399 3379 455 3424 L.
476 3375 525 3424 4.
549 3379 605 3425 1..
626 3376 771 3425 2⁷.—-
791 3380 843 3425 L.
875 3377 954 3426 65.
992 3381 1018 3435 s
1062 3382 1108 3427 1.
1149 3381 1205 3426 D.
1238 3379 1306 3426 de
1340 3376 1450 3426 ritu
1492 3380 1644 3434 nupt.
1710 3376 1763 3420 L.
1783 3373 1834 3422 7.
1859 3377 1952 3430 82.
1976 3377 2030 3423 D.
2049 3371 2120 3423 de
2140 3373 2324 3432 supell.
2343 3377 2442 3437 leq.
2464 3399 2523 3409 —
2543 3388 2676 3434 supr.
2700 3379 2726 3432 S
2747 3375 2827 3424 60.
2857 3384 2959 3424 not.
2984 3376 3081 3437 6.);

266 3436 458 3499 (xxm,
481 3441 551 3498 2.)
574 3466 637 3475 -
660 3442 713 3486 L.
740 3441 787 3487 1.
811 3442 837 3496 S
857 3443 901 3487 1.
925 3448 976 3489 et
997 3441 1044 3489 5.
1066 3444 1120 3488 D.
1147 3442 1216 3488 de
1239 3443 1335 3500 leq.
1358 3439 1406 3487 5.
1710 3438 1887 3495 quibus
1908 3439 2106 3496 quidem
2130 3438 2313 3495 legibus
2333 3439 2530 3485 minime
2553 3440 2783 3486 adstricta
2802 3446 2875 3486 est
2896 3441 3081 3498 legum-

330 3499 381 3558 6)
401 3503 455 3549 L.
479 3501 530 3549 5.
549 3514 627 3561 pr.
650 3504 706 3548 D.
727 3503 797 3549 de
820 3515 956 3552 resc.
981 3506 1139 3552 vend.
1156 3504 1340 3566 (xvlll,
1354 3502 1542 3561 5.)—1..
1566 3502 1644 3549 19.
1710 3501 1924 3546 latorum
1948 3501 2074 3550 iuter
2110 3501 2282 3548 relatio
2304 3500 2582 3548 authentica
2604 3501 2720 3557 (vid.
2745 3503 2927 3562 scriptt.
2949 3505 2975 3558 S
2996 3500 3076 3550 51.

268 3573 347 3618 pr.
374 3567 429 3610 D.
465 3565 537 3612 de
568 3565 988 3621 acceptilatione.
1015 3568 1192 3625 (XLVI,
1216 3564 1284 3625 4.)
1711 3567 1814 3610 not.
1839 3565 1886 3609 2.
1911 3567 1959 3609 et
1981 3563 2007 3616 S
2026 3566 2058 3612 5
2093 3600 2106 3612 .
2126 3568 2229 3610 not.
2253 3565 2300 3609 2.
2323 3565 2373 3609 in
2396 3564 2483 3608 fin.
2504 3563 2635 3620 citt.)

334 3624 387 3672 7)
414 3627 467 3673 L.
505 3625 554 3673 8.
590 3639 666 3685 pr.
700 3629 755 3675 D.
788 3628 855 3673 de
887 3631 1127 3686 acc-epm.
1154 3654 1215 3663 —-
1240 3631 1290 3676 L.
1314 3630 1359 3674 1.
1381 3629 1407 3684 S
1430 3623 1477 3673 4.
1502 3628 1556 3672 D.
1579 3625 1647 3672 de
1771 3624 1819 3680 4)
1842 3629 1894 3672 L.
1924 3627 2002 3670 21.
2027 3630 2052 3682 ς
2073 3629 2119 3674 1.
2140 3628 2195 3672 D.
2218 3625 2314 3682 qui
2333 3629 2451 3672 test.
2475 3623 2584 3677 fac.
2606 3637 2746 3681 poss.

265 3689 570 3737 constituta
584 3690 836 3746 pecunia.
859 3690 999 3747 (xlll,
1021 3691 1153 3744 5.)-
1175 3697 1228 3740 L.
1255 3693 1300 3737 1.
1322 3696 1349 3749 ς
1369 3690 1418 3736 2.
1446 3691 1495 3736 in
1519 3690 1557 3735 f.
1579 3688 1649 3734 de
1774 3687 1822 3742 5)
1845 3690 1896 3734 L.
1925 3686 2005 3734 83.
2033 3692 2060 3745 ς
2081 3693 2126 3737 1.
2151 3690 2205 3734 D.
2230 3689 2388 3737 deV.
2411 3691 2469 3734 0.
2494 3713 2553 3721 -—
2577 3689 2686 3735 vid.
2709 3688 3019 3736 Averanius
3039 3692 3072 3736 Ι.

270 3755 341 3799 V.
370 3754 507 3798 0.-
532 3755 583 3799 L.
606 3750 657 3798 9.
682 3753 734 3799 D.
756 3754 824 3799 de
851 3754 1133 3810 sponsalib.
1160 3755 1342 3814 (xxm,
1363 3753 1499 3809 1.)-
1520 3752 1573 3797 L.
1600 3751 1644 3795 1.
1713 3751 1746 3795 l.
1777 3753 1833 3806 ll,
1856 3749 1937 3797 50.
1963 3762 2037 3798 nr.
2062 3751 2091 3799 4
2112 3763 2215 3809 sqq.

264 3816 320 3859 D.
348 3814 565 3870 dejure
587 3813 873 3862 codicillor.
898 3816 1077 3871 (ΧΧΙΧ,
1099 3816 1167 3874 7.)
1776 3811 1823 3870 6)
1847 3815 1897 3859 l..
1918 3813 1993 3858 12.
2017 3817 2072 3862 D.
2089 3814 2159 3861 de
2181 3815 2440 3861 transact.
2469 3811 2535 3868 (ΙΙ
2557 3845 2572 3869 ,
2605 3809 2703 3868 15.)
2728 3836 2785 3845 -
2808 3812 2859 3857 L.
2880 3809 2958 3858 83.
2984 3815 3073 3880 3¹1.

326 3874 380 3934 8)
404 3878 460 3922 L.
486 3874 565 3924 41.
590 3875 686 3933 55.
709 3878 848 3924 [mie
868 3879 1215 3938 vulq.etpup.
1232 3877 1398 3925 subst.
1420 3879 1647 3938 (xxvlll,
1712 3875 1765 3920 L.
1789 3874 1873 3922 99.
1903 3887 1976 3933 pr.
2003 3878 2053 3923 in
2076 3878 2113 3923 f.
2138 3878 2194 3922 D.
2223 3876 2293 3922 de
2311 3876 2382 3922 V.
2408 3876 2465 3919 0.
2487 3897 2548 3906 ——
2570 3874 2642 3920 Cf.
2668 3875 2720 3919 L.
2744 3870 2824 3919 52.
2855 3885 2927 3931 pr.
2952 3877 3068 3922 eod.

258 3936 333 3994 6.)
354 3964 419 3972 -
440 3940 493 3985 L.
517 3939 566 3985 8.
588 3951 664 3996 pr.
690 3941 743 3986 C.
763 3940 834 3986 de
850 3941 1078 3987 code'ce'll.
1102 3943 1200 4000 (vl,
1217 3940 1317 3999 56.)
1340 3966 1395 3975 -
1417 3941 1488 3989 cf.
1517 3944 1647 3990 We·
1712 3943 1760 3983 et
1783 3939 1833 3984 L.
1853 3935 1902 3984 9.
1927 3939 1979 3983 D.
2006 3938 2072 3984 de
2093 3938 2270 3995 stipat.
2290 3938 2528 3993 praetor.
2550 3936 2707 3991 (val
2724 3968 2739 3994 ‚
2761 3935 2829 3991 5.)

259 4000 363 4048 ber
379 4002 448 4048 ad
465 4000 834 4059 Hoepsnerum
857 4003 883 4056 S
903 4000 1013 4050 628.
1040 4005 1186 4051 not.'.
1775 3998 1823 4057 7)
1847 4002 1897 4046 L.
1915 3998 1994 4046 66.
2025 4003 2079 4046 D.
2101 3999 2299 4057 dejud.
2321 3998 2399 4054 (V,
2424 3999 2489 4054 1.)

883 4097 912 4152 3
930 4092 1036 4141 ¹¹5⁸
1707 4059 2738 4180 degsszangffnizjs.{gsfftgilllfffityss-(Ysqssg.)
2752 4085 2824 4179 ιζ.
2840 4057 2996 4170 13⁶2}
3013 4064 3073 4171 ²¹33

324 4184 387 4242 Γ)
412 4182 681 4231 Auen-cmii
695 4185 899 4244 interpr.
922 4187 1024 4243 jur.
1048 4187 1152 4233 Lib.
1179 4186 1235 4230 ll.
1254 4195 1299 4230 c.
1324 4179 1404 4228 50.
1429 4184 1510 4230 111.
1534 4184 1644 4232 c.17
1694 4188 1816 4244 jud.
1844 4187 1975 4240 (xLll
1992 4220 2006 4241 ,
2030 4186 2096 4244 1.)
2120 4212 2178 4220 -
2203 4189 2254 4231 L.
2276 4184 2354 4230 20.
2381 4190 2428 4229 et
2451 4183 2558 4231 179.
2586 4186 2638 4230 D.
2658 4182 2725 4229 de
2745 4189 2985 4246 reffijar.
3008 4212 3069 4220 —

258 4272 321 4281 —
344 4243 432 4291 25.
462 4246 542 4290 tv.
562 4257 608 4290 c.
633 4245 652 4292 1
682 4272 743 4280 -
765 4250 814 4295 3.
842 4248 874 4296 9
892 4273 952 4282 —-
978 4249 1052 4293 11.
1077 4249 1154 4294 13.
1181 4245 1258 4294 14.
1284 4245 1363 4293 17.
1387 4248 1446 4292 V.
1466 4248 1644 4293 (3.1-
1708 4252 1759 4296 1..
1784 4248 1866 4295 70.
1891 4251 1945 4294 D.
1973 4248 2180 4304 dejure
2197 4248 2307 4294 dot.
2329 4247 2503 4301 (xxm
2521 4281 2535 4302 ,
2563 4245 2642 4303 ὅ.)
2662 4271 2721 4278 -
2747 4249 2796 4292 t..
2818 4245 2896 4294 ⁸5.
2923 4260 2996 4305 pr.
3021 4250 3074 4296 1».

257 4307 813 4362 ¹¹.—G.C.Hosacker
828 4313 983 4370 princ.
998 4313 1098 4366 jur.
1118 4313 1210 4357 civ.
1234 4314 1372 4356 Rom.
1396 4310 1559 4355 Germ.
1584 4311 1641 4355 T.
1708 4312 1776 4358 de
1797 4313 2032 4369 rey.ju1·.
2058 4336 2113 4344 -—
2141 4313 2193 4357 L.
2214 4309 2263 4357 5.
2290 4311 2343 4355 D.
2366 4311 2482 4355 test.
2504 4307 2802 4367 quemadm.
2831 4309 3076 4366 aperian-

259 4373 299 4418 Ι.
320 4374 349 4427 S
370 4367 471 4415 225
492 4393 551 4403 -
574 4370 760 4418 250.-
789 4375 838 4420 C.
863 4374 971 4420 Sal.
992 4374 1308 4420 Zachariae
1330 4372 1451 4419 liber
1473 4384 1648 4432 quaes·
1712 4379 1807 4420 tw·
1825 4373 1841 4429 (
1858 4373 2000 4417 xxix
2016 4408 2031 4430 ,
2052 4375 2100 4418 3.
2117 4375 2134 4430 )
2153 4397 2211 4406 —-
2234 4373 2285 4417 L.
2308 4367 2387 4415 25.
2413 4372 2466 4419 D.
2491 4371 2557 4417 de
2575 4371 2684 4417 reb.
2708 4371 2833 4418 dub.
2853 4373 3075 4431 (xxxiv,

254 4435 387 4480 tion.
407 4434 445 4478 1.
469 4429 520 4479 5.
1712 4434 1849 4494 5.)-
1870 4435 1923 4480 L.
1949 4433 2025 4481 12.
2049 4437 2103 4481 D.
2126 4434 2191 4481 de
2211 4434 2443 4493 re9.J'u›-.
2462 4457 2516 4466 —
2534 4446 2578 4480 e.
2599 4432 2676 4479 26.
2696 4433 2761 4479 de
2784 4439 2921 4480 sent.
2942 4439 2998 4480 et
3017 4448 3076 4482 re

328 4499 378 4555 1)
417 4497 474 4541 1..
511 4493 593 4544 96.
631 4500 685 4544 D.
720 4498 789 4546 de
820 4510 927 4556 req.
948 4501 1066 4553 jur.
1090 4522 1145 4530 -
1183 4498 1238 4543 L.
1259 4499 1338 4544 21.
1367 4496 1457 4550 §1-
1482 4499 1534 4543 D.
1560 4494 1654 4555 qai
1702 4498 1826 4556 jad.
1848 4498 1935 4553 (ll,
1960 4495 2061 4555 27.)
2089 4497 2102 4552 (
2125 4513 2149 4540 κ
2173 4496 2624 4552 DuobusJudicibus
2643 4497 2857 4542 diversas
2879 4501 3075 4545 senteu-

257 4565 478 4607 testam.
497 4557 610 4611 sac.
629 4562 1109 4617 possunt.(xxvm‚
1135 4562 1199 4618 1.)
1717 4564 1808 4607 tias
1843 4559 2227 4617 proferentibus,
2256 4564 2388 4605 tenet
2419 4571 2505 4616 pro
2534 4571 2641 4605 reo.
2677 4570 2774 4603 non
2802 4571 2888 4617 pro
2909 4566 3073 4605 actore

321 4622 375 4680 2)
402 4623 514 4668 vid.
548 4635 685 4680 supr.
712 4625 737 4678 S
759 4622 838 4671 58.
864 4647 921 4656 -
946 4623 1020 4670 Cf.
1044 4624 1349 4671 Averanius
1380 4623 1413 4668 l.
1437 4623 1470 4668 l.
1495 4623 1574 4668 111.
1598 4633 1643 4665 c.
1709 4624 1947 4669 sententia
1970 4638 1981 4667 :
2017 4622 2123 4669 nisi
2143 4623 2200 4667 in
2217 4633 2386 4668 causa
2405 4620 2706 4680 favorabili,
2729 4625 2863 4676 puta
2887 4623 3071 4668 maeri-

256 4684 341 4732 19.
368 4698 447 4732 nr.
472 4682 505 4729 5
527 4697 637 4743 sqq.
661 4687 739 4731 lv.
758 4699 802 4731 c.
827 4687 905 4731 11.
1712 4683 1903 4745 monio,
1927 4683 2199 4742 libertate,
2225 4682 2371 4746 dote,
2395 4695 2490 4729 seu
2515 4687 2829 4729 testamento
2848 4697 2946 4739 pro
2962 4684 3073 4739 ipso

320 4749 374 4805 3)
396 4748 520 4792 Nam
541 4753 593 4794 et
608 4749 830 4806 judices,
850 4754 898 4793 et
916 4747 1091 4806 privati
1108 4747 1329 4793 homines
1344 4782 1360 4803 ,
1386 4748 1647 4792 sententias
1709 4747 1876 4801 sueri!
1890 4749 2274 4807 promulgatam
2295 4745 2312 4802 )
2332 4771 2390 4780 —-
2422 4747 2571 4804 [Quae
2588 4747 2792 4802 legimur
2815 4746 2864 4791 L.
2885 4747 2959 4791 17.
2980 4749 3003 4800 S
3025 4747 3068 4792 1.

256 4811 558 4867 negotiaque
589 4809 656 4855 ab
699 4811 817 4866 ipsis
855 4812 1071 4867 protecta
1100 4810 1492 4867 interpretaturi,
1517 4812 1642 4855 ultra
1705 4812 1771 4857 de
1790 4811 1886 4868 leq.
1912 4812 1947 4855 l.
1973 4815 2020 4854 et
2043 4810 2093 4854 L.
2120 4807 2198 4855 15.
2225 4806 2326 4866 (la)
2349 4822 2423 4867 pr.
2450 4811 2503 4854 D.
2536 4807 2603 4854 de
2631 4807 2738 4854 reb.
2759 4807 2883 4854 dub.
2910 4815 3074 4865 aperte

257 4885 409 4930 quam
431 4874 617 4918 veritas
647 4872 817 4929 reique
849 4877 1024 4918 natura
1053 4874 1264 4928 patitur,
1295 4873 1516 4929 progredi
1548 4883 1644 4916 nou
1706 4885 1764 4919 ex
1781 4888 1804 4913 ιι
1819 4872 1982 4918 favore
2003 4883 2177 4917 causae
2204 4887 2228 4914 n
2251 4870 2609 4929 interpretanda
2622 4876 2673 4915 ct
2693 4870 3073 4928 tamquamjura

260 4935 443 4982 debent
483 4935 621 4989 (vid.
649 4936 807 4981 Danz
830 4934 1040 4982 ordentl.
1070 4933 1266 4981 Proteia
1285 4935 1312 4988 S
1332 4932 1445 4982 451.
1464 4938 1512 4980 et
1532 4937 1643 4992 Arg.
1710 4934 1974 4993 singularia
1987 4933 2212 4983 habenda
2235 4939 2366 4982 suut.
2389 4959 2444 4967 —-
2469 4934 2520 4981 E.
2544 4932 2624 4989 G.]

2667 5031 2742 5089 15
