3544 5506
987 351 1123 393 GAP·
1165 351 1264 393 111.
1303 352 1380 394 ΒΕ
1419 349 1783 395 nummum
1819 351 2309 395 manarum.
2940 343 3051 401 617

241 468 396 520 natu
406 478 476 520 ra
498 469 644 520 tum
664 477 742 522 ex
764 463 1133 536 disciplinae
1156 471 1415 524 nostrae
1435 480 1555 523 usu
1574 464 1664 524 eis
1688 466 2030 524 conveniat
2050 461 2146 540 ¹³).
2173 467 2505 525 Caeterum
2535 467 3051 531 reconciliatione

242 557 414 616 l'acta
446 559 795 630 gratiarum
818 554 986 618 inter
1010 566 1310 636 parentes=
1328 555 1691 633 liberosque
1717 567 2102 620 testamento
2131 564 2418 622 nondum
2443 565 2729 641 condito,
2744 566 2851 639 jus
2879 584 3044 641 quo-

241 673 370 731 que
399 658 538 716 tolli
565 664 950 718 testatorum
977 703 994 729 ‚
1020 675 1097 718 ex
1127 660 1222 729 iis,
1248 675 1408 733 quas
1430 660 1717 728 diximus,
1750 661 1954 720 causis
1989 661 2418 721 exheredandi
2448 664 2842 724 necessarios
2871 666 3046 726 here-

243 753 380 825 des,
402 761 912 815 consentaneum
941 770 1077 814 esse
1098 755 1353 815 videtur
1366 751 1439 830 ¹⁴)
1452 799 1468 815 .

591 954 618 1028 ς
648 953 791 1013 684.
828 952 900 1024 β)
929 954 1010 1010 Dc
1028 951 1475 1021 exhor-edanum,
1501 925 1644 1030 quac
1662 951 1735 1031 fit
1771 951 1919 1010 bona
1939 958 2136 1020 mente,
2163 950 2382 1030 ejusque
2394 952 2580 1011 causis
2598 953 2694 1030 (*).

323 1146 429 1201 Est
457 1137 647 1201 etiam
678 1140 1111 1208 exheredatio‚
1137 1154 1331 1213 quam
1355 1147 1589 1198 vocant
1615 1140 1786 1198 bona
1812 1148 2030 1200 mente
2065 1141 2301 1201 factam
2322 1184 2337 1212 ,
2365 1145 2693 1203 contrario
2746 1144 3043 1219 opposito

240 1244 502 1301 nomine
540 1242 678 1317 ejus
700 1284 718 1312 ‚
750 1258 918 1315 quae
959 1243 1129 1299 mala
1171 1246 1389 1299 mente
1421 1242 1531 1298 ssat
1553 1238 1631 1314 ¹);
1665 1243 1745 1299 ad
1787 1258 1979 1314 quam
2010 1244 2263 1316 quidem
2298 1245 2497 1303 solam
2537 1245 2876 1306 referenda
2910 1264 3048 1307 esse

238 1350 545 1414 putamus
564 1386 580 1411 ‚
608 1356 778 1415 quae
809 1342 891 1400 de
922 1340 1491 1400 exheredationum
1522 1338 1725 1400 causis
1762 1357 2117 1416 earumque
2142 1350 2535 1404 testamento
2559 1342 3043 1407 inserendarum

238 1440 621 1497 necessitate
634 1438 828 1496 modo
851 1437 1180 1510 proposita
1202 1443 1374 1507 sunt,
1397 1452 1544 1495 cum
1568 1444 2075 1499 consentaneum
2104 1456 2235 1499 non
2258 1442 2360 1512 sit,
2378 1459 2543 1515 quae
2560 1450 2653 1502 tot
2662 1444 2824 1517 ,iuris
2847 1445 3047 1503 nostri

241 1537 396 1597 locis
424 1546 491 1597 et
521 1540 605 1597 de
635 1545 1082 1612 postumorum
1117 1542 1183 1594 et
1219 1539 1299 1595 de
1340 1538 1738 1611 impuberum
1780 1537 2297 1613 furiosorumque
2330 1543 2824 1602 exheredatione
2864 1559 3044 1617 prae-

243 1640 436 1706 cepta
479 1635 601 1692 sint
622 1676 638 1703 ‚
671 1635 795 1693 hac
824 1648 964 1692 esse
984 1634 1398 1705 sublata'lege
1423 1676 1440 1703 ‚
1476 1649 1667 1706 quam
1698 1635 1782 1692 de
1807 1633 2178 1693 facinorosis
2207 1632 2565 1695 hominibus
2592 1639 3047 1700 exheredandis

245 1729 514 1792 sancivit
543 1735 891 1807 imperator
920 1729 991 1806 ²).
1028 1737 1536 1806 interpretamur
1562 1741 1778 1792 autem
1820 1736 1990 1794 bona
2027 1743 2240 1795 mente
2281 1738 2834 1798 exheredationem
2865 1761 2881 1798 ε
2915 1759 3045 1814 qua

244 1832 586 1888 consulere
611 1831 881 1889 maxime
903 1832 1157 1889 studeat
1184 1837 1456 1890 testator
1478 1831 1566 1887 eis
1591 1872 1607 1897 ‚
1638 1845 1803 1903 quos
1828 1832 2173 1892 exheredes
2198 1829 2436 1909 scribit,
2461 1836 2800 1895 scilicetne
2817 1881 2834 1907 ‚
2865 1837 3050 1898 bonis

247 1920 633 2001 dilapidatis,
663 1934 893 1998 egeant
915 1926 1028 1999 ipsi
1055 1926 1314 1984 liberive
1341 1942 1567 1985 eorum
1599 1923 1669 1996 ³).
1706 1923 1869 1984 'ralis
1892 1923 2082 1999 igitur
2110 1931 2225 2004 sit,
2257 1945 2424 2002 quae
2449 1930 2571 1989 hoc
2599 1934 2792 1992 modo
2825 1936 3049 1993 exclu-

239 2024 459 2099 datur,
497 2040 793 2097 persona,
823 2041 991 2098 quae
1016 2033 1127 2084 aut
1157 2041 1271 2084 sua
1297 2026 1490 2098 ipsius
1514 2027 1761 2084 luxuria
1786 2033 1897 2085 aut
1927 2028 2198 2086 aliorum
2235 2031 2334 2088 vel
2364 2030 2619 2090 levitate
2640 2033 2738 2090 vel
2764 2034 3046 2106 nequitia

241 2124 718 2196 periclitaretur
747 2169 764 2200 ,
810 2122 861 2182 si
891 2126 1101 2183 statim
1137 2132 1282 2197 post
1304 2132 1580 2184 mortem
1619 2128 1939 2185 testatoris
1980 2129 2248 2200 pecunia
2273 2131 2351 2187 ad
2379 2145 2521 2194 eos,
2551 2132 2869 2205 plenoque
2886 2134 3039 2206 jure

239 2222 616 2293 pertineret.
669 2226 999 2279 Praeterea
1027 2222 1412 2295 requiritur,
1444 2237 1591 2279 cum
1620 2229 1694 2279 ut
1733 2237 1926 2281 causa
1953 2230 2342 2283 testamento
2381 2226 2810 2298 exprimatur,
2843 2246 3047 2302 quare

237 2324 455 2375 motus
469 2317 548 2375 sit
566 2323 858 2386 testator,
891 2324 963 2375 ut
987 2317 1071 2375 ita
1100 2323 1432 2391 statueret,
1452 2324 1585 2376 tum
1607 2332 1760 2377 vero
1790 2320 2037 2377 animus
2058 2321 2375 2379 testatoris
2402 2337 2558 2393 erga
2582 2323 3040 2385 exheredatum

239 2416 590 2475 benevolus
625 2431 700 2474 ex
742 2418 933 2489 ipsius
966 2408 1328 2476 testamenti
1368 2424 1750 2487 argumento
1793 2414 2158 2477 certissimis
2194 2415 2435 2478 indiciis
2471 2430 2780 2493 appareat
2808 2420 2873 2496 ⁴).
2904 2429 3046 2483 Jam

241 2529 403 2572 vero
449 2514 499 2572 si
531 2511 693 2573 haec
728 2517 985 2591 adsunt,
1018 2532 1054 2574 e
1084 2516 1313 2589 quibus
1334 2515 1521 2589 hujus
1548 2517 2052 2577 exheredationis
2075 2519 2164 2577 vis
2186 2521 2284 2578 vel
2309 2521 2578 2580 maxime
2603 2525 2865 2597 pendet,
2890 2527 3045 2584 nihil

238 2610 542 2687 impedit.
578 2631 740 2687 quos
779 2617 991 2673 minus
1024 2618 1217 2674 etiam
1249 2616 1436 2674 heres
1477 2617 1703 2689 aliquis
1730 2618 2099 2676 instituatur
2129 2620 2246 2677 sub
2285 2617 2595 2692 ejusmodi
2632 2624 2998 2683 conditione
3021 2667 3038 2693 ‚

239 2726 436 2783 quam
467 2709 774 2784 alioquin,
806 2727 950 2770 cum
975 2719 1087 2770 aut
1105 2712 1211 2786 jus
1241 2711 1335 2770 sui
1361 2711 1615 2771 heredis
1644 2714 1875 2784 laedat,
1907 2722 2019 2775 aut
2043 2710 2360 2788 legitimae
2387 2717 2664 2789 portioni
2691 2734 2855 2778 onus
2880 2720 3042 2796 adji-

239 2811 391 2876 ciat,
419 2810 678 2870 minime
705 2809 951 2870 admitti
980 2812 1074 2872 fas
1104 2809 1183 2872 sit
1211 2811 1285 2886 ⁵).

239 2991 266 3062 5
296 2990 441 3051 685.
471 2993 577 3051 111.
607 2990 805 3051 Minus
823 2990 1096 3052 solemnia
1114 2998 1451 3052 tostamcnta
1465 3009 1487 3057 ,·
1522 2988 1599 3065 A)
1627 2991 1930 3068 ejusmodi,
1954 3011 2098 3071 quae
2121 2995 2410 3053 communi
2439 2996 2696 3055 omnium
2710 2996 2847 3073 jure
2869 2996 3044 3077 fiunt,

1337 3107 1385 3147 s.
1414 3087 1481 3147 de
1501 3089 1771 3151 codicillis
1795 3090 1899 3168 (*).

325 3284 533 3344 Minus
547 3286 854 3345 solemnia
873 3289 1274 3353 testamenta,
1290 3286 1354 3343 in
1374 3281 1601 3359 quibus
1616 3302 1876 3346 necesse
1896 3302 2023 3346 non
2035 3294 2132 3346 est
2141 3288 2462 3347 observari
2477 3289 2712 3360 omnia,
2730 3304 2896 3361 quae
2911 3291 3041 3362 ple-

240 3395 520 3454 rumque
533 3383 950 3454 requiruntur
970 3381 1033 3438 in
1053 3377 1467 3451 testamentis,
1487 3388 1600 3440 aut
1612 3384 1938 3442 communi
1951 3386 2231 3443 omnium
2240 3385 2388 3460 jure
2404 3386 2587 3462 liunt,
2607 3391 2718 3444 aut
2737 3386 3036 3457 singulari

307 3575 387 3635 15)
409 3579 484 3625 Cf.
506 3590 651 3635 supra
673 3579 698 3633 S
720 3574 799 3624 Μ.
835 3580 938 3623 not.
958 3573 1008 3621 9.
1053 3579 1103 3622 et
1141 3572 1394 3622 Auctoris
1414 3575 1602 3621 contin.
1667 3588 1787 3625 cur.
1810 3576 1920 3633 fur.
1944 3582 2150 3636 (xxvii,
2175 3581 2272 3639 10.)
2295 3604 2355 3613 -
2395 3583 2445 3627 1..
2471 3582 2548 3627 12.
2592 3583 2618 3637 ς
2637 3582 2684 3628 2.
2733 3583 2789 3628 D.
2826 3581 2893 3628 de
2915 3581 3036 3629 bon.

241 3641 279 3685 l.
324 3642 359 3685 l.
403 3653 452 3698 p.
498 3642 585 3686 181
629 3665 689 3674 -
723 3637 832 3686 184.
858 3663 913 3672 -
938 3637 1103 3684 Latius
1124 3638 1272 3684 etiam
1295 3638 1608 3696 progreditur
1669 3640 1839 3689 libert.
1868 3668 1926 3678 —
1950 3647 2225 3702 Caeterum,
2247 3644 2480 3701 quoniam
2506 3656 2601 3690 non
2626 3644 2716 3690 nisi
2738 3645 3005 3690 liberorum
3024 3678 3039 3704 ,

240 3701 540 3750 Bluntsohti
555 3706 587 3750 1.
616 3704 649 3749 l.
676 3715 722 3760 p.
742 3699 1013 3748 229-232.
1671 3706 1856 3752 mentio
1879 3706 1931 3751 fit
1955 3709 2001 3752 in
2022 3707 2130 3762 iure
2152 3714 2317 3752 nostro
2339 3739 2353 3760 ,
2374 3706 2433 3750 de
2458 3707 2737 3763 parentibus
2767 3707 2935 3763 quaeri
2959 3717 3040 3752 so·

308 3763 391 3821 14)
431 3768 543 3822 Arg.
570 3767 624 3811 1..
647 3764 728 3811 23.
754 3776 828 3820 m·-
855 3765 908 3809 D·
933 3762 983 3808 lt·
1010 3760 1529 3816 l--Pufssndvrf0M-
1550 3762 1611 3818 Π,
1677 3767 1744 3811 let
1766 3800 1782 3823 ‚
1806 3772 1853 3812 et
1878 3771 1948 3814 vel
1972 3770 2180 3815 maxime
2203 3771 2264 3815 de
2288 3768 2518 3814 fratribus
2540 3771 2647 3814 scil.
2673 3781 2791 3814 num
2812 3781 2871 3813 eo
2895 3770 3038 3814 modo

236 3825 548 3873 8.—Caeter.
572 3827 636 3874 cf.
661 3823 822 3873 Glt'a’ck
840 3827 873 3871 l.
897 3827 927 3871 1.
949 3837 998 3883 p.
1016 3822 1607 3871 2¹7-222.-—Auctoris
1674 3829 1954 3876 exheredari
1972 3833 2185 3890 queant?
2220 3856 2281 3868 —
2315 3829 2387 3875 (ΞΕ.
2417 3829 2683 3884 ΗοΓασΙεει·
2718 3843 2791 3888 pr.
2821 3831 2919 3884 jur.
2942 3830 3038 3876 civ.

237 3889 432 3935 contin.
477 3890 510 3935 l.
553 3892 587 3936 1.
621 3902 668 3947 p.
704 3887 796 3935 185
838 3899 944 3946 sqq.
967 3887 1066 3943 (ΝΡ.
1094 3887 1171 3942 n.)
1200 3911 1254 3919 ——
1281 3886 1541 3934 Mater-ol!
1559 3887 1609 3932 in
1665 3897 1799 3937 rom.
1824 3895 1984 3939 Germ.
2010 3894 2069 3938 T.
2108 3894 2165 3938 ll.
2185 3896 2211 3949 S
2238 3890 2398 3948 ¹702„
2422 3905 2629 3949 (piceum
2651 3905 2747 3938 non
2768 3905 2853 3950 per
2871 3893 3038 3938 omnia

240 3950 482 3999 zeitschr.
506 3951 542 3997 f.
567 3953 735 3998 Civilia
759 3964 810 3997 u.
834 3952 975 3996 Proz.
1002 3950 1080 3996 vl.
1102 3961 1150 4007 p.
1169 3946 1234 3995 70
1253 3961 1358 4007 sqq.
1671 3955 1910 4000 consentit
1933 3954 2092 4002 Glziclc
2114 3954 2264 4001 Pand.
2294 3955 2390 3999 Vll.
2409 3967 2453 4011 p.
2469 3954 2799 4002 260-202.—
2826 3954 2900 4000 Cl'.
2925 3955 3038 4000 Au-

1676 4016 1841 4062 ctor-Is
1863 4020 2046 4064 contin.
2074 4019 2107 4063 l.
2131 4019 2163 4063 l.
2186 4031 2233 4075 p.
2259 4014 2353 4062 ⁴6⁴
2371 4028 2443 4071 sq.

840 4074 866 4128 s
899 4070 1013 4119 68⁴·
1741 4077 1788 4136 4)
1824 4082 1877 4126 1..
1903 4077 2096 4134 vase.
2125 4080 2177 4125 n.
2202 4075 2659 4131 decurram-1..
2682 4076 2760 4126 18.
2784 4078 2834 4124 in
2858 4077 2894 4124 r.
2919 4077 2974 4122 ιι.
3000 4080 3038 4123 ι.

1681 4158 1706 4184 ιι
1727 4166 1787 4175 --
1810 4167 1865 4175 —
1892 4142 2221 4199 impuberibus
2245 4174 2260 4195 ,
2292 4142 2431 4198 eique
2453 4142 2874 4187 fideicommissarii
2898 4140 3041 4185 here·

308 4199 369 4257 (·)
407 4199 649 4246 Froneke
685 4196 1104 4244 Notherbenrecbt
1123 4198 1149 4252 s
1171 4193 1249 4242 3⁴·
1274 4219 1333 4231 —·
1352 4195 1602 4243 Auctoris
1673 4204 1873 4251 <litatem
1914 4205 2032 4250 dant
2055 4220 2101 4250 η.
2146 4227 2196 4237 --
2231 4204 2284 4249 1..
2328 4204 2406 4247 12.
2448 4205 2473 4257 s
2510 4203 2558 4249 2.
2605 4205 2627 4249 t
2710 4204 2778 4252 de
2810 4203 2931 4249 bon.
2951 4201 3036 4247 tib.

241 4264 434 4309 ‘Omin-
460 4263 684 4307 xxxvn·
705 4264 732 4318 S
753 4257 926 4305 14958·
948 4272 997 4317 1)·
1033 4255 1312 4304 591-405·
1675 4283 1702 4310 ιι
1725 4290 1785 4298 -
1811 4291 1873 4302 -
1895 4265 2222 4322 heredemque
2242 4266 2516 4310 institutum
2543 4270 2765 4322 rogatum
2791 4298 2806 4315 ,
2825 4265 2869 4310 ei
2893 4265 3039 4310 resti-

306 4325 356 4382 ¹)
389 4324 543 4370 L-12-
570 4324 735 4378 521)-
762 4321 830 4368 de
852 4321 974 4368 bon·
999 4320 1172 4368 libert·
1199 4319 1495 4376 (xxxvlll.
1522 4319 1610 4377 2.)
1675 4335 1810 4375 tuere
1831 4326 2147 4374 hereditatem
2169 4343 2216 4372 η.
2248 4352 2308 4360 -
2342 4329 2413 4374 cr.
2439 4329 2491 4373 1..
2515 4325 2565 4373 5.
2599 4329 2693 4383 ss.
2720 4330 2773 4373 υ.
2792 4326 2858 4373 de
2879 4337 3032 4372 usur.

241 4402 268 4429 u
293 4388 345 4433 Si
368 4388 480 4445 quis
503 4398 610 4431 non
634 4386 776 4430 mala
797 4387 970 4431 mente
990 4381 1232 4441 parentis
1253 4381 1612 4428 exheredatus
1674 4391 1814 4448 (χχιι
1839 4423 1852 4448 ,
1901 4387 1967 4445 1,)
2005 4415 2065 4425 .-
2101 4390 2311 4436 omnino
2332 4392 2429 4437 vid,
2451 4390 2705 4437 Aue-topi,
2725 4389 2908 4437 comm,
2933 4390 2968 4435 ι,
2996 4391 3033 4435 1,

249 4449 327 4495 sit
348 4464 442 4492 ιν-
462 4469 525 4481 -
554 4482 566 4493 .
600 4449 675 4493 ct.
701 4448 753 4492 L.
771 4445 848 4492 18.
871 4448 924 4493 D.
951 4445 1002 4491 Ιι.
1027 4448 1067 4492 Ι.
1091 4447 1212 4500 (not.
1236 4445 1326 4499 3.).
1675 4467 1721 4513 p,
1747 4450 2017 4499 452-463,

303 4510 355 4570 Ξ)
391 4510 597 4556 Dissent.
639 4514 747 4564 post
771 4510 888 4554 alios
930 4506 1312 4555 Unterlzoezner
1353 4505 1524 4552 Archiv
1569 4506 1607 4552 f.
1679 4569 1680 4572 Ἴ
1737 4512 1785 4571 5)
1811 4516 1860 4560 Ι..
1887 4513 1964 4559 16.
1982 4516 2006 4569 s
2023 4512 2073 4560 ⁴2.
2096 4513 2145 4557 in
2173 4512 2210 4557 f.
2233 4516 2288 4560 D.
2306 4513 2504 4561 ἄεσαν.
2526 4511 2757 4568 fun—1..
2780 4510 2862 4560 25.
2887 4512 2943 4558 C.
2966 4511 3035 4559 de

238 4574 337 4621 civ.
357 4575 443 4620 Pr.
465 4573 526 4619 ll.
553 4585 601 4630 p.
626 4570 705 4616 52.
727 4569 806 4617 53.
833 4575 882 4616 et
900 4568 1370 4618 Francken—cr.
1391 4574 1439 4612 et
1463 4567 1612 4614 Zim-
1676 4576 1824 4634 moff.
1848 4577 1966 4624 test.
1992 4577 2096 4637 (lli,
2117 4572 2220 4632 28.)

237 4647 396 4682 mem
420 4635 594 4681 Archiv
621 4634 656 4679 f.
681 4634 773 4679 civ.
794 4635 873 4678 Pr.
900 4632 1019 4677 vul.
1045 4631 1297 4684 nr.Vll,1.
1314 4644 1362 4689 p.
1388 4628 1480 4676 155
1500 4642 1611 4688 sqq.

237 4703 288 4744 et
313 4696 615 4745 matscltli
632 4697 663 4740 Ι.
682 4697 716 4742 l.
741 4692 920 4755 9358.
938 4695 984 4739 in
1006 4696 1305 4749 §.vulgarem
1319 4695 1607 4739 sententiam

238 4761 471 4808 defendit
493 4763 700 4806 Auctor
722 4759 755 4803 Ι.
782 4760 812 4803 l.
837 4770 883 4815 p.
906 4753 1069 4802 59⁴-
1093 4755 1204 4803 ⁴52.
2269 4734 2295 4787 3
2326 4729 2439 4779 685·

300 4821 352 4881 5)
389 4824 440 4869 l..
470 4818 547 4867 18.
576 4823 628 4866 D.
650 4819 701 4865 Ιι.
729 4824 767 4865 t.
796 4836 817 4858 α
839 4819 977 4866 Multi
1001 4831 1109 4865 non
1133 4819 1292 4863 nolae
1311 4826 1498 4864 ‘causa
1530 4827 1610 4861 ex·
2374 4871 2384 4882 η
2675 4869 2684 4880 ⁸

238 4883 487 4931 bei-edant
509 4883 631 4929 lilios
645 4894 735 4927 nec
755 4888 810 4927 ut
828 4882 898 4927 eis
915 4882 1096 4939 obsint,
1132 4881 1216 4925 sed
1248 4882 1305 4925 nt
1337 4880 1406 4924 eis
1438 4889 1609 4924 consu·
1737 4873 1795 4931 (²)
1818 4872 1935 4918 inst.
1960 4871 2038 4927 (ΙΙ,
2061 4869 2161 4929 25.)
2182 4871 2249 4921 de
2266 4868 2534 4920 codicillis.
2555 4895 2610 4903 —
2634 4872 2737 4927 Dig.
2761 4870 2942 4945 (Xxlx,
2962 4867 3032 4924 7.)

238 4949 366 5010 lant,
389 4951 567 5006 utputa
606 4943 960 5005 impuberibus.
982 4960 1006 4989 υ
1046 4967 1103 4980 -
1140 4944 1193 4990 1..
1217 4938 1296 4990 16,
1321 4941 1346 4997 s
1384 4940 1434 4987 2.
1459 4941 1514 4987 D.
1539 4940 1608 4988 de
1671 4936 1875 4992 dejure
1905 4932 2198 4985 codicillor.
2214 4960 2268 4970 -
2292 4935 2410 4983 cod.
2438 4934 2535 4994 (Vl,
2556 4930 2654 4990 ὅθ.)
2675 4932 2743 4980 de
2763 4930 3032 4982 codicillis.

2641 5017 2717 5077 78
