3544 5506
2969 312 3083 371 245

265 430 438 504 apud
461 425 975 504 possessoremssk
1016 436 1211 505 atque
1237 432 1361 492 hoc
1380 439 1499 505 est,
1518 434 1693 507 quod
1715 433 1973 493 dicitur:
1988 434 2196 494 bonae
2219 434 2365 494 fidei
2385 447 2817 509 possessorem
2834 435 3083 497 fructus

268 545 345 591 ex
365 545 439 589 re
463 530 672 590 aliena
697 545 849 590 suos
870 527 1110 588 iuterim
1135 531 1350 592 facere
1365 530 1431 604 ⁷).
1448 536 1940 595 Consumtorum
1961 549 2120 594 vero
2143 536 2402 595 nomine
2427 551 2514 595 ne
2528 535 2592 593 id
2617 532 2878 610 quidem
2902 542 3080 610 petet

271 631 362 689 rei
391 630 690 689 dominus
711 673 730 704 ‚
771 631 949 703 quod
982 630 1365 704 locupletior
1392 632 1541 693 inde
1569 633 1778 693 sactus
1805 641 1901 694 est
1925 649 2273 710 possessor,
2305 634 2617 708 siquidem
2656 636 2841 694 lucro
2888 635 3082 709 ipsius

269 728 500 786 cedere
538 726 821 801 fructus,
870 742 1031 799 quos
1066 727 1323 801 quidem
1358 728 1713 790 consumsit
1758 733 1971 791 aliove
1999 732 2192 791 modo
2221 731 2287 790 in
2335 747 2513 791 suam
2539 747 2677 791 rem
2707 732 3024 791 convertit
3058 775 3077 806 ‚

268 823 504 882 diserte
544 822 858 895 scriptum
885 829 982 882 est
1008 818 1082 896 ⁸).

1323 320 1457 364 GAP·
1500 321 1597 364 111.
1638 322 1715 364 DE
1752 321 2032 365 Donum).

371 1028 566 1102 §255.
591 1026 655 1104 b)
679 1028 882 1098 Deis‘s,
907 1045 1053 1106 quae
1076 1028 1432 1088 emir-insecus
1460 1028 1546 1086 rei
1568 1027 1864 1090 accedunt.
1893 1031 1950 1105 a)
1978 1028 2367 1090 Immcbilium
2393 1046 2588 1089 rerum
2606 1028 2841 1089 accessio
2861 1026 2965 1106 (¹⁸²).

348 1242 604 1314 Triplex
647 1240 1045 1314 potissimum
1075 1247 1171 1299 est
1199 1238 1638 1299 accessionum
1670 1255 1869 1312 genus
1892 1279 1910 1312 ,
1958 1239 2190 1313 quibus
2231 1234 2699 1296 incrementum
2746 1237 3082 1313 adjiciatur

263 1333 434 1410 agris
454 1381 471 1404 ‚
502 1331 802 1396 arcifiniis
824 1336 942 1395 illis
970 1336 1232 1410 quidem
1260 1332 1340 1411 ¹),
1373 1333 1596 1393 insulae
1623 1333 1860 1393 accessio
1882 1380 1899 1405 ,
1922 1333 2071 1393 alvei
2096 1333 2347 1392 mutatio
2366 1378 2379 1403 ‚
2424 1331 2656 1392 alluvio.
2690 1337 2764 1392 Et
2782 1336 2839 1408 1)
2872 1334 3080 1392 insula

266 1434 529 1507 quidem
555 1434 813 1493 flumine
835 1434 1095 1507 publico
1120 1433 1170 1508 (§
1198 1433 1344 1492 218.
1386 1437 1524 1491 not.
1556 1430 1711 1505 12.),
1739 1438 1930 1490 enata
1969 1446 2176 1505 eaque
2199 1445 2347 1489 cum
2375 1430 2567 1502 ipsius
2599 1424 2872 1488 fluminis
2899 1431 3081 1489 alveo

267 1529 623 1589 cohaerens
645 1526 693 1604 ²)
716 1574 732 1604 ‚
767 1543 994 1589 eorum
1014 1570 1032 1597 ,
1059 1529 1167 1603 qui
1194 1543 1398 1602 prope
1424 1528 1630 1602 ripam
1664 1528 1958 1586 incolunt
1977 1573 1993 1601 ,
2027 1525 2336 1586 accrescit
2360 1525 2604 1595 fundis,
2634 1540 2752 1598 pro
2775 1527 2967 1584 modo
2982 1527 3079 1583 la-

265 1623 556 1686 titudinis
577 1628 890 1703 cujusque
913 1624 1157 1702 praedii
1176 1675 1192 1703 ‚
1218 1627 1460 1688 scilicet
1488 1630 1847 1687 secundum
1874 1627 2079 1701 ripam
2101 1648 2123 1704 ς
2146 1627 2272 1685 hoc
2304 1632 2495 1700 pacto
2516 1666 2532 1695 ‚
2552 1631 2635 1683 ‘ut
2660 1668 2679 1702 ,
2712 1632 2954 1699 quanta
2983 1625 3082 1683 in-

267 1726 446 1785 sulae
473 1741 623 1799 pars
647 1727 983 1800 utriusque
1007 1728 1184 1800 ripae
1209 1727 1432 1785 incolis
1455 1728 1859 1801 adsignetur,
1892 1742 1968 1786 ex
1992 1725 2206 1784 medio
2241 1723 2517 1782 fluminis
2538 1726 2936 1783 aestimanda
2958 1722 3040 1782 sit
3058 1767 3076 1795 ,

266 1830 407 1881 tum
433 1820 599 1881 nihil
630 1818 974 1897 quicquam
999 1825 1080 1882 ad
1102 1826 1363 1892 alteros,
1395 1825 1513 1884 nisi
1534 1826 1815 1883 medium
1843 1820 2003 1883 alvei
2031 1830 2293 1897 superet
2315 1824 2519 1881 insula
2541 1866 2559 1898 ‚
2592 1824 2911 1895 pretinere
2932 1837 3082 1896 pos·

265 1921 345 1978 sit
368 1918 444 1993 ⁸).
477 1918 702 1978 Similis
728 1927 823 1978 est
847 1920 910 1994 2)
936 1920 1095 1979 alvei
1129 1915 1357 1979 mutati
1377 1936 1592 1980 causa.
1621 1923 1776 1979 Nam
1806 1922 2045 1996 alveus,
2078 1936 2271 1993 quem
2319 1921 2557 1977 flumen
2591 1918 2933 1992 dereliquit
2955 1965 2971 1993 ‚
3007 1919 3082 1978 iis

269 2020 444 2078 cedit
465 2062 483 2087 ‚
518 2019 628 2093 qui
656 2020 924 2079 finitima
952 2021 1193 2079 habent
1217 2021 1478 2094 praedia
1506 2063 1522 2092 ‚
1551 2021 1702 2079 item
1725 2020 2032 2079 divisione
2059 2019 2229 2079 facta
2265 2034 2384 2093 pro
2415 2019 2605 2077 certis
2636 2023 2946 2095 cujusque
2980 2033 3077 2077 re·

266 2115 586 2188 gionibus.
614 2116 922 2192 Quoniam
957 2122 1175 2174 autem
1199 2130 1399 2174 novus
1418 2118 1635 2175 alveus
1654 2116 1793 2190 ejus
1801 2116 1962 2190 juris
1989 2130 2126 2174 esse
2143 2111 2364 2189 incipit
2390 2155 2408 2184 ,
2440 2115 2625 2187 qu'us
2640 2118 2707 2171 et
2725 2115 2963 2171 flumen
2984 2119 3081 2172 est

268 2215 563 2286 sequitur
585 2254 604 2284 ‚
635 2220 746 2285 ut,
784 2213 832 2272 si
863 2229 1084 2272 rursus
1114 2215 1178 2271 in
1207 2215 1488 2287 priorem
1517 2214 1730 2273 locum
1755 2221 2025 2286 cogatur
2064 2230 2231 2287 aqua
2259 2260 2275 2288 ‚
2316 2228 2451 2272 non
2492 2213 2574 2270 ad
2610 2227 2758 2269 eum
2804 2211 3026 2268 redeat
3060 2256 3077 2284 ‚

269 2313 456 2387 cujus
475 2313 640 2371 sorte
661 2319 869 2372 totum
898 2329 1121 2389 agrum
1148 2315 1566 2388 occupaverit
1589 2315 1832 2373 flumen
1853 2358 1869 2383 ‚
1900 2314 2012 2372 sed
2032 2328 2258 2373 eorum
2286 2314 2398 2371 flat
2416 2352 2432 2383 ‚
2470 2311 2579 2386 qui
2622 2325 2826 2384 prope
2869 2310 3076 2382 ripam

272 2415 539 2486 praedia
566 2414 894 2488 possident
919 2410 1006 2481 ⁴).
1037 2417 1112 2472 At
1152 2430 1310 2473 vero
1343 2415 1802 2491 inundatione,
1823 2415 1864 2473 i.
1899 2428 1959 2474 e.
2000 2414 2202 2472 amnis
2244 2428 2440 2486 super
2471 2411 2676 2485 ripam
2715 2410 3026 2469 effusione
3057 2451 3075 2479 ,

270 2515 624 2572 dominium
644 2530 765 2573 nec
791 2520 1078 2572 mutatur
1101 2531 1223 2574 nec
1246 2511 1543 2591 adjicitur
1558 2515 1606 2590 ⁵)
1628 2561 1646 2591 ‚
1672 2532 1806 2574 non
1838 2516 2036 2587 magis
2060 2531 2254 2589 quam
2279 2512 2781 2573 circumluvione
2795 2509 2868 2586 ⁶).
2891 2515 3079 2570 Prae-

267 2619 457 2672 terea
484 2615 544 2679 5)
566 2617 736 2687 quod
767 2630 884 2687 per
908 2616 1295 2675 alluvionem
1318 2632 1476 2688 agro
1498 2617 1739 2675 flumen
1764 2617 1988 2691 adjicit
2004 2659 2022 2691 ‚
2047 2617 2092 2676 i.
2119 2632 2178 2675 e.
2208 2615 2382 2689 quod
2400 2615 2485 2671 ita
2509 2612 2836 2685 paullatim
2859 2611 3077 2685 adjun-

266 2715 442 2787 gitur
460 2760 477 2789 ‚
505 2721 578 2773 ut
611 2715 875 2789 intelligi
906 2731 1041 2776 non
1070 2718 1266 2790 possit
1291 2761 1309 2793 ‚
1347 2725 1661 2792 quantum
1692 2733 1959 2793 quoquo
1989 2717 2293 2791 temporis
2330 2720 2656 2775 momento
2694 2714 3032 2789 adjiciatur
3055 2757 3073 2789 ‚

264 2816 323 2874 ei
351 2816 569 2875 statim
599 2818 988 2891 acquiritur,
1014 2820 1199 2894 cujus
1243 2835 1399 2893 agro
1446 2821 1766 2895 adJectum
1814 2827 1912 2879 est
1935 2817 2002 2885 ⁷).
2038 2819 2269 2896 Quodsi
2304 2833 2461 2878 vero
2493 2824 2604 2875 aut
2647 2817 2709 2874 vi
2746 2811 3077 2874 fluminum

264 2997 484 3057 itemque
515 2999 684 3057 (quod
703 2999 902 3058 quidem
932 3002 996 3048 ad
1026 3002 1277 3048 naturales
1300 3001 1487 3049 fructus
1524 3004 1633 3050 atti·

266 3061 458 3116 net).—
469 3061 858 3110 Unterlzolzner
877 3065 911 3109 1.
932 3064 966 3109 l.
990 3075 1042 3122 p.
1058 3060 1153 3110 537
1157 3062 1309 3111 -541
1321 3099 1333 3112 .

328 3121 381 3179 6)
400 3124 427 3177 ς
448 3121 532 3170 35.
561 3125 599 3171 l.
634 3124 705 3172 de
729 3136 839 3173 rer.
864 3125 970 3172 div.
992 3126 1037 3182 (ιι
1050 3125 1091 3172 si
1112 3134 1284 3184 postea
1303 3126 1530 3173 dominus
1549 3138 1635 3173 su-

265 3187 573 3242 pervenerit,
591 3192 642 3232 et
662 3189 866 3234 fundum
883 3188 1124 3247 vindicet,
1146 3192 1208 3237 de
1231 3189 1470 3235 fructibus
1494 3188 1557 3236 ab
1576 3201 1636 3236 eo

259 3250 528 3294 consumtis
545 3260 692 3306 agere
715 3263 808 3296 non
832 3256 1006 3307 potest.
1028 3252 1089 3305 n)
1114 3277 1175 3286 -
1214 3255 1241 3308 S
1269 3253 1316 3298 2.
1345 3253 1380 3298 Ι.
1405 3250 1471 3297 de
1491 3249 1630 3306 offle-

254 3309 501 3364 jum—1..
526 3308 575 3358 4.
596 3312 621 3366 S
644 3313 692 3358 2.
714 3312 879 3369 D.tin.
903 3313 1127 3372 reqund.
1148 3314 1376 3374 (x‚l.)——
1400 3315 1454 3360 1..
1473 3313 1555 3361 22.
1579 3315 1631 3360 C.

267 3370 335 3418 de
356 3374 421 3419 R.
447 3375 521 3420 V.
546 3376 643 3431 (ΙΙΙ,
665 3374 765 3432 32.)
788 3376 804 3431 (
829 3390 855 3417 ιι
876 3377 1074 3422 Certum
1090 3382 1193 3435 est,
1207 3380 1364 3424 malae
1387 3377 1500 3422 fidei
1514 3388 1633 3434 ⁴pos-

264 3445 477 3481 sessores
499 3447 670 3483 omnes
691 3437 878 3485 tructus
899 3439 1054 3483 solere
1088 3450 1208 3486 cum
1244 3441 1362 3498 ipsa
1386 3448 1447 3484 re
1469 3449 1629 3495 prae-

266 3496 447 3556 stare,
467 3498 628 3546 bonae
667 3499 779 3547 fidei
816 3512 931 3546 vero
972 3503 1242 3548 extantes.
1257 3521 1279 3543 ι
1306 3502 1324 3560 )
1376 3524 1432 3533 -
1476 3503 1633 3559 Atque

267 3559 450 3606 iterum
473 3560 701 3609 dissentit
726 3561 1111 3610 Unterholzner
1132 3569 1236 3611 tum
1274 3562 1635 3610 industrialium

266 3620 518 3669 fructuum
533 3625 730 3670 nomine
751 3626 821 3683 (p.
841 3621 952 3671 524.
974 3630 1023 3670 et
1045 3635 1093 3682 p.
1112 3623 1208 3673 329
1227 3629 1376 3686 sqq.)‚
1395 3630 1499 3671 tum
1520 3636 1636 3671 vero

269 3691 624 3742 usucaptorum
646 3686 714 3744 (p.
734 3685 846 3736 529.
878 3692 928 3733 et
954 3699 1004 3745 p.
1024 3684 1180 3744 542.).
1203 3714 1262 3723 --
1306 3691 1367 3734 At
1387 3688 1448 3733 de
1469 3699 1637 3734 usuca-

267 3747 417 3804 pione
437 3747 688 3809 fructuum
709 3761 738 3796 a
773 3751 929 3797 bonae
948 3748 1061 3795 fidei
1085 3761 1357 3808 possessore
1387 3755 1636 3808 percepto-

269 3820 381 3856 rum
401 3820 462 3856 ex
484 3816 652 3857 nostra
688 3812 885 3870 quidem
916 3813 1159 3858 sententia
1180 3813 1197 3869 (
1220 3820 1321 3859 not.
1345 3809 1393 3857 5.
1418 3816 1433 3867 )
1468 3812 1638 3871 quaeri

270 3873 560 3931 plerumque
579 3873 715 3929 (nam
736 3875 834 3922 vid.
855 3878 959 3921 not.
982 3871 1049 3933 4.)
1081 3877 1271 3932 nequit.
1297 3899 1352 3908 -
1388 3874 1463 3921 cf.
1490 3874 1638 3921 Zim-

268 3945 422 3980 mern
443 3936 477 3980 1.
502 3938 536 3982 Ι.
562 3947 613 3994 p.
629 3934 742 3984 245.
763 3942 814 3983 et
831 3937 1007 3982 Backe
1028 3937 1135 3983 Lib.
1157 3939 1235 3984 lv.
1273 3950 1317 3983 c.
1350 3934 1398 3982 5.
1425 3948 1510 3995 per
1549 3942 1635 3983 tot.

269 3997 337 4104 (ὥ.
367 3994 458 4044 170
444 3999 633 4108 ὣς)
653 4024 709 4032 —
729 4000 841 4047 vid.
865 4004 916 4044 et
939 3998 1213 4047 ZImmcrn
1246 4000 1295 4045 in
1320 3998 1489 4047 iiheiu.
1513 4000 1635 4046 Mus.

339 4093 352 4105 .
371 4072 421 4117 p.
564 4072 640 4121 sq.

332 4120 384 4178 7)
402 4121 454 4167 L.
477 4120 559 4170 48.
585 4136 661 4183 pr.
682 4125 735 4170 D.
755 4122 824 4170 de
840 4134 961 4181 acq.
983 4134 1092 4171 rer.
1116 4123 1314 4171 domin.
1330 4148 1387 4157 -
1402 4126 1465 4170 Ac
1488 4123 1636 4171 simili

268 4185 462 4230 ratione
483 4186 665 4233 dicitur
687 4187 740 4231 L.
763 4184 849 4233 40.
871 4188 923 4232 in
953 4185 991 4231 f·
1026 4186 1146 4235 eod.
1170 4187 1393 4233 otii-uetus
1415 4188 1634 4244 praedio·

267 4258 380 4292 rum
398 4253 709 4295 consumlos
726 4261 854 4295 suos
873 4246 1007 4301 facit
1026 4249 1185 4296 bonae
1203 4249 1315 4295 fidei
1341 4260 1628 4306 possessoru-

329 4307 380 4367 8)
406 4309 461 4354 1..
483 4307 534 4357 4.
556 4315 583 4368 ς
604 4314 651 4357 2.
670 4312 725 4357 D.
746 4311 839 4368 12η.
864 4322 976 4370 req.
1007 4328 1104 4354 ⁸—-
1120 4312 1325 4359 Iucrari
1345 4322 1458 4356 eum
1481 4323 1631 4368 opor-

269 4376 359 4429 tet,
374 4371 413 4416 si
430 4382 515 4418 eos
536 4375 818 4420 consumsit.
849 4388 871 4411 r·
902 4397 959 4406 —
992 4375 1048 4419 V
1048 4373 1230 4421 innius
1258 4376 1345 4420 sel.
1368 4385 1455 4430 qu.
1485 4375 1523 4434 l,
1548 4370 1631 4419 26.

266 4457 324 4467 --
342 4432 625 4491 Hoeprner
644 4437 917 4482 comment.
942 4438 968 4492 ς
984 4434 1097 4484 353.
1122 4442 1226 4483 not.
1249 4433 1297 4482 5.
1312 4437 1441 4483 —F.
1466 4439 1518 4483 T.
1536 4437 1633 4482 Ec·

524 4500 579 4544 D.
601 4498 661 4543 de
679 4498 811 4556 publ.
835 4501 886 4544 'm
904 4509 1007 4544 rem
1032 4504 1126 4546 act.
1150 4499 1245 4545 rel.
1279 4499 1294 4555 (
1316 4499 1444 4556 Lips.
1488 4496 1631 4544 1821.

266 4556 316 4605 8.
334 4561 353 4617 )
371 4561 428 4605 P.
446 4560 506 4608 11.
533 4573 575 4607 c.
599 4559 651 4608 3.
676 4585 737 4593 -
756 4560 960 4608 Dissent.
983 4572 1095 4609 cum
1109 4562 1216 4608 aliis
1245 4562 1351 4607 Ulr.
1374 4561 1562 4608 Huber-
1582 4562 1634 4608 in

268 4623 423 4678 prael.
447 4622 512 4667 ad
536 4624 696 4669 lnstit.
715 4621 767 4668 h.
789 4629 825 4667 t.
845 4625 871 4678 3
891 4620 968 4668 47.
988 4623 1068 4673 48.
1090 4625 1209 4669 etin
1229 4625 1431 4680 Digress.
1452 4623 1631 4669 Justin.

266 4685 317 4729 P.
341 4685 398 4730 ΙΙ.
426 4684 535 4732 Lib.
559 4686 617 4732 ΙΙ.
637 4696 681 4731 c.
706 4682 757 4732 4.
772 4720 786 4740 ,
804 4687 1014 4734 maxime
1037 4692 1236 4745 propter
1256 4687 1403 4732 verba
1440 4688 1466 4741 S
1486 4683 1567 4733 55.
1593 4687 1632 4732 Ι.

266 4746 316 4792 b.
340 4751 376 4792 t.
408 4764 421 4794 :
464 4763 492 4790 ιι
529 4747 739 4804 placuit,
760 4746 975 4807 fructus,
998 4761 1119 4808 quos
1141 4749 1384 4806 percepit,
1402 4750 1510 4806 eJus
1531 4759 1636 4795 esse

263 4821 350 4867 pto
369 4810 572 4858 cultura
590 4815 642 4855 et
661 4821 837 4857 curam
861 4835 915 4843 —
939 4813 1128 4859 caeter.
1149 4822 1286 4857 secus
1317 4813 1463 4858 estin
1487 4812 1631 4858 here-

269 4872 432 4921 ditatis
443 4871 711 4932 petitione:
736 4874 789 4920 1..
804 4870 885 4919 40.
901 4873 927 4928 S
944 4871 990 4920 1.
1013 4876 1069 4922 D.
1091 4873 1160 4921 de
1178 4872 1476 4930 leet-edmee.
1495 4870 1642 4935 (νῷ.)

2269 3003 2295 3058 S
2318 2998 2431 3050 255.

2016 3128 2075 3173 G.
2098 3125 2324 3182 Koechy
2338 3124 2532 3172 civilist.
2557 3125 2716 3171 Eruet.
2742 3126 2793 3184 1,
2816 3126 2864 3171 1.

1871 3222 1884 3235 .
1906 3190 1955 3234 1.
1987 3187 2078 3246 36.
2108 3191 2159 3234 D.
2185 3187 2253 3234 de
2272 3186 2530 3242 flumimb.
2569 3187 2742 3243 (ant
2760 3220 2776 3244 ‚
2800 3187 2915 3245 12.)
2936 3212 2996 3221 -
3019 3190 3071 3236 L.

2015 3275 2073 3284 --
2095 3250 2168 3299 Cf.
2191 3249 2442 3297 Niebuhr.
2468 3250 2523 3298 tt.
2549 3251 2607 3297 G.
2623 3250 2684 3296 ΙΙ.
2703 3261 2752 3306 p.
2775 3247 2866 3298 581
2886 3261 2991 3308 sqq.

1871 3311 1965 3360 ffi.
1990 3315 2016 3368 3
2037 3312 2083 3358 2.
2106 3315 2159 3359 D.
2183 3313 2237 3360 Ιι.
2257 3309 2611 3360 1.—Vinm'us
2630 3313 2692 3358 ad
2711 3312 2737 3366 S
2761 3309 2840 3358 22.
2863 3313 2901 3358 Ι.
2922 3324 3001 3360 nr.
3025 3313 3073 3360 2.

1970 3376 2002 3422 2
2038 3375 2185 3421 ,1.Ιι.
2212 3377 2256 3421 t.
2284 3400 2344 3409 --
2365 3375 2417 3420 L.
2439 3373 2489 3422 7.
2512 3372 2610 3431 33.
2635 3375 2686 3419 1..
2708 3371 2790 3419 29.
2812 3376 2865 3419 D.
2890 3377 3077 3423 eod.—

1809 3475 1820 3487 .
1930 3473 1941 3485 .
1965 3441 2020 3484 D.
2045 3438 2113 3484 de
2128 3437 2552 3492 llum.—Dissent.
2577 3436 2795 3494 Koechy
2814 3438 2850 3483 l.
2874 3438 2907 3483 l.
2925 3450 2978 3495 p.
2994 3434 3074 3487 24.

1813 3504 1851 3549 f.
1878 3503 1929 3548 1..
1952 3499 2034 3548 65.
2058 3501 2083 3555 S
2104 3500 2152 3546 1.
2176 3501 2230 3546 D.
2269 3499 2323 3545 Ιι.
2347 3503 2387 3545 1.
2413 3501 2601 3556 (Labeo
2632 3499 2719 3545 lib.
2753 3498 2802 3546 6.
2827 3499 3018 3547 Pithan.
3044 3510 3076 3545 a

1697 3567 1848 3613 Paulo
1871 3564 2010 3622 epit.)
2032 3577 2058 3605 «ι
2084 3563 2134 3609 Si
2162 3573 2258 3620 qna
2283 3563 2442 3608 insula
2470 3563 2518 3608 in
2543 3561 2742 3608 flumine
2766 3563 2964 3621 propria
2985 3569 3074 3607 tua

1698 3633 1792 3687 est,
1815 3626 1935 3674 nihil
1956 3627 2007 3673 in
2027 3637 2083 3671 ea
2110 3625 2290 3683 publici
2311 3629 2401 3672 est.
2428 3625 2631 3672 Paulus:
2658 3624 2809 3672 immo
2833 3627 2883 3671 in
2914 3637 2972 3672 eo
2990 3635 3077 3684 ge-

1698 3703 1814 3737 nere
1833 3690 2123 3745 insularum‚
2138 3688 2271 3745 ripae
2287 3687 2477 3733 flumini
2495 3692 2545 3732 et
2559 3689 2702 3733 litora
2723 3688 2843 3735 mari
2855 3689 3075 3745 proxima

1701 3753 1893 3810 publica
1922 3754 2062 3811 sunt,
2087 3762 2186 3796 non
2226 3761 2361 3796 secus
2400 3755 2546 3807 atque
2576 3751 2625 3796 in
2652 3750 2924 3795 continenti
2959 3761 3078 3811 agro

1703 3814 1965 3870 idemjuris
1983 3820 2072 3861 est.
2095 3830 2117 3852 ι
2148 3834 2204 3844 -ae
2227 3816 2253 3869 S
2271 3811 2319 3860 4.
2344 3826 2370 3853 1»
2396 3812 2553 3857 Labeo
2575 3836 2631 3845 —
2662 3828 2673 3857 :
2700 3812 2741 3857 si
2764 3812 2812 3858 id
2830 3847 2845 3867 ,
2864 3813 2996 3870 quod
3025 3813 3078 3859 in

1704 3879 1897 3935 publico
1921 3877 2143 3922 innatum
2162 3881 2247 3921 aut
2266 3874 2689 3930 aedificatumest‚
2712 3875 2961 3932 publicum
2981 3878 3077 3933 est,

1703 3940 1856 3985 insula
1878 3950 2102 3997 quoque,
2137 3949 2261 3995 quae
2293 3938 2343 3983 in
2366 3936 2567 3982 flumine
2589 3937 2783 3993 publico
2820 3944 2934 3982 nata
2971 3943 3079 3996 est,

1698 4003 1895 4060 publica
1917 4012 2020 4046 esse
2039 4000 2203 4045 debet.
2227 4014 2253 4041 a»
2275 3998 2383 4045 vid.
2408 4010 2456 4044 υ.
2471 3997 2536 4045 de
2557 4000 2758 4045 Water
2772 3997 2877 4044 obs.
2893 4001 2910 4045 l
2925 4032 2940 4057 ‚
2964 3998 3077 4046 7.-

1700 4066 1837 4110 JJP.
1862 4061 2115 4110 d’Orville
2130 4063 2184 4106 D.
2208 4063 2268 4108 ad
2287 4058 2432 4107 1,.65.
2457 4062 2509 4107 D.
2534 4061 2599 4106 de
2613 4072 2665 4106 a.
2689 4059 2802 4107 rud.
2827 4058 2923 4118 (ap.
2937 4062 3077 4110 θεῖν.

1703 4127 1827 4172 thes.
1852 4125 1969 4171 Diss.
2000 4126 2127 4179 belg.
2150 4124 2255 4169 Vol.
2281 4125 2317 4169 Ι.
2343 4125 2400 4168 Τ.
2424 4124 2504 4169 lll.
2529 4135 2603 4169 nr.
2621 4119 2745 4178 26.).
2767 4146 2829 4156 --
2855 4124 3078 4183 ΚοεοΙυ·

1697 4190 1731 4235 1.
1761 4188 1792 4233 Ι.
1820 4200 1868 4245 p.
1893 4184 1956 4233 25
1980 4213 2034 4220 --
2055 4185 2133 4233 5⁰.
2166 4209 2226 4217 —
2253 4184 2562 4243 cester-diruy
2585 4184 3076 4241 agendmm-flecht

1697 4263 1746 4309 p.
1771 4249 1883 4297 201.
1906 4273 1963 4282 -
1981 4253 2047 4295 De
2074 4248 2224 4303 ipsius
2245 4248 2430 4292 insulae
2454 4247 2771 4293 accessionib.
2796 4248 2894 4293 vid.
2921 4250 2973 4295 L.
2991 4248 3072 4297 56.

1694 4325 1767 4371 pr.
1786 4313 1838 4358 L.
1860 4309 1979 4366 653
2000 4309 2050 4357 5.
2078 4311 2131 4354 D.
2154 4308 2210 4354 Ιι.
2235 4309 2414 4354 t.—Cf.
2441 4308 2753 4368 Gesterdiny
2774 4321 2823 4367 p.
2848 4309 2942 4357 205
2963 4323 3073 4372 sqq.

1756 4372 1804 4432 4)
1828 4375 1878 4420 L.
1909 4372 1950 4418 1.
1975 4371 2071 4427 57.
2096 4373 2151 4417 D.
2176 4370 2245 4416 de
2263 4369 2521 4427 flaminib.
2561 4396 2622 4405 —-
2657 4370 2790 4427 325.
2816 4374 2851 4419 l.
2875 4374 2925 4419 Ιι.
2948 4378 2986 4421 e.
3013 4400 3074 4410 ·—-

1695 4437 1746 4481 L.
1771 4439 1819 4482 7.
1844 4433 1934 4493 §5-
1959 4438 2010 4481 D.
2029 4433 2148 4482 eod.
2176 4434 2560 4492 («——-quia
2584 4434 2794 4480 vicinum
2820 4437 3075 4493 praedium

1697 4500 1887 4545 nullum
1906 4497 2055 4545 habet
2079 4495 2340 4553 (dominus)
2355 4530 2370 4553 ‚
2390 4508 2489 4542 non
2513 4502 2668 4553 potest
2691 4498 2878 4542 ratione
2903 4500 3077 4546 vicini-

1698 4562 1810 4607 tatis
1827 4563 1974 4607 uilam
1990 4567 2179 4619 partem
2198 4558 2246 4603 in
2268 4570 2326 4603 eo
2347 4561 2485 4604 alveo
2504 4559 2685 4605 habere
2709 4574 2719 4604 ι
2743 4559 2845 4606 sed
2859 4562 2951 4607 vix
2968 4567 3074 4624 est,

1698 4628 1758 4670 uc
1787 4624 1844 4671 id
1862 4623 2117 4669 obuncat.
2135 4621 2399 4669 n—-Noodl
2419 4622 2557 4678 prob.
2585 4623 2629 4677 Ι,
2652 4620 2696 4667 1.
2720 4622 2745 4676 S
2778 4623 3073 4673 1.—1V33e.

1693 4686 1830 4743 pltat
1844 4689 1871 4742 S
1893 4683 2004 4732 421.
2033 4710 2088 4717 -
2112 4685 2317 4731 Dissent.
2340 4683 2649 4743 Gesterdinq
2673 4697 2720 4742 p.
2742 4682 2829 4732 211
2844 4720 2856 4733 .

1760 4746 1810 4804 5)
1833 4751 1859 4804 ς
1881 4745 1959 4794 24.
1985 4750 2020 4794 Ι.
2044 4747 2095 4793 Ιι.
2122 4746 2161 4792 t.
2186 4771 2239 4777 —
2266 4744 2506 4801 1..7.§o.
2533 4747 2586 4791 D.
2612 4746 2730 4793 eod.

1766 4809 1815 4868 6)
1838 4814 1890 4857 L.
1912 4808 1961 4857 7.
1986 4811 2012 4865 S
2031 4808 2079 4857 4.
2106 4812 2161 4855 D.
2181 4807 2232 4853 Ιι.
2254 4812 2294 4856 e.
2318 4834 2380 4843 --
2399 4809 2452 4854 L.
2480 4807 2562 4854 50.
2583 4808 2674 4865 §2-
2695 4809 2815 4856 eod.

1764 4870 1815 4933 7)
1837 4875 1889 4921 L.
1909 4871 1963 4920 7.
1985 4874 2012 4929 5
2032 4874 2079 4920 1.
2104 4874 2158 4920 D.
2182 4870 2234 4920 Ιι.
2261 4876 2299 4921 t.
2326 4897 2385 4907 -
2410 4873 2463 4919 L.
2488 4871 2567 4922 12.
2592 4883 2666 4930 pr.
2691 4874 2746 4919 D.
2768 4872 2824 4920 Ιι.
2849 4876 2886 4919 Ι.
