3544 5506
468 315 582 373 1576

468 445 681 516 legum
707 443 1041 500 sanctione
1067 441 1512 510 constitutum,
1538 456 1661 500 nec
1683 456 1843 500 vero
1883 442 2064 501 novis
2110 443 2600 513 legumlatorum
2646 438 2918 497 decretis
2962 438 3288 499 sublatum

469 544 550 602 sit
577 543 652 615 ⁴).
692 539 807 600 Est
852 548 1068 599 autem
1100 541 1277 613 quod
1317 536 1575 599 differat
1621 536 1791 600 inter
1820 538 2103 615 legitime
2126 548 2313 601 natos
2334 579 2351 610 ‚
2376 555 2641 613 eosque,
2683 539 2789 612 qui
2820 545 2997 597 extra
3026 538 3287 610 nuptias

467 648 823 701 nascuntur
848 684 862 709 ‚
906 656 1028 700 nec
1064 641 1497 714 legitimorum
1525 641 1675 713 jnra
1721 642 2051 701 consecuti
2086 648 2259 701 sunt.
2296 640 2455 698 Nam
2501 636 2565 697 hi
2597 639 2855 712 quidem
2895 644 2963 695 et
2988 638 3183 695 matri
3223 643 3288 695 et

467 739 741 796 materni
783 738 1034 809 generis
1065 736 1354 809 cognatis
1399 738 1782 809 plerumque
1809 739 2164 796 succedunt
2195 735 2243 809 ⁵)
2265 780 2281 807 ,
2316 751 2446 795 non
2478 731 2628 794 item
2654 735 2857 807 patri,
2895 732 3015 791 nisi
3045 734 3223 807 quod
3252 747 3290 790 e

470 837 826 897 concubina
860 837 993 895 nati
1023 844 1264 896 certam
1302 841 1615 909 paternae
1647 831 2022 896 hereditatis
2047 837 2412 910 portionem
2440 849 2926 907 nonnumquam
2972 832 3294 906 accipiant

470 932 691 1010 (5632.
724 938 857 992 not.
891 930 989 1005 5).

1167 326 1321 369 PARS
1360 325 1518 368 stuc.
1561 326 1680 368 mn.
1723 327 1787 368 V·
1828 326 1905 369 DE
1946 326 2375 369 mturm'rmt
2412 326 2587 368 mu.

929 1129 957 1201 S
981 1134 1123 1192 631.
1152 1134 1212 1201 9.)
1233 1133 1317 1189 De
1334 1131 1535 1190 ordine
1560 1141 1615 1190 et
1645 1132 1806 1191 mode
1828 1132 2157 1192 succedendi
2178 1132 2493 1211 generatim
2512 1132 2842 1211 exponitur.

553 1337 706 1393 Cum
733 1331 982 1392 deloco
1005 1331 1377 1405 quaeritur,
1411 1348 1545 1404 quo
1577 1332 1811 1404 cuique
1851 1332 2185 1392 deseratur
2231 1333 2547 1392 successio
2568 1377 2586 1408 ,
2622 1333 2685 1391 in
2710 1338 2995 1405 quatuor
3034 1331 3295 1389 ordines

470 1435 809 1492 commode
848 1433 1297 1491 describuntur
1333 1447 1678 1504 personae,
1714 1433 1795 1489 ad
1828 1448 1995 1504 quas
2018 1438 2268 1505 spectat
2288 1433 2395 1506 jus
2432 1432 2816 1491 succedendi
2847 1429 2916 1505 ¹).
2940 1427 3025 1488 Et
3053 1430 3296 1502 primus

472 1535 570 1588 est
608 1529 772 1588 ordo
798 1527 1319 1587 descendentium
1344 1574 1358 1598 ‚
1393 1540 1623 1585 eorum
1676 1542 1980 1601 quoque,
2029 1528 2138 1600 qui
2184 1528 2516 1586 remotiori
2566 1530 2769 1600 gradu
2813 1527 3219 1585 descendunt
3260 1540 3299 1582 a

471 1627 805 1695 deiunct0‚
850 1627 1088 1686 scilicet
1118 1627 1546 1699 praemortuis
1577 1627 1864 1700 ipsorum
1895 1629 2303 1704 parentibus3
2333 1629 2653 1687 secundus
2681 1634 2778 1686 est
2806 1627 3295 1686 ascendentium

472 1725 660 1789 ordo,
693 1723 1069 1796 quibuscum
1093 1719 1288 1779 etiam
1312 1720 1675 1794 junguntur
1701 1723 1933 1782 fratres
1966 1726 2254 1795 germani
2279 1739 2684 1796 sororesque,
2704 1731 2839 1781 tum
2863 1723 3047 1781 liberi
3068 1735 3298 1780 eorum

475 1819 661 1892 primi
691 1821 945 1891 gradus.
976 1822 1045 1876 In
1083 1818 1276 1876 tertio
1315 1817 1542 1876 ordine
1569 1827 1885 1878 vocantur
1918 1820 2158 1878 iratres
2184 1835 2568 1892 sororesque
2595 1836 2671 1878 ex
2704 1835 2837 1878 uno
2863 1821 3070 1877 iatere
3090 1815 3298 1892 juncti

474 1928 784 1972 eorumve
822 1919 1390 1987 praemortuorum
1434 1910 1616 1972 liberi
1653 1916 1842 1987 primi
1890 1917 2160 1992 gradus3
2191 1917 2255 1973 in
2290 1920 2525 1987 quarto
2554 1922 2770 1973 autem
2798 1909 3030 1986 reliqui
3059 1927 3296 1985 cogna-

473 2015 688 2067 torum
713 2006 782 2082 ²).
805 2013 945 2067 Jam
972 2023 1128 2067 vero
1156 2008 1596 2068 deficientibus
1618 2010 1736 2079 his,
1764 2011 1872 2082 qui
1897 2011 1961 2068 in
1983 2011 2192 2083 primo
2215 2011 2441 2068 ordine
2464 2016 2804 2077 vocantur,
2833 2010 2878 2067 i.
2904 2024 2964 2066 e.
2995 2024 3145 2067 cum
3181 2013 3295 2066 aut

473 2120 607 2164 non
629 2105 905 2163 existunt
933 2112 1044 2163 aut
1073 2119 1465 2177 quacunque
1500 2121 1578 2163 ex
1617 2121 1813 2163 causa
1842 2106 2114 2164 heredes
2148 2121 2280 2165 non
2313 2107 2505 2172 flunt,
2536 2105 2856 2164 successio
2893 2104 3189 2162 defertur
3210 2102 3291 2160 ad

474 2202 861 2270 secundum,
889 2207 956 2258 et
982 2202 1072 2259 sic
1099 2200 1402 2271 deinceps
1421 2196 1493 2273 8).
1530 2204 1735 2272 Atque
1775 2201 1839 2258 in
1880 2206 2308 2272 cognatorum
2352 2201 2609 2273 quidem
2639 2196 2870 2258 ordine
2890 2243 2906 2269 ‚
2939 2195 3053 2272 qui
3084 2200 3292 2271 potior

475 2293 814 2354 habendus
845 2296 947 2365 sit,
981 2311 1054 2353 ex
1079 2295 1315 2366 gradus
1339 2295 1741 2366 proximitate
1765 2293 2235 2355 aestimandum
2258 2303 2384 2363 θεῖς
2414 2292 2478 2354 in
2502 2291 2760 2369 reliquis
2783 2312 2939 2354 vero
2965 2295 3290 2354 ordinibus

476 2401 543 2453 et
571 2396 950 2455 remotiores
975 2396 1178 2466 gradu
1200 2410 1332 2451 una
1356 2409 1503 2452 cum
1529 2396 2018 2466 proximioribus
2042 2397 2501 2470 admittuntur,
2526 2397 2618 2455 sic
2640 2403 2885 2470 tamen,
2917 2402 2993 2453 ut
3016 2413 3054 2453 a
3077 2408 3289 2471 paren-

476 2490 645 2547 tibus
665 2491 1091 2548 excludantur
1114 2490 1294 2546 liberi
1322 2489 1628 2561 ipsorum.
1660 2486 1975 2567 Quoniam
1996 2491 2188 2563 igitur
2207 2492 2411 2559 liberi,
2430 2498 2679 2565 partem
2701 2492 3104 2564 accipiendo,
3131 2502 3288 2562 quae

480 2591 561 2646 ad
586 2588 1085 2662 praedefunctos
1111 2595 1410 2661 parentes
1443 2598 1833 2661 perventura
1863 2599 2051 2659 esset,
2084 2591 2145 2649 in
2171 2593 2404 2652 horum
2435 2593 2921 2665 quodammodo
2948 2589 3287 2649 succedunt

477 2687 691 2746 iocum
717 2683 758 2762 ⁴)
782 2731 797 2759 ,
824 2688 972 2747 ideo
1000 2688 1397 2746 recentiores
1419 2687 1524 2761 jus
1557 2687 2172 2763 repraesentationis
2193 2734 2211 2763 ‚
2250 2693 2428 2766 quod
2457 2697 2726 2759 vocant,
2756 2690 3172 2762 effinxerunt,
3213 2687 3285 2743 de

477 2783 660 2857 cujus
685 2791 902 2842 tamen
935 2791 1001 2842 et
1031 2785 1295 2843 notione
1325 2791 1389 2843 et
1414 2785 1626 2844 indole
1648 2788 1907 2846 minime
1938 2788 2103 2845 inter
2131 2804 2206 2847 se
2234 2789 2626 2847 conveniunt
2652 2785 2722 2860 5).
2756 2784 3106 2845 Praeterea
3134 2785 3286 2844 haec

539 2958 592 3018 4>
611 2961 717 3017 Qua
739 2963 801 3009 de
821 2974 876 3009 re
898 2963 1040 3019 plura
1051 2959 1440 3018 dicentursssssi.
1459 2965 1562 3009 not.
1576 2959 1851 3020 zetssss.

482 3029 591 3142 nug}
611 3025 706 3140 {⁸⁴-
727 3087 763 3131 1.
785 3084 1014 3133 desuce.
1034 3089 1244 3145 coquat.
1267 3085 1430 3143 (At-ch.
1466 3086 1504 3133 i.
1528 3086 1622 3133 civ.
1645 3087 1727 3135 Pr.
1751 3090 1854 3134 ΧΠ.

480 3147 563 3193 Nr.
584 3149 727 3193 xxii.
754 3154 804 3194 et
827 3149 956 3194 inira
972 3151 999 3205 S
1019 3146 1132 3195 632.
1156 3161 1235 3196 nr.
1258 3147 1329 3207 ὅ.)
1354 3172 1413 3182 -
1435 3150 1503 3195 De
1524 3151 1854 3209 exceptionib.

483 3208 601 3255 item
630 3210 730 3257 vid.
754 3211 780 3265 S
798 3208 910 3257 632.
927 3215 1036 3264 not.
1053 3207 1100 3256 6.

1077 3335 1103 3388 S
1135 3330 1247 3381 631.

545 3455 593 3512 1)
616 3455 746 3502 Licet
768 3456 903 3503 enim
924 3457 1229 3504 Justinisnus
1247 3460 1346 3503 tres
1376 3457 1647 3516 distinguat
1680 3469 1857 3516 cogna-

484 3519 647 3563 torum
658 3520 877 3577 ordines,
892 3521 998 3566 scii.
1017 3520 1414 3578 ascendentium,
1436 3522 1856 3580 descendentium,

480 3590 746 3637 eorumque
758 3581 842 3638 qui
867 3592 925 3627 ex
939 3583 1090 3627 latere
1104 3581 1263 3637 juncti
1280 3581 1857 3641 sunt(praet.Nov.118.),

482 3644 666 3698 tamen,
689 3655 802 3688 cum
817 3645 1090 3700 quaeritur,
1115 3655 1213 3701 quo
1230 3645 1402 3689 ordine
1422 3647 1627 3702 quisque
1660 3650 1859 3691 vocetur

481 3702 545 3747 ad
568 3706 922 3750 successionem
965 3702 1146 3761 (562⁴.
1170 3707 1228 3751 11.
1250 3711 1299 3749 et
1322 3705 1586 3762 Theophili
1625 3707 1857 3765 paraphr.

483 3765 604 3810 inst.
631 3766 721 3824 111,
743 3764 792 3813 6.
818 3767 844 3820 S
867 3765 965 3822 11.)
989 3800 1003 3822 ,
1026 3773 1236 3824 quatuor
1256 3766 1587 3823 legitimorum
1615 3781 1857 3816 successo-

481 3837 590 3872 rum
611 3829 789 3874 classes
802 3830 1167 3876 constituantur
1181 3840 1374 3876 necesse
1389 3836 1482 3886 est,
1493 3843 1640 3890 quam
1657 3832 1855 3889 quidem

484 3887 534 3931 in
572 3889 676 3945 ipsa
720 3892 1010 3949 explicanda
1052 3890 1273 3938 doctrina
1311 3891 1498 3949 primus
1541 3901 1741 3940 secutus
1784 3898 1857 3939 est

482 3950 724 3997 Kocliius
744 3964 873 3997 succ.
901 3952 965 3998 ab
987 3954 1150 3999 intest.
1178 3955 1204 4009 S
1225 3952 1303 3999 1⁹.
1324 3976 1386 3986 —-
1406 3955 1483 4000 Cf.
1506 3961 1556 4001 et
1575 3953 1736 4002 Glis'ck
1757 3959 1791 4002 1.
1815 3958 1850 4001 1.

485 4010 511 4064 S
558 4010 667 4059 149.
704 4036 761 4047 —
795 4014 985 4060 Caeter-
1022 4016 1120 4063 vid.
1157 4016 1326 4062 Heise
1357 4017 1570 4063 Gruudr.
1593 4019 1609 4075 (
1629 4018 1707 4063 ed.
1735 4021 1813 4065 111.
1837 4019 1854 4074 )

486 4084 552 4191 ἴς
569 4072 689 4180 ὅ163.
748 4080 854 4122 not.
893 4074 975 4122 10.
1018 4080 1067 4122 et
1105 4077 1345 4125 Rossltirt
1387 4079 1420 4123 1.
1464 4079 1499 4124 1.
1544 4091 1591 4136 p.
1637 4078 1732 4126 2⁰5
1775 4092 1853 4139 sq.

546 4197 595 4249 2)
619 4199 722 4253 Quo
762 4200 1013 4257 pertinent
1047 4210 1213 4246 versus
1260 4200 1338 4245 isti
1369 4203 1698 4261 memoriales,
1737 4215 1861 4262 quo-

484 4269 596 4365 fulm
619 4260 818 4368 ιμὲὲίὲω
841 4266 1014 4308 auctor
1048 4261 1208 4309 adhuc
1251 4262 1510 4319 ignoratur
1545 4267 1661 4320 (vid.
1688 4266 1853 4313 Gtack

549 4383 853 4430 Descendens
873 4385 1033 4431 omnis
1054 4385 1271 4432 succedit
1293 4385 1345 4431 in
1365 4385 1537 4432 ordine
1558 4389 1737 4448 primo,

547 4446 822 4492 Ascendens
845 4448 1340 4505 propior.ssermanus
1362 4480 1377 4502 ‚
1401 4447 1531 4493 fliius
1551 4450 1659 4505 eius
1679 4485 1695 4511 ,

547 4506 684 4553 Tunc
705 4509 863 4553 tatere
883 4520 943 4553 ex
969 4521 1065 4554 uno
1086 4509 1259 4564 irater,
1277 4520 1475 4568 quoque
1494 4510 1623 4558 fitius
1642 4514 1770 4572 cius,

547 4566 626 4623 [Hi
647 4570 813 4616 cuncti
834 4570 851 4626 (
869 4569 1064 4624 iuncti?
1087 4572 1103 4626 )
1129 4572 1180 4617 in
1201 4571 1375 4630 stirpes
1398 4575 1685 4630 succedunt.
1706 4577 1755 4622 in
1775 4586 1852 4621 cs-

1438 4633 1535 4691 pita
1560 4642 1725 4684 autem

547 4690 571 4735 J
579 4690 708 4736 uncti
732 4693 1071 4751 ascendentes,
1091 4693 1300 4740 fratrum
1323 4696 1484 4753 proies
1506 4710 1702 4757 quoque
1729 4697 1850 4754 sola]

548 4751 759 4808 Denique
773 4754 1042 4810 proximior
1060 4757 1361 4814 reliquorum
1373 4758 1574 4818 quisque
1588 4766 1846 4818 superstes.

481 4813 764 4932 Xifiioftoclt
784 4817 817 4861 1.
843 4815 877 4861 1.
899 4819 926 4872 S
949 4817 1029 4863 1⁹.
1057 4839 1111 4849 -
1140 4819 1295 4877 Huoo
1313 4820 1447 4866 heut.
1472 4823 1526 4868 R.
1552 4824 1604 4869 R.
1631 4825 1726 4880 (ed.
1752 4825 1850 4883 Vl.)

1980 2967 2029 3023 3)
2058 2968 2176 3023 Arg.
2201 2964 2293 3023 s7.
2313 2968 2354 3012 1.
2382 2966 2454 3012 de
2474 2965 2754 3025 [eyiaaqn.
2775 2977 2927 3015 succ.
2966 2989 3023 2999 --
3059 2959 3288 3011 cnm

1919 3029 1955 3075 1.
1983 3029 2015 3073 1.
2043 3029 2068 3081 ς
2096 3024 2487 3084 102.-Glt'icks
2509 3026 2618 3074 150.
2640 3030 2722 3073 ΝΡ.
2749 3028 2827 3074 Ν.

1978 3088 2029 3146 4)
2048 3090 2167 3136 Nov.
2197 3088 2304 3137 118.
2323 3104 2371 3137 c.
2399 3090 2445 3136 1.
2474 3092 2604 3136 ·‹-si
2627 3101 2774 3148 quem
2795 3090 2976 3136 horum
2996 3085 3289 3134 descenden-

1919 3152 2040 3198 tium
2065 3151 2196 3199 fltios
2219 3153 2579 3211 relinquentem
2604 3153 2728 3198 mori
2759 3152 3028 3208 contigerit
3057 3184 3074 3208 ,
3094 3150 3222 3195 iliius
3243 3147 3290 3193 fl·

1921 3214 2032 3268 lios,
2057 3218 2137 3259 aut
2168 3217 2291 3262 filias
2317 3249 2332 3267 ,
2355 3220 2443 3261 aut
2465 3216 2583 3261 aiios
2603 3216 2950 3261 descendentes
2972 3249 2988 3272 ,
3016 3213 3071 3259 in
3102 3208 3294 3267 proprii

1915 3277 2170 3331 pat-enus
2205 3279 2378 3325 locum
2412 3278 2705 3325 succedere
2724 3300 2782 3310 ·-
2807 3301 2865 3311 —-
2892 3298 2950 3309 -·
2974 3309 2990 3326 .
3014 3281 3204 3321 tantam
3242 3273 3294 3318 d·

1921 3337 2200 3391 hereditate
2223 3340 2481 3385 morientis
2525 3341 2819 3398 accipientes
2861 3344 3055 3395 partem
3074 3372 3090 3394 ,
3110 3339 3289 3394 quanti-

1920 3411 2112 3457 cunque
2134 3403 2240 3449 sint
2260 3435 2274 3457 ,
2297 3406 2535 3459 quantam
2556 3413 2725 3447 eorum
2751 3411 2928 3458 parens
2953 3435 2969 3454 ,
3003 3400 3044 3445 si
3081 3402 3260 3443 viveret
3280 3430 3294 3452 ,

1920 3461 2178 3510 habuisset
2207 3481 2218 3511 :
2244 3474 2393 3522 quam
2417 3465 2774 3511 successionem
2817 3465 2869 3511 in
2916 3463 3095 3519 stirpes
3118 3458 3293 3506 vocavit

1919 3524 2193 3581 antiquitas
2222 3542 2246 3570 η
2268 3525 2581 3586 (vulq.).—c.
2604 3525 2654 3573 ὅ.
2681 3541 2706 3568 u
2734 3549 2857 3560 ——
2876 3527 3045 3573 fratris
3069 3526 3155 3568 aut
3176 3532 3297 3566 soro-

1922 3587 1987 3632 ris
2002 3592 2434 3645 praemortuorum
2450 3588 2536 3635 iiiii
2558 3612 2680 3624 -—-
2702 3589 3071 3645 quanticunque
3103 3584 3294 3640 ruerint,

1923 3654 2109 3695 tantam
2133 3661 2202 3697 ex
2227 3649 2498 3696 hereditate
2524 3650 2791 3709 percipient
2814 3651 3124 3706 portionem,
3148 3656 3293 3703 quan·

1922 3714 2019 3756 tam
2038 3722 2219 3758 eorum
2252 3722 2426 3770 parens
2450 3713 2646 3759 futurus
2665 3718 2791 3758 esset
2806 3713 3052 3769 accipere,
3076 3710 3115 3754 si
3138 3718 3294 3764 super-

1920 3777 2015 3817 stes
2036 3778 2190 3819 esset.
2220 3797 2274 3808 -
2299 3798 2358 3807 —
2379 3796 2445 3808 -
2467 3774 2870 3831 Quandoquidem
2894 3774 3049 3829 igitur
3072 3771 3237 3816 stati-is
3253 3772 3294 3812 et

1919 3835 2097 3880 sororis
2127 3835 2252 3882 filiis
2284 3837 2379 3881 tate
2414 3837 2722 3894 privitegium
2741 3836 2967 3881 dedimus
2989 3867 3006 3888 ,
3031 3837 3088 3878 ut
3105 3831 3161 3878 in
3174 3842 3290 3890 pro-

1914 3897 2162 3952 prior-um
2199 3901 2483 3955 parentum
2516 3898 2868 3945 succedentes
2888 3897 3066 3943 {ocum
3100 3918 3164 3931 —-
3195 3903 3292 3939 eun

1918 3959 1995 4013 iis,
2017 3958 2097 4015 qui
2121 3958 2182 4004 in
2211 3960 2427 4007 secundo
2445 3960 2598 4017 gradu
2620 3964 2753 4017 sunt,
2772 3960 2836 4004 ad
2862 3958 3190 4004 hereditatem
3210 3967 3285 4002 ro·

1916 4024 2107 4066 cantur.
2134 4034 2164 4062 u

1980 4079 2122 4138 5)Cf.
2151 4082 2314 4131 Koch
2345 4081 2472 4137 812.
2509 4108 2569 4117 -
2605 4079 2893 4138 Glia'cksffi
2917 4105 2975 4114 —-
2998 4079 3080 4127 25.
3102 4075 3288 4134 etsffl.

1921 4154 1970 4200 p.
1995 4141 2085 4189 105
2107 4155 2193 4201 sq.
2219 4146 2301 4204 (cf.
2324 4146 2564 4192 λοσε-ΜΝ
2583 4146 2618 4191 1.
2640 4146 2674 4190 t.
2699 4157 2748 4202 p.
2766 4141 2863 4189 285
2883 4148 3034 4201 sqq.).
3061 4166 3119 4177 -
3152 4145 3299 4198 Neque

1923 4216 2037 4251 vero
2060 4206 2166 4252 uua
2184 4216 2261 4254 est
2275 4219 2442 4266 causa,
2463 4220 2552 4254 cur
2572 4207 2837 4253 discrimen
2860 4206 2956 4252 hac
2976 4207 3028 4251 in
3048 4216 3104 4249 re
3122 4207 3290 4252 stat-⁸·

1919 4271 1998 4312 tur
2020 4269 2151 4313 inter
2184 4270 2476 4316 remotiores
2513 4269 2730 4315 defuncti
2754 4268 3113 4314 descendentes
3132 4273 3183 4312 et
3202 4265 3292 4310 fn·

1920 4333 2053 4374 trum
2091 4329 2234 4379 filios
2252 4366 2267 4388 ‚
2287 4332 2426 4389 qussi
2446 4331 2496 4377 hi
2515 4332 2713 4390 quidem
2749 4341 2851 4376 non
2891 4332 3040 4377 aliter
3060 4329 3293 4387 accigunt

1917 4394 2229 4448 praemortui
2251 4395 2462 4451 parentis
2484 4398 2691 4452 partem,
2710 4402 2859 4449 quam
2878 4393 2918 4437 si
2944 4391 3092 4446 hujus
3112 4398 3291 4449 quoqne

1919 4453 2070 4509 ipsius
2090 4453 2307 4503 heredes
2327 4454 2445 4501 tacti
2466 4458 2597 4515 sint3
2622 4464 2733 4500 nam
2766 4455 2999 4499 simititer
3028 4455 3104 4499 tex
3142 4458 3295 4497 utum·

1915 4526 2010 4571 que
2032 4521 2183 4561 vocat
2208 4518 2269 4565 ad
2291 4520 2643 4563 successionem
2661 4513 3003 4572 (vid.not.4.).
3024 4516 3120 4560 Nee
3140 4521 3290 4559 secan

1922 4576 2012 4632 ipsi
2033 4581 2297 4636 constant,
2317 4580 2401 4634 qui
2421 4614 2434 4634 .
2452 4591 2566 4624 cum
2588 4581 2744 4625 attero
2767 4578 2816 4622 in
2833 4579 2943 4622 ioco
2960 4578 3043 4632 ,ius
3065 4575 3181 4622 iiiud
3202 4584 3289 4619 nou

1915 4649 2018 4682 esse
2041 4641 2373 4693 repetendum
2410 4652 2470 4686 ex
2512 4646 2767 4700 parentum
2808 4650 3017 4696 persona
3053 4637 3286 4688 dixerint,

1915 4698 2043 4744 idem
2065 4704 2313 4750 tamenin
2337 4703 2491 4748 altero
2529 4714 2590 4747 ex
2628 4713 2687 4746 eo
2719 4701 2934 4758 pendere
2954 4700 3246 4747 contendant
3265 4728 3281 4750 .

1913 4762 2067 4819 quod-
2109 4770 2385 4817 parentum
2447 4775 2701 4824 personam
2760 4763 3040 4809 sustineant
3092 4760 3282 4806 fratrum

1916 4822 2071 4869 liberi.
2092 4823 2265 4876 Quam
2278 4826 2473 4883 quidem
2485 4826 3046 4882 inconstantiaecuipsm
3058 4820 3283 4869 contrahit

1916 4884 2079 4931 Glaeick
2110 4884 2140 4937 S
2168 4887 2257 4938 23.
2276 4890 2332 4942 in
2355 4888 2395 4934 f.
2418 4888 2485 4948 (p.
2506 4885 2609 4946 78.)
2630 4888 2718 4942 ets
2745 4884 2827 4934 96.
2853 4888 2922 4945 (p.
2949 4884 3101 4941 ¹⁰5·)·
