3544 5506
416 313 528 368 21⁴
1016 325 1168 368 rans
1207 325 1361 368 spec.
1406 326 1523 368 mi.
1564 326 1638 369 ιι.
1679 325 1755 372 m:
1791 325 1978 369 mus
2016 325 2290 376 muno.
2330 327 2611 370 commo.

415 435 547 494 duo
584 434 881 507 pluresve
907 434 971 491 in
1004 434 1194 492 rebus
1223 433 1611 492 naturaliter
1640 429 1976 492 individuis
2006 441 2439 510 concurrunt,
2487 439 2554 493 et
2580 447 2735 492 usus
2771 429 2893 491 erit
2928 433 3212 492 omnium

414 533 817 606 promiscuus
847 541 915 594 et
953 529 1349 607 individuus,
1386 539 1451 592 et
1495 534 1666 593 actio
1704 534 2137 608 obligatioque
2163 536 2243 594 ad
2269 530 2555 608 quemvis
2584 548 2811 592 eorum
2854 533 2918 590 in
2940 532 3213 592 solidum

415 623 758 729 pertinebit
783 625 870 695 16).

1045 752 1234 826 5225.
1284 761 1348 817 F.
1394 758 1500 816 Res
1517 756 1869 836 principales
1900 774 2205 836 earumque
2228 734 2576 816 accessiones.

495 906 703 964 Rebus
735 906 1187 979 principalibus
1204 949 1221 979 ‚
1249 922 1415 980 quae
1437 907 1696 981 quidem
1724 923 1841 966 sua
1881 907 1942 966 vi
1973 922 2052 966 ac
2079 913 2399 981 potestate
2428 911 2764 979 constant,
2796 907 3218 976 opponuntur

413 1005 807 1065 accessiones
835 1003 877 1079 ¹)
906 1021 1157 1073 earum,
1194 1007 1277 1064 ad
1302 1022 1458 1079 quas
1485 1023 1705 1066 rerum
1722 987 2100 1081 Juriumque
2116 1007 2457 1065 commoda
2485 1005 3027 1076 incommodaque
3049 1001 3217 1061 reie-

412 1102 615 1159 renda
663 1109 835 1160 sunt.
871 1106 1074 1175 Atque
1108 1098 1175 1159 in
1214 1100 1567 1161 commodis
1598 1103 1867 1161 maxime
1892 1103 2213 1161 habentur
2240 1103 2399 1161 haec
2432 1118 2449 1159 e
2494 1101 2550 1175 1)
2590 1114 3018 1174 quaecunque
3040 1114 3116 1157 ex
3147 1113 3230 1158 re.

412 1203 635 1258 nostra
673 1205 1024 1256 nascuntur
1066 1195 1580 1271 proveniuntque
1608 1240 1624 1268 ‚
1675 1195 1810 1257 sive
1831 1198 2109 1273 fructus,
2147 1205 2284 1257 tum
2324 1199 2652 1256 naturales
2677 1239 2696 1273 ,
2737 1203 2875 1254 tum
2903 1195 3120 1253 civiles
3145 1201 3219 1253 ut

411 1298 646 1351 vocant
672 1291 809 1371 ¹a);
854 1296 935 1362 9)
965 1295 1275 1368 quidquid
1316 1296 1406 1353 ita
1449 1290 1718 1354 accessit
1762 1296 1855 1353 rei
1895 1291 2241 1366 immobili,
2288 1301 2360 1353 ut
2395 1290 2513 1367 ipsi
2560 1292 2943 1352 naturaliter
2989 1292 3220 1351 cohae—

412 1397 555 1450 reat
581 1388 670 1469 ²13
702 1395 762 1463 5)
804 1395 897 1452 rei
939 1395 1168 1467 etiam,
1216 1410 1384 1467 quae
1428 1401 1722 1455 movetur
1747 1439 1764 1466 ,
1796 1401 2124 1469 tamquam
2164 1389 2564 1453 accessiones
2592 1393 2829 1452 cedent
2875 1390 3215 1465 adjuncta,

413 1486 661 1564 quoties
685 1497 799 1549 aut
824 1493 889 1550 in
914 1487 1088 1550 illam
1113 1493 1307 1551 totius
1331 1489 1425 1551 rei
1453 1501 1519 1553 et
1560 1509 1800 1554 nomen
1835 1500 1901 1552 et
1927 1495 2107 1553 notio
2132 1494 2306 1553 cadit
2326 1490 2371 1567 5)
2390 1536 2408 1568 ,
2440 1499 2577 1567 aut,
2609 1493 2782 1565 quod
2813 1485 3179 1564 adjungitur
3199 1536 3216 1561 ‚

411 1586 724 1661 ejusmodi
766 1595 897 1660 est,
928 1595 1002 1645 ut
1041 1588 1178 1648 sine
1215 1589 1320 1647 illa
1364 1603 1502 1648 esse
1524 1591 1791 1649 omnino
1827 1597 2106 1664 nequeat
2126 1586 2209 1663 ⁴);
2250 1595 2590 1664 praeterea
2624 1589 2702 1657 4)
2734 1601 3219 1660 nonnumquam

413 1702 549 1757 res,
574 1687 727 1746 licet
771 1690 854 1748 ab
888 1683 1014 1747 alia
1042 1704 1166 1748 nec
1202 1691 1650 1766 provenerint,
1691 1706 1815 1750 nec
1851 1692 1933 1749 ad
1958 1690 2098 1764 eJus
2123 1692 2301 1749 velut
2340 1685 2772 1762 integritatem
2814 1687 3216 1761 pertineant,

412 1792 628 1843 tamen
653 1788 735 1845 ad
756 1802 896 1845 eam
918 1789 1005 1846 ita
1026 1794 1174 1846 sunt
1191 1788 1483 1857 affectae,
1513 1797 1587 1848 ut
1605 1796 1933 1864 tamquam
1957 1785 2021 1849 in
2050 1785 2243 1863 ipsius
2260 1790 2550 1864 partibus
2567 1789 2928 1847 habeantur
2950 1791 3222 1844 evocant

412 1883 830 1959 pertinentias
857 1891 917 1965 (ς
943 1888 1141 1962 seq.);
1189 1891 1468 1963 denique
1507 1891 1580 1957 5)
1612 1891 1783 1949 inter
1819 1885 2272 1963 obligationem
2321 1889 2779 1962 actionumque
2823 1886 3218 1945 accessiones

411 1985 822 2045 referendum
853 2031 870 2057 ‚
905 1983 955 2045 si
988 1987 1141 2061 quid
1172 1995 1303 2063 est,
1345 1991 1518 2063 quod
1543 1998 1803 2063 praeter
1832 2006 2093 2050 causam
2120 1985 2186 2049 in
2212 1990 2665 2062 obligationem
2702 1989 3049 2046 deductam
3093 1985 3223 2059 peti

416 2093 658 2159 potest;
702 2084 764 2144 id
809 2089 980 2161 quod
1007 2090 1291 2165 generali
1327 2091 1500 2164 ejus,
1534 2092 1708 2163 quod
1749 2092 2053 2161 interest,
2095 2086 2356 2150 nomine
2384 2085 2605 2150 venire
2645 2090 2809 2147 solet
2829 2085 2899 2161 ³).
2947 2085 3217 2144 Omnino

411 2192 628 2245 autem
645 2230 663 2261 ‚
692 2188 1001 2262 quidquid
1025 2189 1115 2247 ita
1143 2191 1392 2248 accedit
1421 2189 1551 2262 rei,
1579 2198 1654 2250 ut
1670 2192 1811 2266 ejtxs
1837 2192 2274 2252 conditionem
2298 2186 2628 2250 meliorem
2647 2190 2876 2249 reddat
2891 2181 3220 2261 magisque

411 2280 740 2342 efficacem
760 2327 778 2358 ‚
801 2300 973 2342 causa
992 2285 1088 2344 rei
1111 2288 1477 2359 appellatur
1503 2286 1548 2362 ὅ)
1573 2332 1590 2357 ,
1628 2305 1822 2362 quam
1863 2288 1929 2346 in
1975 2295 2307 2347 externam
2336 2294 2403 2346 et
2443 2283 2766 2345 internam
2807 2284 3100 2342 dividunt
3123 2298 3227 2341 re-

412 2378 731 2438 centiores
750 2376 820 2453 7).
849 2383 987 2439 Jam
1011 2397 1166 2441 vero
1187 2385 1270 2441 de
1295 2399 1515 2442 rerum
1532 2384 2005 2443 accessionibus
2029 2384 2115 2441 ita
2142 2378 2497 2441 videbimus
2518 2424 2536 2457 ‚
2569 2389 2673 2450 ut,
2694 2394 2863 2455 quae
2903 2384 3017 2437 aut
3042 2383 3225 2437 certo

412 2471 664 2585 cuidam
707 2479 852 2539 loco
893 2478 1198 2554 assignari
1249 2498 1512 2556 prorsus
1560 2491 1931 2557 nequeunt,
1981 2490 2093 2542 aut
2137 2483 2604 2557 principiorum
2655 2481 2905 2540 ratione
2946 2478 3225 2537 maxime

416 2583 586 2634 inter
602 2592 670 2636 se
692 2586 843 2637 sunt
863 2588 1038 2653 apta,
1069 2578 1284 2641 hocin
1312 2579 1523 2657 capite
1547 2573 2017 2658 prosequamur
2036 2626 2053 2654 ‚
2077 2585 2176 2643 his
2206 2584 2461 2659 quidem
2483 2582 2773 2657 sepositis
2794 2627 2813 2655 ‚
2852 2595 3020 2654 quae
3042 2593 3227 2638 com-

415 2671 673 2736 modius
690 2677 817 2738 alio
843 2674 909 2738 in
937 2682 1081 2741 loco
1108 2679 1161 2753 (S
1191 2682 1336 2755 559,
1379 2698 1519 2758 sqq.
1525 2700 1544 2756 )
1571 2690 1952 2743 tractantur.

492 2837 518 2910 §
543 2834 689 2893 226.
739 2834 799 2908 1)
840 2836 924 2895 De
947 2854 1122 2896 causa
1147 2838 1263 2898 sive
1307 2840 1375 2899 de
1399 2842 1703 2902 commodis
1729 2861 1924 2903 rerum
1951 2842 2047 2921 (³⁸).
2094 2845 2162 2918 A)
2195 2843 2558 2912 Accessiones,
2605 2860 2748 2921 quae
2763 2840 3146 2919 pertinentiae

1598 2941 1878 3003 dicuntur
1908 2946 2038 3023 (**).

495 3072 564 3127 ln
609 3070 816 3129 causis
847 3086 1065 3130 rerum
1113 3071 1384 3131 maxime
1423 3076 1575 3129 sunt
1616 3078 1683 3130 et
1726 3073 2155 3141 accessiones,
2204 3088 2366 3146 quas
2405 3079 2637 3131 vocant
2671 3072 3116 3146 pertinentias,
3160 3078 3228 3131 et

414 3164 679 3223 fructus.
722 3161 1136 3226 Pertinentias
1166 3168 1706 3240 interpretamur,
1746 3182 1916 3241 quae
1945 3164 2035 3226 ita
2061 3170 2143 3227 ad
2192 3164 2383 3227 aliam
2416 3184 2549 3228 rem
2594 3161 2865 3227 affectae
2891 3174 3076 3239 sunt,
3112 3174 3223 3241 ut,

413 3261 560 3319 licet
587 3276 709 3320 nec
738 3262 803 3320 in
836 3264 1121 3335 partibus
1145 3263 1282 3338 ejus
1325 3262 1584 3337 proprie
1607 3262 1765 3333 sint,
1791 3260 1997 3322 necin
2021 3265 2334 3323 fructibus
2351 3309 2369 3340 ‚
2397 3267 2672 3323 eandem
2705 3270 2925 3322 tamen
2948 3280 3228 3338 sequan-

412 3362 521 3414 tur
543 3353 605 3425 ¹).
631 3361 703 3416 Et
724 3354 1061 3417 mobilibus
1090 3361 1344 3432 quidem
1371 3360 1591 3427 rebus,
1624 3364 1697 3416 ut
1721 3374 1879 3431 prae
1904 3362 2173 3419 caeteris
2197 3357 2501 3420 dicuntur
2522 3400 2539 3429 ‚
2578 3358 2742 3418 aliae
2776 3375 2877 3418 res
2907 3362 3223 3420 accessio-

481 3524 559 3583 16)
578 3528 633 3573 L.
652 3524 700 3573 5.
725 3522 850 3581 515.
870 3527 925 3570 D.
949 3523 1265 3572 commodati
1286 3524 1435 3581 (xlii,
1455 3520 1524 3579 θ.)
1552 3523 1707 3577 Quem
1731 3522 1785 3567 in
1846 3519 2082 3566 materiae
2100 3519 2163 3565 sit
2183 3518 2413 3575 accessio,
2437 3516 2539 3564 visu
2562 3522 2711 3575 atque
2743 3528 2833 3563 usu
2854 3517 2945 3576 rei,
2966 3520 3231 3562 consuetu—

418 3592 578 3637 locum
610 3589 706 3636 vid.
738 3590 795 3636 J.
837 3589 888 3634 C.
912 3588 1086 3633 Heme
1124 3587 1269 3633 Beitr.
1307 3597 1399 3632 zur
1435 3585 1657 3631 Revision
1694 3583 1781 3630 der
1846 3583 1973 3630 dinis
1995 3582 2082 3639 [al.
2103 3579 2848 3639 consuetudine]patrisfamilias
2867 3579 3228 3625 aestimandum

418 3652 598 3699 bisber.
630 3651 838 3699 Theoi-ie
876 3650 964 3696 der
991 3649 1243 3696 ebetichen
1283 3645 1785 3703 Gutergemeinscbat't
1846 3641 2197 3700 est.n)-t,.52.
2220 3640 2672 3702 §5.eod.—L.25.S
2691 3639 3070 3689 2.4.5.D.derei
3082 3641 3228 3689 vind.

423 3715 543 3768 (Kiel
581 3712 724 3762 1808.
753 3713 824 3774 8.)
847 3715 874 3768 S
897 3709 976 3759 10.
1012 3718 1062 3759 et
1083 3712 1304 3769 inprimis
1346 3709 1665 3765 macenti-op
1695 3720 1787 3754 zur
1911 3705 1959 3764 4)
1984 3706 2132 3755 Las.
2155 3709 2180 3762 S
2200 3708 2249 3753 b.
2275 3708 2330 3753 D.
2353 3704 2420 3751 de
2441 3705 2520 3752 rei
2540 3704 2682 3751 vind.

421 3778 578 3824 Lebre
599 3788 696 3824 von
715 3779 805 3826 der
838 3774 1315 3832 Correatobligation.
1340 3784 1390 3832 p.
1417 3771 1527 3819 191.
1551 3783 1658 3830 sqq.
1910 3768 1961 3827 5)
1983 3769 2033 3815 t..
2060 3768 2105 3816 1.
2129 3771 2155 3824 S
2173 3769 2253 3816 90.
2276 3770 2329 3819 D.
2357 3767 2423 3813 de
2445 3771 2545 3814 eut.
2580 3770 2635 3814 et
2677 3769 2787 3813 rat.
2812 3765 2963 3812 distr.
2987 3764 3190 3822 (xxvii
3210 3800 3228 3827 ‚

1847 3829 1896 3879 5.
1918 3832 2010 3890 )-
2032 3832 2083 3878 Ι..
2112 3831 2186 3878 11.
2213 3835 2239 3887 s
2263 3830 2338 3878 18.
2365 3832 2417 3875 n.
2441 3830 2512 3877 ae
2531 3844 2583 3878 a.
2604 3841 2653 3876 e.
2672 3832 2726 3875 et
2746 3840 2796 3876 υ.
2819 3830 2962 3885 (xix,
2984 3828 3052 3886 1.)

1017 3885 1045 3939 s
1075 3880 1190 3930 225.
1908 3894 2033 3953 6)1,.
2059 3894 2244 3951 τιςι.
2270 3889 3229 3942 n.aere1·v1na.—1,.2o.eoa.—cr.

490 3964 535 4022 1)
555 3965 873 4024 [Accessionis
896 3964 1132 4011 vocabulo
1160 3973 1304 4007 sensu
1346 3960 1517 4007 latiore
1549 3962 1698 4009 modo
1729 3964 1779 4007 et
1848 3957 2082 4015 Brisson.
2098 3972 2143 4005 v.
2161 3969 2332 4006 causa
2352 3956 2372 4007 S
2393 3953 2443 4002 9.

421 4029 613 4074 fructus
632 4028 946 4075 continentur
964 4026 1084 4084 (vid.
1106 4039 1155 4072 e.
1171 4038 1219 4083 g.
1241 4024 1386 4071 1..st
1409 4023 1463 4070 C.
1488 4022 1555 4070 de
1576 4023 1775 4072 usuris.
1905 4019 1953 4078 7)
1992 4024 2042 4069 C.
2076 4024 2146 4068 A.
2170 4021 2411 4067 Giinther
2430 4018 2667 4078 principia
2688 4018 2788 4075 jur.
2827 4015 3019 4063 romani
3045 4015 3231 4073 privati

415 4093 476 4138 tv
495 4124 511 4149 ‚
542 4092 619 4137 39.
634 4092 679 4153 );
720 4093 867 4138 modo
910 4089 1171 4136 accessioni
1204 4088 1392 4134 fructus
1429 4091 1770 4145 opponuntur3
1842 4085 2025 4132 noviss.
2047 4084 2074 4139 S
2111 4080 2223 4130 178.

417 4154 567 4212 (quod
587 4155 787 4213 quidem
811 4164 909 4199 non
925 4152 982 4198 fit
1003 4151 1138 4196 rubr.
1153 4149 1254 4195 Tit.
1271 4151 1332 4195 de
1352 4150 1511 4193 usuris
1533 4154 1581 4195 et
1603 4151 1779 4196 fructi·
2454 4172 2481 4226 ς
2514 4171 2611 4220 220

418 4219 507 4265 bus
516 4221 567 4262 et
575 4218 792 4263 «tausisee
812 4215 1054 4262 omnibus
1070 4210 1483 4261 accessionibus.
1500 4210 1605 4269 Dig.
1617 4214 1769 4271 xxti,
2616 4204 2630 4219 ⁰

418 4277 549 4337 ¹.)—
564 4279 924 4337 ominationem
955 4287 1152 4336 quoque
1165 4308 1181 4332 ‚
1200 4287 1326 4333 quae
1348 4273 1487 4320 alteri
1521 4276 1769 4334 adjicitur,
1896 4270 1952 4329 (⁹)
1975 4270 2080 4327 Dig.
2093 4270 2259 4327 (xxti,
2280 4269 2348 4328 1.)
2369 4269 2437 4316 de
2460 4268 2642 4317 usmis
2660 4274 2715 4318 et
2727 4267 2999 4322 fructibus
3019 4272 3077 4316 et
3096 4281 3231 4318 cau-

419 4355 468 4387 v.
493 4353 538 4388 c.
560 4342 918 4397 fidejussionem
940 4375 955 4400 ‚
972 4340 1099 4394 juris
1117 4340 1269 4384 nostri
1288 4343 1510 4384 auctores
1528 4339 1743 4385 accessio
1757 4362 1769 4372 ·
1832 4331 1908 4380 sis
1926 4337 1979 4381 el
1994 4331 2237 4380 omnibus
2256 4332 2649 4382 accessionibus
2670 4335 2751 4391 (et
2777 4335 2977 4389 mora).
3000 4356 3060 4366 --
3082 4335 3224 4390 (Cod.

414 4398 1776 4520 εειηιῖ13ρὲἕῖξὶοῆιιὶοἳιὲνςειῖἶὶιοιῖιὲῗίῧὶζῖἅὶῙΕἝ]
1833 4394 2450 4531 Νᾶἱξζῗιῖῐῖῗὲἳᾶἒεθᾶη
2484 4459 2540 4504 D.
2585 4458 2826 4505 theoriam
2862 4459 3142 4515 generalem
3166 4460 3230 4504 de

486 4527 560 4586 la)
581 4530 633 4576 t..
652 4529 736 4576 09.
754 4540 830 4585 pr.
851 4529 905 4574 D.
929 4527 997 4574 de
1015 4527 1094 4573 rei
1112 4524 1255 4573 vind.
1276 4523 1576 4583 (vt.t.)-1..
1599 4524 1680 4572 5⁴.
1696 4523 1778 4572 50.
1843 4525 2145 4581 pertinentiis
2166 4525 2358 4568 sistens.
2383 4525 2546 4570 Goett.
2572 4518 2716 4568 1782.
2740 4519 2786 4568 ⁴.
2825 4543 2886 4552 ——
2932 4523 2992 4566 F.
3034 4523 3087 4567 C.
3110 4523 3231 4567 Ges-

423 4593 478 4638 t).
497 4591 565 4637 de
585 4591 788 4638 usuris.
811 4590 976 4648 (xxti,
999 4590 1064 4646 1.)
1086 4613 1142 4622 -—
1157 4588 1232 4634 Cf.
1253 4589 1278 4643 S
1297 4584 1390 4633 997
1414 4599 1519 4647 sqq.
1847 4582 2058 4643 terdiny
2078 4586 2347 4631 lrrtbttmer
2368 4587 2456 4632 der
2474 4584 2744 4641 Rechtsgel.
2766 4584 2848 4629 Nr.
2871 4584 2930 4631 Χ.
2963 4582 3102 4639 (das,
3118 4584 3228 4641 Sys-

477 4652 530 4709 2)
551 4656 578 4710 ς
609 4652 700 4712 90,
723 4655 759 4699 l.
780 4651 849 4700 de
879 4664 986 4700 rer.
1008 4651 1163 4700 divis·
1208 4671 1270 4682 —
1311 4651 1337 4705 S
1369 4648 1450 4697 99.
1472 4649 1593 4697 eod.
1618 4677 1673 4686 —-
1699 4652 1783 4699 Ex.
1849 4654 1949 4693 tem
1981 4652 2106 4695 rom.
2148 4647 2324 4695 Rechts
2347 4660 2443 4695 von
2464 4649 2560 4695 den
2580 4646 2916 4693 Pertinenzieu
2939 4647 2955 4699 )
2981 4658 3032 4703 p.
3053 4644 3141 4692 301
3169 4671 3231 4679 -

414 4716 525 4763 vide
543 4717 569 4773 ς
587 4714 668 4762 22.
685 4714 804 4764 eod.
1849 4707 2090 4757 390.—G.
2115 4713 2171 4757 L.
2193 4710 2378 4758 Punite
2399 4712 2477 4758 die
2494 4710 2648 4756 Lebre
2669 4719 2761 4755 von
2783 4710 2880 4754 den
2902 4709 3227 4756 pertinenti-n

478 4776 528 4837 ὅ)
548 4776 670 4833 ς96.
694 4781 731 4825 1.
751 4777 938 4825 darer.
959 4772 1109 4824 divis.
1137 4800 1194 4808 —
1215 4777 1269 4821 L.
1292 4770 1373 4822 19.
1396 4775 1422 4829 S
1443 4774 1523 4823 13.
1538 4776 1619 4825 90.
1643 4778 1698 4824 1).
1719 4775 1790 4824 de
1851 4784 1938 4819 aus
1960 4775 2048 4821 der
2068 4774 2219 4822 Natur
2236 4775 2323 4820 der
2347 4774 2501 4821 Sacbe
2522 4771 2622 4819 und
2650 4771 2702 4819 d.
2725 4775 2850 4818 rom.
2882 4771 2941 4817 a.
2970 4770 3231 4818 Cbemnitz

415 4852 576 4900 aum,
594 4843 818 4902 amento
839 4843 940 4887 etc.
964 4842 1064 4901 leq.
1087 4838 1312 4894 (xxxiv,
1326 4838 1464 4895 2.)-
1483 4841 1536 4887 Ι..
1558 4839 1642 4887 90.
1663 4839 1783 4888 eod.
1852 4831 1993 4884 1897.
2009 4834 2058 4882 8.

419 4928 476 4941 -
496 4904 570 4953 Cf.
595 4906 648 4952 1..
672 4901 752 4951 90.
770 4914 846 4964 pr.
865 4907 915 4950 et
947 4903 974 4958 s
997 4901 1044 4950 1.
1066 4899 1186 4948 eod.
1206 4900 1262 4957 (ιι
1280 4902 1396 4948 utra
1436 4908 1600 4950 autem
1630 4903 1785 4949 utrius
1914 4899 1959 4958 1)
1981 4900 2140 4959 Neque
2164 4910 2277 4947 vero
2299 4903 2459 4958 partes
2479 4898 2546 4946 rei
2570 4898 2901 4956 intem-antes,
2926 4901 2979 4941 nt
3022 4901 3233 4955 vocant,
