3544 5506
2940 357 3055 417 6³5

234 478 345 536 dat
385 478 746 537 inventario
794 479 1267 538 conscribendo
1286 523 1305 553 ‚
1347 479 1611 538 minime
1637 480 1832 538 debet
1878 479 2217 553 inquietari
2259 495 2300 536 a
2334 479 2761 540 creditoribus
2808 483 3050 554 legata·-

234 578 421 636 riisve
462 576 538 651 ¹);
578 576 641 650 Ξ)
676 592 812 636 non
858 578 976 635 nisi
1010 578 1076 636 in
1114 585 1364 637 tantum
1403 586 1662 638 tenetur
1696 580 2157 654 creditoribus,
2197 579 2421 651 quanti
2447 586 2556 651 est
2611 579 2933 640 hereditas
2983 579 3054 656 ²),

232 679 370 738 scil.
409 686 560 739 ante
606 681 798 739 etiam
836 681 1226 742 deducendis
1261 725 1278 752 ,
1328 696 1499 754 quae
1538 681 1747 740 autin
1789 682 1978 740 sunus
2014 682 2302 755 impensa
2346 688 2499 739 sunt
2533 682 2893 756 testatoris,
2940 691 3055 743 aut

235 776 300 835 in
342 778 709 836 testamenti
755 778 1249 836 insinuationem
1301 775 1349 853 ³)
1377 825 1393 852 ‚
1438 786 1551 837 aut
1602 776 1667 837 in
1712 780 2048 837 inventarii
2100 775 2571 837 confectionem
2617 779 2799 852 (not.
2847 796 2983 854 seq.
3010 782 3050 847 ).

235 881 449 953 Reque
483 880 546 950 5)
597 894 749 949 eae,
796 895 956 952 quas
1000 880 1131 953 ipse
1173 876 1375 939 habet
1415 882 1721 940 adversus
1759 880 2134 940 defunctum
2157 922 2175 946 .
2218 879 2504 939 actiones
2527 880 3048 951 confunduntur.

234 976 344 1033 sed
377 972 667 1034 similiter
683 982 759 1035 ut
785 972 1184 1047 reliquorum
1213 978 1608 1035 creditorum
1629 1020 1646 1045 ‚
1678 992 1797 1035 suo
1822 991 2122 1050 quaeque
2149 977 2296 1035 loco
2315 1018 2330 1043 ‚
2359 977 2776 1035 collocandae
2795 984 2947 1037 sunt
2971 975 3051 1053 ⁴).

235 1074 446 1130 Potest
468 1077 804 1145 praeterea
833 1071 889 1146 4)
920 1079 992 1129 ut
1013 1073 1323 1146 quisque,
1358 1075 1457 1131 vel
1486 1089 1563 1131 ex
1589 1073 1981 1131 creditorum
2012 1074 2215 1131 velex
2253 1073 2708 1144 legatariorum
2741 1089 3045 1147 numero,

234 1168 478 1239 primus
515 1183 662 1225 eum
703 1169 1116 1238 convenerit,
1172 1169 1262 1227 ita
1282 1169 1371 1226 illi
1419 1169 1825 1242 satisfacere,
1873 1171 2046 1227 nulla
2075 1169 2335 1242 quidem
2372 1184 2495 1227 nec
2522 1170 2897 1228 discriminis
2925 1187 3049 1231 nec

234 1264 719 1335 praerogativae
742 1263 910 1323 inter
935 1266 1104 1337 ipsos
1143 1268 1397 1324 ratione
1427 1265 1644 1323 habita
1669 1307 1686 1331 ‚
1720 1265 1811 1323 sic
1843 1272 2089 1333 tamen,
2118 1273 2193 1323 ut
2216 1264 2467 1324 licentia
2491 1266 2572 1323 sit
2586 1266 3012 1326 creditoribus
3030 1308 3049 1334 ,

233 1358 344 1430 qui
388 1359 627 1417 habent
671 1359 995 1432 potentius
1040 1361 1185 1433 jus,
1243 1356 1576 1433 repetendi
1610 1376 1646 1417 a
1679 1356 2138 1432 posterioribus
2182 1360 2608 1419 creditoribus
2659 1362 3053 1433 legatariisve

236 1457 577 1526 pecuniam
621 1458 719 1513 vel
750 1472 856 1514 res
897 1472 972 1513 ex
1003 1452 1361 1515 hereditate
1404 1456 1500 1513 his
1528 1456 1672 1528 ipsis
1701 1456 1883 1514 datas
1906 1453 1982 1528 ε5).
2027 1460 2163 1532 Quo
2195 1464 2413 1514 tamen
2449 1457 2597 1530 jure
2620 1470 2751 1515 non
2771 1458 3047 1526 utimur,

234 1568 369 1612 non
407 1555 601 1627 magis
638 1569 835 1629 quam
863 1570 978 1630 eo,
1005 1572 1136 1630 quo
1162 1555 1223 1629 5)
1267 1557 1611 1625 vendendo
1644 1571 1748 1614 res
1769 1556 2194 1641 hereditarias
2239 1556 2468 1615 liberat
2497 1573 2536 1615 a
2566 1552 2847 1630 pignoris
2877 1573 3047 1616 nexu

235 1649 446 1720 heres,
474 1651 580 1723 qui
605 1652 1028 1710 inventarium
1054 1653 1367 1711 conscribi
1381 1658 1568 1711 curat
1590 1648 1667 1726 ⁶).
1690 1654 1906 1723 Neque
1930 1667 2086 1710 vero
2109 1654 2653 1724 praetereundum
2674 1659 2770 1710 est
2794 1652 2855 1723 6)
2876 1654 3052 1725 quod

236 1764 369 1807 non
434 1751 551 1808 nisi
606 1746 963 1810 inventario
1009 1753 1410 1811 conficiendo
1453 1753 1640 1811 heres
1684 1758 1981 1825 quartam
2025 1753 2340 1824 legatariis
2384 1748 3053 1811 ndeivecommissariis

235 1841 598 1905 deducendi
631 1848 737 1921 ,ius
760 1847 874 1906 sibi
919 1854 1259 1907 conservat
1285 1845 1358 1920 7).
1392 1851 1724 1907 Caeterum
1745 1889 1761 1912 .
1792 1847 1925 1905 sive
1961 1848 2233 1906 solemni
2277 1848 2485 1906 forma
2528 1848 2924 1906 celebratum
2956 1853 3054 1906 est

233 1940 663 1999 inventarium
695 1941 740 2016 (S
769 1942 911 2002 695.
942 1951 1077 2002 not.
1113 1943 1239 2015 11.)
1264 1944 1392 2002 sive
1420 1960 1458 2001 a
1480 1949 1787 2003 testatore
1815 1941 1984 2001 iacta
2012 1949 2208 2016 atque
2236 1942 2653 2021 jurejurando
2670 1943 3052 2002 confirmata

232 2036 588 2108 designatio
609 2033 682 2108 ⁸).
719 2038 941 2111 utique
961 2036 1110 2097 licet
1131 2039 1557 2097 creditoribus
1580 2039 1678 2096 vel
1709 2037 2025 2109 legatariis
2045 2077 2064 2107 ‚
2091 2033 2306 2095 omnia
2331 2038 2726 2110 perscrutari
2757 2044 2823 2095 et
2846 2040 3053 2113 majo-

234 2149 373 2192 rem
423 2150 561 2194 esse
604 2136 920 2194 bonorum
970 2139 1393 2196 substantiam
1438 2138 1747 2209 probare.
1799 2152 2012 2210 poena
2058 2144 2394 2209 praeterea
2433 2138 2612 2210 dupli
2659 2134 3052 2213 injungenda

232 2232 577 2293 heredibus
598 2276 615 2303 ‚
643 2232 750 2308 qui
773 2250 847 2294 ex
888 2237 1243 2297 hereditate
1278 2236 1639 2311 aliquid'vel
1662 2233 2092 2310 surripuerint
2115 2283 2132 2311 ,
2163 2239 2263 2297 vel
2293 2238 2682 2307 celaverint,
2717 2238 2815 2296 vel
2861 2252 3040 2296 amo-

232 2332 513 2391 vendum
535 2334 903 2393 curaverint
938 2334 1008 2410 ⁹).

975 365 1110 409 (Ἀ).
1146 366 1213 409 lv
1221 391 1238 408 ι
1274 366 1353 409 ΒΕ
1388 365 1796 418 mmm
1833 368 2324 412 mHAmUB·

232 2510 424 2588 5701.
444 2514 508 2586 2)
532 2512 614 2570 De
637 2512 737 2582 iis,
771 2531 914 2592 quas
948 2515 1038 2573 vel
1074 2516 1330 2575 mamitus
1355 2515 1423 2574 in
1462 2515 1812 2575 creditorum
1837 2513 2320 2575 hereditat-iorum
2348 2512 2703 2573 commodum
2740 2515 3053 2573 constituta

1140 2620 1308 2678 suan
1335 2628 1380 2669 s.
1411 2610 1622 2689 dejure
1646 2610 2024 2690 separationis
2045 2610 2148 2687 (*).

312 2789 467 2846 Cum
497 2791 800 2848 solvendo
823 2805 955 2849 non
993 2796 1089 2849 est
1109 2791 1292 2848 heres
1309 2833 1327 2857 ‚
1355 2788 1705 2847 creditores
1730 2784 2100 2847 hereditarii
2126 2791 2596 2863 separationem
2625 2792 2835 2849 solent
2859 2792 3052 2865 impe-

234 2888 409 2942 trare
446 2883 849 2961 hereditatis,
883 2888 1055 2944 unde
1082 2886 1230 2959 ipsis
1257 2900 1412 2959 prae
1457 2883 1706 2943 heredis
1751 2886 2182 2945 creditoribus
2229 2888 2524 2962 satisfiat3
2558 2894 2828 2945 vocatur
2857 2889 3050 2945 etiam

200 2982 668 3066 ,indemnitatis
696 2988 1049 3044 remedium
1077 2985 1144 3058 ¹).
1195 2987 1374 3063 Quod
1421 2985 1680 3058 quidem
1705 2985 1812 3059 jus
1856 2986 1950 3044 his
1992 2987 2363 3046 continetur
2392 2989 2631 3060 legibus
2658 3005 2670 3045 :
2699 2987 2758 3060 1)
2785 2988 3052 3047 Omnino

235 3092 493 3149 omnes,
545 3082 773 3153 quibus
819 3097 898 3140 ex
942 3096 1331 3154 quacunque
1376 3096 1570 3139 causa
1613 3097 1651 3138 a
1694 3080 2003 3140 defuncto
2044 3085 2282 3156 aliquid
2331 3084 2647 3149 debetur,
2696 3083 2810 3156 ipsi
2857 3083 3048 3141 etiam

232 3168 547 3244 heredes,
589 3179 641 3236 si
668 3179 924 3250 quidem
955 3178 1263 3237 solvendo
1291 3192 1423 3236 non
1447 3182 1597 3235 sunt
1625 3176 1979 3234 coheredes
2000 3173 2070 3252 ²),
2089 3178 2195 3252 jus
2231 3174 2473 3237 hahent
2510 3180 2764 3251 petendi
2794 3193 3052 3250 separa-

234 3274 479 3334 tionem
524 3272 593 3352 3).
643 3277 844 3354 Quid?
889 3280 1062 3351 quod
1109 3273 1395 3351 legatarii
1429 3289 1727 3350 quoque,
1761 3271 1998 3348 aliique
2026 3317 2042 3343 ,
2084 3291 2245 3350 quos
2288 3275 2627 3336 honoravit
2670 3276 3048 3341 defunctus,

231 3379 564 3448 tamquam
593 3373 943 3436 creditores
967 3375 1015 3451 ⁴)
1043 3383 1273 3451 petunt
1294 3379 1613 3436 honorum
1639 3376 2115 3447 separationem
2132 3419 2149 3446 ‚
2180 3382 2449 3434 eatenus
2477 3376 2773 3448 quidem,
2803 3382 2875 3432 ut
2905 3384 3051 3448 post

232 3488 343 3533 eos
363 3516 379 3543 ‚
408 3477 519 3549 qui
545 3478 804 3551 proprie
848 3479 1243 3540 creditorum
1274 3493 1550 3537 numero
1599 3476 1956 3548 habentur,
1999 3477 2339 3551 quaeipsis
2363 3478 2587 3536 relicta
2613 3484 2796 3545 sunt,
2831 3492 3053 3536 conse-

232 3582 523 3648 quantur
542 3574 613 3651 ⁸).
653 3581 886 3637 Contra
915 3595 1072 3638 vero
1098 3578 1352 3638 heredis
1379 3578 1806 3637 creditoribus
1834 3579 2154 3636 bonorum
2185 3578 2503 3650 separatio
2547 3591 2678 3635 non
2724 3576 2859 3634 iere
2886 3576 3052 3635 solet

298 3759 346 3814 1)
385 3758 440 3803 1..
466 3760 560 3804 ult.
582 3760 610 3813 ς
633 3756 711 3806 11.
735 3761 788 3809 C.
812 3760 866 3808 A.
892 3765 930 3808 t.

295 3818 354 3875 2)
390 3821 443 3866 l..
471 3823 564 3866 ult.
592 3822 620 3874 ς
638 3824 685 3868 4.
708 3823 827 3869 eod.

230 3880 457 3999 Sozgsci'.
484 3883 536 3929 i..
560 3881 639 3929 28.
667 3885 816 3931 c.de
852 3889 1061 3933 testam.
1088 3883 1327 3945 (vl‚23.
1351 3886 1368 3943 )
1391 3891 1611 3943 etsupra

302 4004 360 4061 4)
396 4008 449 4052 1..
477 4009 567 4053 ult.
591 4009 618 4063 ς
639 4006 689 4055 9.
714 4009 769 4054 C.
793 4009 847 4055 Ιι.
869 4013 906 4055 t.

293 4066 345 4124 5)
383 4069 437 4116 1..
460 4072 552 4116 ult.
574 4072 599 4125 S
621 4067 767 4117 4-7.
791 4071 915 4118 eod.

293 4129 347 4188 6)
382 4133 436 4177 1..
462 4133 553 4178 ult.
578 4135 603 4187 s
626 4131 674 4179 5.
699 4139 749 4178 et
771 4131 819 4178 8.
842 4135 897 4180 C.
920 4132 972 4180 Ιι.
991 4133 1031 4180 t.

294 4191 349 4251 7)
386 4195 441 4240 1..
466 4196 556 4239 ult.
578 4194 602 4248 ς
621 4193 669 4242 4.
691 4203 742 4241 et
766 4195 846 4243 1⁴.
864 4195 984 4243 eod.
1012 4220 1072 4229 —
1104 4196 1222 4241 Nor.
1242 4196 1290 4242 1.
1316 4207 1359 4241 c.
1383 4193 1535 4249 2.(cf.
1558 4198 1609 4239 et

229 4257 258 4311 ς
278 4266 389 4315 seq.
415 4262 520 4302 not.
549 4253 638 4313 5.).

295 4316 346 4374 8)
382 4319 574 4365 Etenim
622 4331 717 4365 non
760 4319 1084 4366 dubitandum
1107 4352 1124 4373 ..
1146 4321 1268 4377 quin
1291 4319 1458 4374 heres,
1481 4317 1604 4363 refe·

231 4382 504 4426 rendosese
520 4381 581 4425 ad
594 4384 843 4428 testatoris
855 4383 1265 4440 designationem,
1281 4383 1396 4426 item
1414 4382 1607 4426 fruatur

231 4441 504 4489 inventarii
527 4443 772 4490 beneficiis
787 4476 802 4496 ,
822 4445 1003 4502 quippe
1023 4445 1128 4502 qui,
1152 4455 1265 4489 cum
1287 4445 1432 4488 talem
1455 4452 1607 4497 agno·

230 4515 369 4551 scere
392 4510 590 4550 recusat
620 4506 858 4552 honorum
875 4507 1256 4564 descriptionem
1272 4539 1288 4560 ,
1312 4507 1506 4550 amittat
1528 4502 1609 4556 jus

232 4565 450 4613 heredis.
476 4567 595 4612 Nov.
617 4565 696 4614 ⁴8.
720 4580 766 4614 c.
791 4567 839 4612 1.
864 4569 891 4623 ς
912 4570 960 4615 1.
986 4592 1047 4602 --
1065 4570 1321 4614 caeterum
1352 4570 1497 4621 sunt,
1520 4565 1603 4622 qui

232 4629 350 4686 (jus
370 4629 667 4676 Saxonicum
689 4632 859 4688 secuti)
900 4632 1061 4676 dicant
1083 4664 1097 4685 ‚
1120 4631 1334 4684 iuratam
1366 4629 1605 4674 hortulum

232 4691 648 4749 specificatiouem
683 4705 783 4739 non
818 4693 973 4738 solum
999 4694 1152 4738 instar
1172 4692 1393 4737 obtinere
1436 4691 1609 4735 inven-

231 4755 346 4799 tarii
386 4754 602 4810 legitime
620 4755 826 4800 confecti
849 4787 863 4810 ‚
886 4765 1054 4800 verum
1075 4755 1225 4799 etiam
1254 4755 1358 4798 loco
1377 4763 1481 4797 esse
1504 4752 1602 4807 ple·

233 4816 469 4862 nissimae
505 4816 804 4873 probationis
826 4816 1057 4862 adversus
1079 4817 1340 4861 creditores
1364 4813 1604 4860 heredita·

234 4877 509 4924 τίοι-(31.
534 4879 732 4933 keyser
747 4878 878 4924 med.
904 4880 966 4925 ad
990 4879 1139 4925 Pand.
1164 4889 1235 4935 sp.
1250 4874 1363 4923 365.

291 4940 344 4986 υ)
384 4941 437 4984 1..
460 4941 551 4984 ult.
573 4940 627 4985 C.
648 4943 675 4996 ς
697 4940 773 4987 io,
798 4941 852 4988 Ιι.
878 4943 918 4986 t.
945 4966 1000 4975 —
1024 4940 1097 4986 Ci.
1122 4941 1239 4986 Nor.
1260 4936 1341 4986 48.
1362 4938 1461 4985 (3.1.
1484 4938 1511 4990 S
1554 4937 1599 4983 1.

2276 3760 2303 3813 S
2335 3756 2449 3806 701.

1738 3882 1818 3991 (735
1835 3881 1939 3940 οἱς.
1961 3882 1978 3937 (
2003 3883 2120 3928 xLll
2146 3916 2162 3940 ,
2178 3880 2229 3930 6.
2254 3882 2272 3938 )
2301 3883 2371 3930 de
2408 3881 2860 3938 separationibus.
2883 3904 2940 3913 —-
2961 3881 3040 3926 Cf.

1672 4006 1787 4115 ⁷21)
1823 4008 1877 4052 1..
1915 4005 1964 4052 2.
2005 4006 2060 4052 C.
2098 4006 2167 4052 de
2207 4007 2330 4053 bon.
2370 4010 2517 4052 auct.
2551 4006 2673 4061 jud.
2710 4016 2855 4060 poss.
2897 4011 2913 4060 (
2934 4004 3011 4049 Vll
3034 4038 3050 4060 ,

1734 4131 1786 4188 2)
1825 4134 1876 4178 1..
1900 4129 1949 4178 7.
1973 4131 2027 4176 C.
2051 4129 2170 4177 eod.

1730 4189 1780 4250 3)
1821 4193 1897 4241 Cf.
1920 4194 1972 4237 1..
1996 4190 2041 4238 ⁴.
2069 4193 2219 4253 ρπβ.
2242 4190 2293 4237 Ιι.
2317 4191 2542 4237 L—Sunt
2562 4202 2696 4237 vero.
2717 4190 2801 4248 qui
2829 4200 2927 4236 non
2952 4187 3049 4234 nisi

1669 4252 1730 4297 ad
1775 4254 2200 4312 chirographarios
2245 4254 2511 4299 creditores
2546 4251 2640 4298 hoc
2679 4253 2760 4308 ,ius
2803 4253 3049 4309 pertinere

1668 4322 1926 4363 censeant.
1967 4319 2143 4363 Contra
2186 4327 2308 4373 quos
2353 4317 2450 4361 vid.
2508 4315 2759 4361 Dabelow
2813 4315 3046 4360 concurs.

1710 4411 1721 4423 .
1753 4377 1852 4425 5232
1873 4390 1896 4423 s
1936 4410 1948 4422 .

1674 4389 1705 4435 p
1736 4392 2061 4498 4)L.⁴0‘!D.de
2083 4441 2211 4486 0.et
2236 4436 2555 4496 A.(xt.1v,7.)
2581 4452 2606 4480 κ
2627 4437 3045 4484 Hereditariarum

1675 4505 1922 4550 actionum
1958 4502 2064 4547 loco
2096 4500 2343 4547 habentur
2373 4504 2426 4544 et
2455 4501 2616 4558 legata
2639 4534 2654 4557 ‚
2686 4500 2939 4557 quamvls
2973 4498 3043 4544 ab

1676 4564 1876 4612 lter-ede
1895 4561 2166 4620 coeperint
2186 4562 2284 4614 nm.
2300 4576 2344 4608 e.
2368 4565 2589 4620 quamvis
2613 4563 2830 4619 legatarii
2854 4560 3048 4607 heredis

1676 4634 1791 4673 sunt
1814 4626 2101 4678 creditores,
2121 4637 2216 4671 non
2242 4625 2655 4682 defuncti.).-Ci³.
2682 4629 2900 4681 not.seq.
2924 4623 2973 4668 in
2998 4622 3036 4670 f.

1740 4686 1790 4746 5)
1828 4690 1879 4734 1..
1899 4685 1949 4734 6.
1973 4701 2047 4746 pr.
2068 4689 2121 4732 D.
2139 4687 2187 4732 Ιι.
2213 4691 2312 4733 t.-
2338 4686 2445 4733 Jam
2481 4699 2596 4733 vero
2618 4687 2834 4743 legatarii
2854 4687 3030 4731 defun-

1668 4752 1731 4797 cti
1755 4751 1955 4808 quidem
1998 4747 2321 4795 creditoribus
2362 4747 2528 4807 utique
2570 4748 2742 4794 cedere
2765 4752 3026 4804 coguntur.

1668 4813 1821 4868 (1..17.
1842 4814 1892 4857 i).
1917 4812 1985 4859 de
2003 4812 2214 4858 morte.
2238 4809 2423 4856 donat.
2448 4807 2915 4866 ‹xxxix‚6.)—-t..⁴.
2933 4811 2958 4863 S
2985 4807 3032 4855 1.

1667 4876 1720 4921 1..
1743 4873 1793 4922 6.
1819 4888 1891 4932 pr.
1920 4875 1968 4919 in
1992 4876 2030 4921 t.
2051 4876 2104 4919 n.
2125 4872 2175 4919 Is.
2197 4875 2362 4921 t.—1..
2381 4872 2463 4919 22.
2487 4875 2513 4929 S
2535 4871 2582 4919 5.
2610 4875 2657 4918 in
2684 4874 2721 4919 Ι.
2744 4874 2797 4919 C.
2825 4871 3037 4927 deduz-e

1666 4936 1821 4983 delib.
1846 4937 1926 4997 Vl,
1947 4934 2069 4996 δα),
2092 4937 2285 4983 heredis
2316 4936 2581 4982 creditores
2612 4936 2918 4993 separatione
2942 4935 3028 4978 im·

2644 5025 2723 5083 80
