3544 5506
1127 296 1262 338 CAP.
1303 297 1350 339 1.
1391 296 1468 338 DB
1506 296 1719 339 RERUM
1758 296 2070 341 Dlvlslon
2105 299 2232 343 HC·
2978 295 3088 355 ffl’?

277 406 369 481 pis
389 404 848 480 patrimonium
872 403 1239 463 referuntur
1259 401 1323 475 ⁸),
1355 404 1477 464 hac
1499 411 1718 463 tamen
1739 405 1907 462 inter
1928 413 2243 479 utrasque
2271 406 2693 470 similitudinis
2715 414 2968 476 ratione
2995 418 3089 478 in·

274 506 680 574 tercedente,
709 505 881 578 quod
914 500 1106 563 arctis
1135 501 1519 578 quibusdam
1546 499 1775 561 tinibus
1797 501 2355 578 circumscriptum
2389 515 2485 566 est
2518 524 2747 569 earum
2770 529 3087 577 commer-

280 602 445 660 cium
463 644 481 676 ‚
511 615 726 674 neque
756 616 916 659 vero
960 600 1187 674 utique
1215 615 1296 658 eo
1322 595 1749 673 prohibentur
1785 594 2076 658 homines
2116 596 2348 674 privati
2377 599 2446 676 ⁶).
2477 607 2549 662 Et
2576 621 2680 666 res
2725 612 2984 682 quidem
3009 616 3092 674 ad

280 701 564 759 civitates
595 696 880 773 aliasque
906 700 1352 759 universitates
1381 699 1776 772 pertinentes
1804 698 1959 757 item
1988 696 2257 773 duplicis
2288 709 2437 759 sunt
2468 706 2716 774 generis
2744 724 2761 763 ε
2788 714 2900 766 aut
2921 714 3091 773 enim

280 794 342 856 in
369 792 661 857 omnium
678 843 694 868 ‚
719 797 827 870 qui
854 796 1141 870 ejusdem
1183 791 1616 853 universitatis
1645 801 1819 865 sunt,
1854 811 1975 853 usu
2016 797 2339 855 habentur
2361 842 2378 869 ,
2412 805 2523 856 aut
2552 799 2615 858 in
2642 801 2916 874 pecunia
2941 817 3095 868 sunt

281 888 707 953 universitatis
729 935 747 964 ‚
796 908 965 966 quae
999 892 1261 966 quidem
1284 898 1565 962 sumtus,
1606 891 1672 949 in
1698 906 2110 950 communem
2140 895 2428 952 omnium
2463 896 2800 959 utilitatem
2820 916 3093 976 erogan-

278 996 415 1065 dos,
439 993 810 1067 suppeditet
837 994 909 1058 ⁷).
936 996 1077 1051 Jam
1098 1005 1255 1050 vero
1273 1034 1290 1067 ,
1323 993 1496 1064 quod
1522 993 1604 1049 ad
1632 991 1920 1064 publicas
1952 1007 2056 1051 res
2086 1008 2164 1052 ex
2191 995 2409 1068 priore
2438 995 2547 1056 illo
2569 1014 2806 1070 genere
2830 1000 3093 1076 attinet,

278 1100 351 1151 ut
385 1093 739 1152 simillimae
765 1091 888 1150 hae
923 1090 1057 1149 fere
1099 1097 1248 1149 sunt
1277 1107 1499 1150 rerum
1535 1088 1979 1151 communium
2002 1135 2020 1161 ‚
2052 1090 2169 1153 nisi
2201 1098 2375 1169 quod
2402 1098 2561 1156 certi
2584 1095 2850 1176 alicujus
2874 1107 3093 1180 populi

281 1193 511 1252 tinibus
535 1187 957 1252 continentur
973 1237 989 1265 ‚
1015 1206 1135 1250 nec
1164 1205 1429 1265 prorsus
1453 1192 1685 1250 eodem
1705 1192 1926 1265 mod0,
1960 1198 2033 1250 ut
2059 1196 2495 1254 communium
2516 1239 2535 1274 ‚
2558 1198 2845 1271 singulae
2867 1218 3094 1265 earum

288 1288 645 1365 particulae
690 1287 754 1348 in
785 1286 1184 1363 privatorum
1227 1290 1586 1350 dominium
1637 1291 2019 1364 rediguntur
2044 1289 2088 1369 ⁸)
2110 1337 2128 1366 ‚
2173 1295 2260 1353 ita
2306 1295 2490 1356 simili
2535 1314 2795 1373 quoque
2839 1304 3095 1366 ratione

279 1403 431 1446 usus
456 1403 684 1446 earum
706 1387 1001 1460 publicus
1017 1394 1082 1444 et
1109 1386 1467 1445 actionibus
1486 1385 1852 1444 defenditur
1876 1383 1944 1457 ⁹),
1967 1394 2033 1447 et
2064 1389 2444 1462 prohibetur
2460 1433 2478 1462 ,
2513 1408 2596 1452 ne
2618 1391 2772 1468 quid
2802 1398 2938 1476 ssat,
2960 1418 3093 1474 quo

279 1490 395 1542 aut
426 1485 623 1543 rebus
637 1482 788 1556 ipsis
807 1489 922 1541 aut
951 1478 1086 1541 aliis
1105 1482 1465 1541 hominibus
1490 1483 1713 1541 noceri
1737 1483 1936 1556 possit
1958 1482 2052 1558 ¹⁰).
2077 1487 2241 1544 Sunt
2264 1493 2481 1546 autem
2508 1487 2574 1546 in
2598 1493 3092 1566 praecipuarum

279 1580 647 1654 huiusmodi
686 1593 907 1637 rerum
937 1593 1213 1637 numero
1254 1578 1593 1637 habendae
1643 1584 1709 1637 et
1756 1579 1897 1637 viae
1930 1580 2260 1657 publicae,
2307 1582 2476 1644 inter
2521 1602 2682 1658 quas
2712 1589 3095 1666 plerumque

283 1676 480 1739 etiam
534 1679 834 1738 vicinales
851 1722 867 1749 ‚
915 1693 1407 1751 nonnumquam
1458 1680 1623 1737 adeo
1665 1679 1948 1751 privatas
1985 1679 2211 1739 referri
2255 1686 2561 1743 convenit
2587 1685 2692 1764 ¹¹),
2740 1693 2808 1747 et
2835 1684 3096 1752 flumina

282 1780 539 1854 publica
572 1795 625 1838 s.
662 1773 996 1852 perennia,
1030 1793 1199 1851 quae
1226 1773 1486 1852 quidem
1513 1774 1879 1852 saepissime
1897 1795 1937 1838 a
1958 1780 2111 1839 rivis
2137 1779 2633 1858 fluminibusque
2669 1787 2933 1859 privatis
2961 1807 3094 1852 non

277 1879 398 1941 nisi
441 1888 559 1940 aut
588 1880 1029 1952 magnitudine
1074 1885 1190 1938 aut
1228 1875 1828 1938 circumcolentium
1876 1876 2340 1943 existimatione
2389 1880 2663 1945 discerni
2711 1896 2976 1961 possunt
2998 1890 3092 1968 ¹²).

278 1978 356 2034 Et
380 1977 660 2036 fluminis
687 1975 922 2049 publici
954 1990 1106 2034 usus
1126 1970 1218 2033 ita
1246 1981 1343 2033 est
1365 1974 1766 2048 promiscuus
1796 1972 2223 2050 omnibusque
2242 1978 2632 2060 communis,
2667 1990 2740 2042 ut
2768 1987 2850 2044 ad
2893 2003 3095 2048 unum

276 2072 579 2146 aliquem,
607 2066 854 2130 etiamsi
878 2073 1051 2129 solus
1077 2071 1131 2129 is
1145 2086 1264 2144 per
1289 2072 1551 2142 longum
1571 2077 1827 2144 tempus
1855 2071 1967 2130 illo
1993 2087 2147 2130 usus
2167 2072 2270 2142 sit,
2297 2076 2625 2148 pertinere
2654 2081 3096 2160 nequeat¹²a);

275 2172 359 2229 de
389 2185 469 2227 eo
492 2176 715 2227 tamen
737 2210 754 2236 ‚
779 2184 936 2226 num
969 2164 1054 2239 is,
1089 2168 1198 2241 qui
1225 2168 1290 2224 in
1321 2168 1595 2225 fluminis
1624 2168 1863 2240 publici
1882 2167 2261 2231 diverticulo
2290 2175 2463 2233 solus
2489 2177 2768 2249 piscatus
2788 2174 2869 2237 sit
2887 2223 2905 2251 ‚
2937 2183 3097 2243 alte-

275 2285 420 2328 rum
445 2270 682 2328 eodem
711 2269 803 2326 uti
835 2264 1180 2342 prohibere
1208 2269 1448 2342 possit,
1494 2269 1632 2342 jam
1677 2269 1848 2328 inter
1876 2277 2128 2331 veteres
2159 2270 2416 2334 videtur
2440 2272 2633 2336 fuisse
2657 2279 2980 2339 dissidium
3006 2279 3091 2357 ¹³).

279 2367 580 2441 Riparum
612 2381 873 2440 quoque
898 2382 1051 2426 usus
1089 2368 1448 2426 communis
1487 2377 1584 2426 est
1606 2411 1624 2443 ‚
1659 2370 1949 2441 quamvis
1980 2373 2348 2446 proprietas
2378 2376 2458 2434 sit
2486 2372 2740 2436 illorum
2759 2425 2775 2451 ‚
2819 2396 3096 2452 quorum

278 2467 441 2527 forte
465 2464 750 2542 praediis
781 2469 1094 2527 haereant
1117 2467 1204 2542 ¹⁴).
1245 2472 1350 2527 Est
1376 2475 1595 2528 autem
1625 2470 1765 2544 ripa
1789 2472 1993 2544 locus,
2027 2470 2304 2534 fluminis
2335 2478 2511 2535 velut
2545 2474 2875 2538 muniendi
2902 2497 3097 2543 causa

282 2568 668 2626 naturaliter
686 2564 1105 2643 constitutus,
1131 2583 1205 2627 ex
1235 2583 1368 2642 quo
1395 2583 1435 2626 a
1464 2570 1661 2641 plano
1696 2585 1973 2643 vergere
2001 2574 2218 2647 coepit
2244 2590 2449 2650 usque
2480 2578 2560 2635 ad
2579 2593 2813 2651 aquam
2839 2575 2929 2645 ¹⁵).

337 2879 386 2940 5)
405 2882 460 2991 ὅ.
478 2880 714 2990 5963810.
750 2883 808 2929 D.
843 2880 911 2928 de
939 2881 1040 2942 leq.
1075 2883 1114 2928 Ι.
1156 2905 1212 2915 —-
1253 2877 1328 2927 Cf.
1368 2879 1428 2925 T.
1451 2879 1515 2927 T.
1535 2876 1656 2926 cod.

278 2946 297 3001 (
338 3005 386 3063 6)
409 3008 461 3054 L.
480 3005 532 3054 9.
555 3007 610 3051 D.
632 2944 701 3051 ege
722 3017 912 3062 usurp.
936 3004 1073 3061 (XLI,
1094 3006 1164 3063 3.)
1209 3029 1264 3039 —
1298 3004 1351 3049 L.
1377 3001 1457 3050 12.
1484 3003 1579 3059 82.
1602 3003 1662 3050 D.

281 3068 352 3114 de
372 3070 527 3117 Publ.
552 3068 610 3115 in
636 3078 747 3113 rem
769 3072 876 3115 ace.
901 3068 1001 3125 (Vl,
1019 3069 1090 3125 2.)
1112 3091 1172 3100 —-
1191 3068 1243 3112 1..
1267 3063 1349 3112 59.
1374 3066 1401 3121 S
1423 3064 1472 3112 8.
1497 3066 1578 3114 10.
1601 3065 1668 3113 de

275 3131 376 3190 leq.
397 3133 438 3180 Ι.
459 3156 522 3164 —-
535 3132 589 3177 1..
605 3128 656 3178 ὅ.
676 3130 733 3177 C.
753 3141 823 3176 ne
841 3128 921 3176 rei
939 3129 1237 3179 dominicae
1254 3128 1340 3175 vel
1353 3129 1667 3185 templorum

279 3192 595 3312 νίπάᾶοιῗείἕὸ
608 3192 857 3249 temporis
881 3189 1310 3255 praescriptione
1329 3202 1668 3239 summovea-

279 3259 375 3302 tur·
456 3259 472 3302 l
502 3288 515 3300 .
598 3261 640 3309 .)

341 3315 465 3375 7)Ι..
489 3315 541 3366 6.
565 3319 592 3373 s
619 3313 923 3370 1.n.36.1.
949 3315 1067 3363 lat.

341 3376 392 3437 8)
414 3379 529 3427 vid.
552 3392 598 3429 ν.
620 3389 666 3426 e.
690 3379 717 3432 S
737 3376 895 3426 221.
929 3378 984 3426 Ιι.
1006 3383 1047 3427 t.
1091 3403 1148 3411 —
1187 3377 1242 3424 1..
1265 3375 1347 3425 30.
1380 3379 1409 3433 ς
1441 3378 1489 3425 1.
1512 3380 1567 3428 D.
1588 3379 1660 3427 de

278 3451 402 3499 aeq.
425 3454 537 3489 rer.
559 3440 896 3491 domim—Cf.
910 3442 979 3488 Η.
1005 3440 1211 3488 Doneui
1228 3450 1409 3488 comm.
1439 3440 1541 3496 jur.
1560 3443 1656 3489 civ.

279 3502 388 3550 Lib.
407 3505 488 3552 lv.
509 3517 558 3551 c.
574 3500 908 3561 astu—Th.
930 3500 1164 3552 Marcili}
1175 3507 1280 3549 not.
1298 3505 1379 3551 ad.
1396 3505 1425 3559 ς
1440 3500 1487 3548 5.
1504 3502 1658 3552 mm.

342 3563 392 3624 9)
409 3566 465 3612 L.
491 3567 540 3613 1.
561 3582 638 3628 pr.
661 3568 718 3613 D.
739 3564 807 3611 de
825 3564 1128 3615 interdictis
1148 3561 1332 3626 (XLIII,
1354 3566 1422 3622 1.)
1445 3590 1507 3598 —-
1532 3566 1586 3613 1..
1607 3564 1658 3613 2.

280 3628 310 3685 ς
349 3625 395 3675 1.
434 3627 557 3677 eod.
578 3653 640 3664 -
663 3630 762 3676 Tit.
785 3630 887 3687 οἱς.
911 3629 1090 3686 (xLlll.
1109 3623 1181 3685 7.)
1222 3627 1308 3684 (de
1339 3626 1465 3675 locis
1496 3632 1554 3674 et
1581 3627 1672 3676 m-

281 3689 912 3750 neribuspubeicis).-1..
931 3692 977 3738 Ξ.
1003 3693 1028 3747 S
1050 3688 1131 3739 45.
1153 3691 1210 3736 D.
1235 3701 1306 3737 ne
1324 3688 1459 3749 quid
1472 3686 1529 3736 in
1550 3690 1669 3739 loco

276 3751 428 3807 publ.
448 3752 509 3801 T.
530 3755 592 3802 Τ.
616 3755 723 3811 big.
744 3753 940 3810 (Ruit,
963 3752 1042 3800 11.
1067 3755 1085 3805 )
1114 3751 1227 3809 (De
1247 3752 1338 3799 via
1366 3750 1580 3811 publica
1611 3757 1667 3802 el

277 3813 475 3861 itinere
489 3816 704 3873 publico
717 3812 1554 3873 reficiendo).—(x1.111‚1⁴.)(min
1562 3812 1669 3871 llu-

283 3874 428 3923 mine
438 3879 653 3934 publico
688 3878 944 3938 navlqare
960 3877 1407 3938 liceat).—(xl.n1‚
1430 3872 1531 3935 15.)
1552 3877 1570 3935 (
1593 3880 1671 3927 De

281 3939 403 3996 ripa
419 3939 756 4000 munienda).

350 3999 429 4058 10)
452 4002 507 4049 L.
533 4001 615 4051 2⁴.
640 4006 696 4050 D.
713 4005 783 4051 de
799 4001 997 4049 damno
1029 3998 1234 4054 inrecto
1253 3998 1492 4059 (XXXIX,
1512 3999 1564 4048 2.
1586 4001 1665 4061 )—

286 4064 347 4109 Τ.
376 4064 438 4110 Τ.
464 4065 572 4123 Dig.
595 4067 761 4122 xmn,
783 4062 834 4111 8.
854 4063 950 4120 (Ne
983 4063 1121 4122 quid
1146 4062 1200 4110 in
1222 4062 1335 4110 loco
1352 4062 1565 4119 publico
1585 4066 1674 4114 ve!

283 4125 478 4173 itinere
496 4128 636 4187 flat).
657 4128 818 4186 XLlu,
840 4124 1079 4184 10.—(De
1116 4125 1208 4172 via
1225 4124 1439 4181 publica
1460 4156 1479 4185 ,
1518 4129 1574 4173 ee
1619 4129 1668 4175 sl

282 4186 496 4247 quidm
527 4201 598 4236 ea
639 4187 844 4242 sactum
879 4195 999 4234 esse
1035 4187 1353 4246 dicatur).-—
1373 4188 1557 4247 x1.111‚
1583 4187 1663 4236 12.

284 4252 386 4306 (De
401 4248 731 4312 fluminibus,
755 4264 824 4298 ne
852 4248 983 4310 quid
1016 4249 1072 4297 in
1103 4248 1324 4306 flumine
1340 4248 1557 4308 publico
1594 4251 1667 4299 ri·

277 4325 418 4369 pave
437 4316 556 4372 ejus
573 4315 696 4374 fiat,
717 4326 824 4372 quo
843 4315 997 4372 pejus
1020 4311 1567 4371 navigetur).—-XL111,
1585 4311 1665 4360 13.

281 4376 381 4429 (Ne
399 4375 537 4435 quid
553 4375 609 4422 in
624 4375 845 4432 flumine
863 4373 1076 4433 publico
1087 4373 1206 4431 fiat,
1218 4387 1325 4430 quo
1337 4373 1497 4423 aliter
1514 4386 1665 4434 aqua

275 4436 443 4499 nnat,
465 4443 638 4498 atque
645 4438 829 4497 priore
847 4441 1058 4484 aestate
1075 4436 1275 4497 fluxu).

348 4499 427 4560 11)
443 4503 492 4560 a)
513 4503 569 4547 1..
595 4501 644 4547 2.
666 4504 693 4558 ς
712 4500 793 4548 21.
814 4499 894 4547 22.
917 4500 974 4547 D.
1005 4510 1076 4545 ne
1104 4498 1241 4558 quid
1264 4498 1319 4548 in
1363 4500 1477 4549 Ioco
1514 4500 1665 4558 pube.

276 4561 400 4623 fiat.
419 4588 482 4597 —
505 4564 551 4621 (ς
568 4563 671 4620 22.)
695 4578 723 4607 α
735 4588 791 4596 -
806 4563 1006 4609 viarum
1017 4563 1259 4620 quaedam
1279 4563 1503 4621 publicae
1523 4570 1658 4623 sunt,

279 4626 524 4683 quaedam
570 4627 791 4684 privatae
812 4659 827 4684 ‚
862 4623 1102 4683 quaedam
1143 4624 1394 4671 vicinales.
1433 4626 1662 4675 Publicas

281 4689 385 4735 vias
405 4690 622 4736 dicimus
641 4688 886 4746 (quarum
903 4687 1053 4734 etiam
1079 4687 1239 4733 solum
1278 4687 1529 4746 publicum
1547 4694 1624 4735 est
1647 4725 1664 4746 ,

278 4758 404 4812 521.
435 4758 550 4817 cit.)
567 4792 584 4818 ‚
601 4769 725 4816 quas
747 4758 919 4805 Graeci
952 4753 1255 4816 βασιλικάς,
1278 4756 1430 4804 nostri
1466 4760 1666 4815 praeto-

276 4831 395 4891 rias,
417 4832 506 4879 alii
529 4832 813 4879 consulares
840 4831 943 4876 vias
974 4832 1242 4890 appellant.
1286 4832 1510 4878 Privatae
1550 4836 1667 4879 sunt

278 4896 509 4953 (quarum
530 4895 697 4943 solum
712 4894 938 4941 alienum
952 4898 1047 4955 est,
1066 4896 1095 4949 ς
1109 4893 1192 4941 31.
1214 4892 1321 4952 cit.)
1336 4928 1352 4957 ,
1371 4905 1493 4954 quas
1523 4905 1666 4953 affra-

1723 2884 1823 2933 rlas
1841 2887 2042 2948 quidam
2061 2892 2247 2939 dicunt.
2286 2893 2526 2941 Vicinales
2565 2897 2679 2940 sunt
2707 2893 2844 2953 viae,
2881 2904 3009 2952 quae
3045 2893 3096 2942 in

1725 2949 1846 2996 vicis
1867 2958 1980 3000 sunt
2001 2987 2018 3012 ‚
2040 2955 2114 3000 vel
2152 2967 2280 3013 quae
2311 2957 2360 3003 in
2394 2956 2523 3003 vicos
2541 2956 2753 3017 ducunt3
2790 2955 2879 3002 has
2900 2967 3097 3015 quoque

1727 3011 1949 3069 publicas
1971 3027 2076 3062 esse
2096 3018 2294 3075 quidem
2317 3019 2485 3065 dicunt
2510 3034 2521 3065 :
2545 3021 2675 3077 quod
2703 3018 2771 3064 ita
2804 3030 2974 3064 verum
2993 3024 3095 3077 est,

1730 3075 1770 3120 si
1796 3086 1896 3122 non
1919 3088 1978 3123 ex
1995 3079 2262 3126 collatione
2279 3084 2581 3139 privatorum
2621 3080 2715 3127 hoc
2753 3079 2846 3126 iter
2864 3082 3098 3128 constitu-

1729 3139 1835 3208 tum
1855 3141 1948 3185 est.
1966 3157 1991 3179 n
2020 3164 2080 3172 —
2124 3144 2184 3188 At
2210 3143 2361 3188 ‹i‘viae
2391 3143 2621 3189 victuales
2640 3175 2658 3202 ‚
2701 3152 2826 3200 quae
2865 3152 2926 3188 ex
2967 3144 3099 3201 agris

1729 3203 2033 3257 privatorum
2054 3204 2242 3256 collatis
2272 3204 2430 3251 factae
2454 3208 2568 3250 sunt
2586 3239 2602 3261 .,
2632 3214 2840 3263 quarum
2861 3206 3098 3253 memoria

1731 3271 1831 3308 non
1861 3263 2066 3322 existat,
2103 3266 2410 3323 publicarum
2445 3267 2632 3313 viarum
2668 3276 2875 3313 numero
2914 3270 3044 3313 sunt.
3065 3281 3091 3309 u

1731 3323 1788 3370 1..
1809 3322 1863 3372 5.
1878 3337 1959 3385 pr.
1981 3327 2037 3372 D.
2059 3325 2130 3374 de
2155 3328 2255 3376 loc.
2284 3332 2342 3375 ee
2361 3326 2592 3377 itinerlb.
2619 3327 2765 3386 publ.
2789 3351 2849 3361 -—
2870 3328 2944 3375 Cf.
2966 3327 3099 3382 Hof-

1722 3387 1888 3435 acher
1920 3387 2076 3448 princ.
2111 3388 2212 3444 jur.
2237 3390 2368 3439 civil.
2392 3392 2531 3437 Rom.
2555 3391 2720 3438 Germ.
2742 3390 2803 3437 Τ.
2825 3390 2882 3435 ΙΙ.
2924 3390 2952 3446 S
2980 3388 3095 3440 751.

1723 3449 1935 3498 Puclata
1953 3450 2144 3500 civilist.
2169 3446 2411 3507 Abhaudl.
2437 3454 2656 3501 Diss.111.
2677 3449 2705 3519 5
2727 3450 2775 3500 4.
2798 3476 2857 3485 —
2872 3450 2905 3498 b
2925 3453 2944 3511 )
2966 3454 3016 3500 L.
3041 3451 3092 3501 2.

1723 3511 1750 3565 S
1767 3510 1849 3560 23.
1866 3515 1921 3560 D.
1942 3523 2016 3560 ne
2034 3513 2168 3571 quid
2185 3514 2242 3561 in
2261 3510 2376 3563 loco
2395 3514 2541 3573 pube.

1790 3575 1868 3631 12)
1889 3578 1939 3623 L.
1966 3577 2015 3622 1.
2037 3577 2130 3633 §1-
2167 3578 2215 3622 2.
2250 3577 2299 3625 ὃ.
2337 3580 2393 3624 D.
2424 3577 2494 3624 de
2531 3574 2791 3634 fluntim'b.
2823 3599 2879 3609 --
2919 3575 2995 3623 cf.
3032 3578 3093 3624 F.

1735 3636 2047 3698 Gesterdinq
2069 3639 2287 3696 Beitrage
2304 3651 2418 3686 zum
2440 3637 2804 3696 wasserrecbt(
2825 3636 2999 3685 Archiv
3016 3637 3099 3686 mr

1733 3699 1929 3748 civilist.
1950 3701 2116 3748 Praxis
2150 3703 2208 3749 T.
2235 3703 2315 3749 111.
2354 3700 2476 3750 Abii.
2517 3703 2598 3760 v.)
2628 3703 2711 3747 Nr.
2757 3700 2805 3747 1.
2846 3704 2898 3746 et
2937 3702 2993 3745 G.
3036 3701 3095 3749 L.

1730 3762 1918 3810 Funlce
1938 3764 2000 3811 de
2016 3765 2128 3810 eod.
2151 3774 2257 3821 arg.
2278 3764 2397 3811 ibid.
2415 3765 2473 3812 T.
2494 3765 2593 3811 xii.
2612 3765 2695 3810 Nr.
2716 3763 2816 3809 xv.
2837 3766 2889 3809 et
2908 3762 3097 3809 XXI.—

1730 3824 1989 3873 Caeternm
2005 3826 2249 3883 quomodo
2286 3826 2603 3885 intelligenda
2633 3826 2731 3872 sint
2761 3823 2883 3871 haec
2904 3824 3052 3872 verba
3080 3841 3093 3872 ε

1733 3900 1760 3928 κ
1784 3886 1986 3935 flumina
2007 3911 2068 3921 —-
2091 3887 2336 3935 omnia—
2357 3889 2550 3946 publiea
2567 3892 2680 3934 sunt
2696 3902 2722 3930 ι»
2741 3886 2788 3943 (s
2808 3885 2856 3931 2.
2881 3884 2919 3930 1.
2942 3884 2994 3933 Ιι.
3018 3887 3099 3947 a),

1729 3947 1954 4008 inprimis
1972 3951 2278 4008 explicarunt
2296 3954 2365 3999 H.
2388 3950 2644 3999 Donellus
2660 3950 2697 3996 l.
2716 3950 2753 3995 1.
2791 3947 2847 3993 C.
2892 3948 2975 3994 111.
3000 3946 3021 3998 S
3043 3948 3095 3997 2.

1731 4015 1781 4057 et
1802 4027 1836 4059 a
1859 4008 2021 4062 Costa
2043 4014 2105 4059 ad
2126 4013 2314 4068 §Leia
2344 4039 2408 4048 —
2447 4012 2522 4059 Cf.
2548 4012 2601 4059 L.
2624 4009 2675 4059 4.
2697 4011 2723 4066 s
2747 4012 2793 4057 1.
2819 4010 2873 4055 D.
2895 4008 2949 4058 Ιι.
2972 4013 3012 4057 t.
3034 4034 3098 4046 -

1731 4087 1758 4116 α
1781 4076 1877 4123 Sed
1896 4075 2097 4126 flumina
2114 4085 2295 4132 paene
2308 4073 2487 4123 omnia
2507 4074 2700 4132 publica
2720 4074 2848 4119 sunt.
2862 4086 2886 4112 ι

1799 4138 1914 4198 Ha)
1951 4140 2079 4197 [Arg.
2110 4139 2162 4184 L.
2187 4135 2238 4184 9.
2282 4138 2334 4183 D.
2370 4138 2438 4184 de
2466 4148 2654 4195 usurp.
2703 4132 2837 4193 (xm
2857 4167 2873 4193 ‚
2911 4134 2961 4180 3.
2982 4133 3001 4192 )

1730 4202 1785 4249 L.
1805 4199 1855 4247 6.
1879 4204 1935 4248 C.
1953 4201 2022 4248 de
2037 4198 2237 4257 operib.
2250 4199 2449 4256 public.
2470 4198 2611 4255 (vm,
2637 4198 2804 4256 11)-
2819 4197 2873 4243 13.
2895 4193 2982 4258 G.]

1795 4261 1944 4323 15)1..
1966 4259 2047 4310 45.
2085 4274 2161 4319 pr.
2196 4261 2264 4307 de
2290 4273 2480 4318 usurp.
2506 4258 2784 4323 (xl.1‚5.)
2822 4261 2939 4307 coll.
2986 4270 3100 4307 cum

1731 4327 1784 4371 1..
1807 4323 1857 4372 7.
1883 4327 1939 4373 D.
1968 4325 2037 4370 de
2075 4322 2181 4371 div.
2226 4326 2381 4381 temp.
2421 4334 2664 4380 praescr.
2689 4322 2862 4381 (xuv
2887 4355 2903 4380 ‚
2923 4319 2972 4369 ὅ.
2997 4321 3015 4378 )
3038 4346 3099 4356 -

1736 4388 2124 4435 Unterlaolzner
2141 4384 2381 4433 ausfflhrl.
2404 4386 2564 4434 Entw.
2586 4386 2637 4432 d.
2662 4386 2962 4444 gesammten
2978 4385 3101 4431 Ver·

1724 4448 2100 4509 jahrungsiehre
2118 4449 2154 4495 l.
2177 4461 2235 4506 p.
2272 4445 2383 4494 185.
2422 4452 2526 4494 not.
2569 4446 2680 4496 179.
2722 4470 2785 4483 --
2820 4445 2895 4493 Cf.
2934 4451 3102 4493 umen

1730 4513 1958 4561 Mamm
1975 4514 2082 4558 not.
2104 4511 2166 4557 ad
2189 4512 2216 4566 ς
2232 4511 2332 4557 21.
2353 4510 2406 4556 12.
2431 4513 2470 4557 t.
2491 4515 2543 4557 et
2563 4510 2734 4559 Noodl
2750 4509 2813 4557 ad
2837 4509 2936 4557 Tit.
2951 4511 3008 4556 D.
3032 4509 3103 4557 de

1724 4587 1833 4625 rer.
1855 4576 1964 4623 div.
1986 4575 2118 4634 (opp.
2142 4574 2201 4619 T.
2227 4574 2285 4619 11.
2310 4585 2360 4632 p.
2384 4570 2503 4631 29.).

1788 4635 1866 4698 14)
1886 4640 1938 4687 L.
1961 4635 2010 4684 5.
2032 4648 2108 4696 pr.
2134 4638 2190 4683 D.
2215 4631 2536 4690 lna—134&
2554 4633 2867 4685 code-CA.
2883 4633 3104 4687 Weiske

1729 4702 1782 4750 ln
1811 4700 2010 4749 Elversii
2035 4700 2274 4746 Themide
2294 4699 2353 4744 11.
2379 4699 2464 4746 Nr.
2488 4701 2547 4745 x.

1807 4762 1886 4823 15)
1909 4765 1962 4810 L.
1983 4761 2031 4809 1.
2055 4760 2146 4820 35.
2165 4763 2219 4810 L.
2241 4764 2290 4809 3.
2310 4763 2365 4807 D.
2390 4761 2461 4810 de
2489 4758 2748 4819 flaminib.
2776 4786 2833 4797 —
2859 4760 2934 4810 Cf.
2963 4762 3103 4808 Mar-

1728 4826 1841 4878 cuit
1862 4832 1968 4875 not.
1988 4827 2050 4875 ad
2067 4828 2094 4883 s
2115 4822 2164 4872 5.
2190 4826 2226 4872 l.
2248 4826 2300 4873 Ιι.
2324 4827 2364 4871 t.

3049 4140 3102 4183 et
