3544 5506
448 318 560 375 210
1032 329 1184 371 mus
1222 329 1384 371 SPEC·
1428 330 1544 372 un.
1589 330 1658 371 n.
1701 330 1777 371 nt
1817 328 2001 371 REBUS
2039 327 2318 378 mmmm.
2360 327 2649 370 nomino.

448 445 603 503 lium
622 448 833 500 autem
862 441 983 500 tria
1005 455 1244 513 genera
1266 440 1746 513 distinguuntur
1772 460 1789 496 ι
1841 457 1989 499 nam
2017 448 2131 499 aut
2164 439 2302 499 sera
2335 446 2519 509 sunt,
2557 439 2786 513 quibus
2810 438 3006 497 etiam
3038 438 3254 496 adnu-

445 544 777 599 merantur
798 543 863 596 et
889 551 1071 610 apes,
1093 543 1158 595 et
1185 537 1551 606 columbae,
1582 543 1649 594 et
1670 551 1956 610 pavones
1977 583 1994 610 ,
2027 542 2141 595 aut
2165 544 2498 595 mansueta
2518 582 2535 609 ,
2568 542 2684 594 aut
2721 533 3161 594 mansuefacta
3181 530 3248 597 ⁹).

447 641 621 716 Quae
643 636 900 711 quidem
929 631 1250 695 distinctio
1277 637 1358 694 ad
1380 637 1516 710 eJus
1539 632 1936 708 potissimum
1950 636 2147 710 juris,
2179 638 2354 710 quod
2382 638 2462 695 ad
2492 632 2861 695 animalium
2897 633 3253 692 dominium

449 735 551 792 vel
602 727 1072 805 adquirendum
1112 733 1211 790 vel
1259 732 1681 791 amittendum
1727 739 2009 806 spectat,
2050 732 2335 792 indolem
2362 739 2541 791 recte
2567 729 3033 792 aestimandam
3058 731 3252 789 valet.

449 829 609 919 (Yid.
632 825 843 905 infra§
868 827 1017 886 251.
1046 830 1151 887 Nr.
1191 826 1276 903 1.)

1736 1043 1762 1116 ς
1810 1041 1953 1098 222.

525 1241 597 1296 Et
628 1236 1047 1297 immobilium
1076 1235 1333 1307 quidem
1354 1234 1598 1306 rerum,
1626 1249 1797 1307 quae
1824 1232 2014 1293 variis
2046 1237 2406 1294 nominibus
2448 1244 2515 1296 et
2553 1240 2674 1297 soli
2706 1252 2927 1296 rerum
2948 1281 2964 1305 ,
3016 1245 3084 1296 et
3108 1238 3256 1296 fun-

442 1336 674 1395 dorum
698 1331 761 1402 ¹⁰)
793 1341 859 1394 et
888 1334 1306 1408 praediorum
1348 1336 1791 1408 appellantur,
1846 1335 2011 1393 aliae
2060 1332 2350 1395 aedificia
2395 1344 2577 1406 sunt,
2630 1354 2683 1396 s.
2725 1340 2917 1397 aedes
2948 1337 3055 1409 ¹¹),
3107 1354 3255 1398 cum

442 1432 718 1507 urbana,
753 1447 923 1504 quae
942 1446 1100 1504 prae
1121 1432 1394 1490 caeteris
1421 1433 1646 1500 aedes,
1677 1442 1816 1491 tum
1837 1433 2102 1501 rustica,
2127 1449 2296 1506 quae
2319 1432 2505 1494 villae
2531 1448 2607 1492 ex
2636 1448 2755 1492 usu
2787 1435 3050 1507 quidem
3077 1449 3256 1492 com-

440 1532 617 1589 muni
646 1532 981 1605 dicuntur3
1027 1530 1192 1588 aliae
1221 1530 1521 1589 aediliciis
1561 1546 1828 1598 vacuae,
1857 1547 2016 1604 quas
2041 1532 2295 1605 quidem
2325 1533 2387 1590 in
2416 1533 2578 1592 urbe
2609 1548 2828 1603 areas,
2860 1547 3018 1590 rure
3038 1539 3256 1591 autem

439 1646 631 1702 agros
674 1631 1004 1703 appellare
1053 1630 1262 1688 solent
1282 1629 1369 1699 ¹²).
1407 1634 1622 1705 Neque
1657 1647 1812 1691 vero
1852 1632 1947 1690 his
1974 1633 2509 1705 appellationibus
2536 1622 2657 1690 eae
2698 1633 2961 1692 omnino
2987 1648 3257 1706 respon—

434 1730 623 1797 dent,
673 1723 902 1801 quibus
955 1726 1218 1800 praedia
1267 1727 1516 1785 urbana
1562 1728 2048 1800 distinguuntur
2078 1745 2116 1786 a
2147 1730 2431 1801 rusticis,
2480 1745 2649 1803 quae
2690 1731 2948 1802 quidem
2981 1731 3188 1788 modo
3218 1745 3257 1788 a

438 1826 732 1895 materia,
773 1827 967 1885 modo
995 1842 1033 1884 a
1063 1825 1215 1896 fine,
1243 1826 1308 1882 in
1350 1841 1541 1900 quem
1585 1833 1812 1899 parata
1841 1833 2017 1896 sunt,
2049 1830 2242 1887 modo
2267 1845 2305 1887 a
2327 1828 2472 1887 loco
2490 1828 2796 1886 dicuntur
2817 1825 2908 1897 ¹³).
2939 1832 3261 1888 Nonnum-

438 1939 634 1997 quam
668 1933 884 1984 autem
913 1941 1049 1993 res,
1094 1940 1211 1999 per
1253 1942 1321 1986 se
1348 1926 1608 2000 quidem
1649 1928 1952 1995 mobiles,
1997 1924 2419 1986 immobilium
2443 1926 2590 2001 jure
2621 1934 2998 2003 censentur,
3040 1928 3259 2003 qualia

441 2027 621 2097 sunt,
655 2037 821 2099 quae
846 2023 966 2080 fixa
994 2023 1207 2080 vincta
1237 2028 1582 2089 vocantur,
1618 2029 1684 2080 et
1711 2023 1761 2080 si
1780 2038 1949 2096 quae
1980 2023 2103 2081 alia
2144 2023 2677 2097 pertinentiarum
2704 2065 2720 2093 ‚
2757 2030 2831 2081 ut
2857 2024 3042 2098 ajunt
3061 2068 3078 2095 ,
3114 2026 3259 2085 loco

437 2121 759 2180 habentur
785 2122 843 2196 (§
863 2122 986 2180 226
1017 2124 1061 2166 1³
1087 2129 1176 2193 a),
1207 2128 1347 2181 tum
1365 2165 1382 2197 ,
1416 2137 1492 2181 ex
1523 2137 1642 2180 usu
1685 2122 1921 2181 sorensi
1945 2124 2317 2197 legibusque
2338 2124 2743 2196 quarundam
2775 2123 3117 2195 regionum
3145 2127 3261 2184 do-

438 2220 711 2279 mesticis
726 2263 743 2296 ,
767 2223 1115 2279 nonnullae
1144 2222 1339 2281 etiam
1360 2237 1463 2280 res
1478 2237 1555 2280 ex
1581 2222 1910 2281 mobilium
1928 2237 2188 2296 genere,
2212 2239 2381 2297 quae
2403 2223 2668 2297 propria
2698 2239 2813 2281 sua
2832 2222 2892 2280 vi
2920 2238 2998 2281 ac
3021 2229 3263 2283 natura

435 2328 765 2390 constant,
794 2336 916 2381 nec
937 2323 1068 2380 ulla
1093 2330 1279 2396 parte
1299 2324 1381 2381 ab
1403 2318 1833 2382 immobilibus
1877 2324 2163 2396 pendent
2183 2320 2273 2398 ¹⁴).
2308 2323 2480 2382 Licet
2502 2337 2659 2381 vero
2675 2337 2895 2380 rerum
2922 2323 3261 2382 mobilium

432 2426 629 2493 atque
682 2422 1100 2480 immobilium
1147 2423 1467 2482 distinctio
1507 2423 1573 2482 in
1618 2423 2117 2497 incorporalium
2165 2438 2385 2481 rerum
2431 2423 2763 2482 notionem
2808 2423 3076 2498 proprie
3128 2438 3261 2481 non

432 2519 749 2594 cadatw),
799 2528 1016 2580 tamen
1067 2524 1390 2582 interdum
1423 2524 1506 2581 ad
1553 2523 1721 2583 hanc
1768 2539 2033 2597 quoque
2074 2523 2520 2590 transferenda
2565 2522 2711 2590 erit,
2753 2520 2841 2580 ita
2880 2523 3185 2597 quidem,
3214 2524 3264 2582 si

435 2615 598 2676 sorte
628 2622 743 2674 aut
762 2616 1179 2693 legislatores,
1206 2624 1322 2676 aut
1354 2618 1643 2677 homines
1669 2620 1899 2692 privati
1922 2662 1940 2693 ,
1970 2619 2053 2677 de
2096 2625 2234 2677 toto
2274 2613 2663 2690 patrimonio
2707 2617 3102 2689 cogitantes,
3126 2632 3264 2675 mo—

434 2715 654 2775 bilium
697 2715 1242 2791 immobiliumque
1292 2732 1513 2777 rerum
1557 2725 1812 2778 tantum
1854 2718 2092 2778 faciant
2133 2712 2557 2788 mentionem,
2601 2723 2706 2789 ut,
2760 2732 3086 2791 quaenam
3110 2717 3265 2791 jura

431 2811 663 2884 cuique
687 2826 907 2870 rerum
946 2813 1166 2885 generi
1194 2809 1535 2872 tribuenda
1560 2811 1685 2873 sint
1708 2859 1723 2884 ‚
1769 2830 1919 2874 curn
1947 2830 2024 2873 ex
2053 2815 2398 2874 voluntatis
2437 2816 2812 2890 conjectura
2844 2813 2948 2888 ¹⁶),
2977 2818 3122 2871 tum
3151 2813 3267 2871 ad-

433 2909 631 2970 hibita
658 2910 926 2969 aliarum
946 2912 1160 2984 legum
1179 2909 1620 2984 similitudine,
1652 2910 2001 2974 definiatur
2033 2929 2295 2974 necesse
2315 2910 2397 2972 sit
2418 2909 2512 2989 ¹⁷).

431 3163 581 3213 deV.
607 3167 659 3213 S.
686 3192 747 3200 —
768 3168 822 3213 1..
861 3164 941 3214 17.
983 3168 1010 3224 s
1041 3165 1091 3215 6.
1137 3168 1191 3215 D.
1235 3168 1304 3215 de
1336 3171 1441 3216 act.
1475 3167 1603 3215 emti
1639 3166 1799 3214 vend.
1866 3177 2000 3227 eor„
2022 3166 2117 3224 que·
2136 3166 2234 3212 sub
2256 3169 2357 3213 eut.
2383 3168 2470 3212 vel
2486 3177 2620 3212 cura
2658 3169 2785 3212 sun!
2825 3165 3055 3222 (xxvii.
3076 3160 3131 3210 9.
3156 3165 3174 3219 )
3200 3188 3258 3196 —

433 3227 745 3286 (ΧΙΧ,1.)-·
772 3227 873 3277 Cic.
892 3231 1014 3288 Top.
1035 3227 1119 3278 26.
1156 3230 1205 3276 in
1243 3229 1456 3278 f.-vid.
1483 3227 1718 3277 Bria-son.
1749 3229 1803 3276 b.
1868 3233 1932 3275 A.
1960 3227 2153 3276 Vinnii
2184 3230 2271 3276 sel.
2315 3235 2504 3289 quaest.
2532 3231 2577 3284 l,
2600 3226 2681 3275 50.
2716 3251 2776 3261 -
2804 3229 2863 3275 J.
2904 3227 2956 3274 C.
2998 3226 3159 3273 110ch
3199 3226 3260 3271 D.

425 3300 483 3336 -v.
518 3294 567 3336 et
584 3291 642 3337 J.
665 3291 724 3337 L.
747 3293 812 3338 E.
831 3293 1124 3340 Ptittmann
1146 3294 1202 3339 D.
1229 3293 1291 3339 de
1313 3293 1437 3338 rutis
1458 3293 1627 3340 caesis.
1673 3293 1802 3351 Lips.
1867 3291 1929 3338 de
1951 3292 2149 3351 praedio
2181 3292 2371 3339 urbano
2404 3297 2454 3337 et
2491 3290 2691 3336 rustico.
2728 3289 2839 3337 Jen.
2868 3285 3014 3335 1757.
3055 3287 3107 3335 4.
3153 3300 3260 3335 rec.

435 3349 578 3401 1776.
601 3353 720 3399 etin
739 3365 761 3398 s
795 3353 848 3400 ll.
871 3355 1050 3401 varior.
1074 3366 1241 3413 opusc.
1266 3355 1348 3401 Nr.
1375 3354 1456 3401 10.
1871 3353 2023 3400 Giess.
2048 3350 2189 3401 1774.
2216 3379 2271 3386 -
2293 3355 2359 3400 Α.
2386 3356 2450 3400 D.
2483 3352 2687 3401 Weber
2728 3351 2949 3398 Versueh
2990 3349 3078 3396 ub.
3105 3348 3157 3397 d.
3184 3350 3271 3396 Ci-

498 3412 548 3472 9)
571 3416 597 3469 S
616 3413 695 3463 14.
721 3415 741 3462 1
787 3416 854 3462 ,1.
876 3416 927 3463 Ιι.
952 3419 988 3462 t.
1010 3442 1065 3450 -
1092 3417 1145 3462 L.
1168 3415 1310 3464 1—5.
1339 3418 1397 3463 D.
1422 3416 1491 3464 de
1515 3416 1655 3474 -αάᾳ,
1698 3426 1807 3463 rer.
1872 3415 1979 3462 vilr.
2034 3427 2082 3473 p.
2136 3412 2343 3463 81—87.
2384 3440 2445 3450 —
2486 3417 2676 3462 Caeter.
2732 3413 2799 3460 cf.
2864 3411 3269 3459 Unoerltolzner

439 3480 579 3527 dom.
622 3478 764 3535 (xm,
785 3476 853 3535 1.)
874 3503 934 3510 -
952 3480 1008 3525 J.
1051 3481 1144 3527 W.
1185 3479 1456 3526 Marckart
1494 3480 1549 3524 D.
1592 3477 1656 3524 de
1689 3478 1809 3524 divi·
1874 3477 2242 3536 Entwickelung
2282 3479 2371 3525 der
2412 3489 2516 3537 ges.
2555 3474 3029 3533 verjahrungstehre
3078 3478 3107 3531 ς
3146 3471 3264 3522 191.

433 3542 568 3588 sione
593 3540 794 3586 animal.
813 3539 1052 3596 juridica,
1077 3541 1125 3587 in
1147 3543 1371 3588 exercitt.
1395 3542 1614 3588 academ.
1641 3540 1659 3597 (
1682 3541 1806 3587 llar-
1880 3540 1959 3595 (Τ.
1985 3542 2063 3596 11.)

436 3606 603 3650 derov.
642 3599 786 3648 1751.
810 3601 879 3660 4.)
902 3603 985 3648 Nr.
1006 3598 1054 3647 8.
1080 3628 1139 3636 -
1164 3605 1216 3649 C.
1260 3607 1314 3648 G.
1339 3602 1533 3650 Biener
1555 3603 1686 3660 Disp.
1707 3602 1811 3658 iur.
1939 3599 2052 3660 13η)
2075 3601 2149 3648 Ct‘.
2172 3600 2459 3648 Buchlzoltz
2477 3600 2724 3651 Versuchc
2747 3598 2873 3648 Dies.
2899 3599 2961 3644 ll.

436 3678 561 3715 rom.
585 3665 637 3712 et
652 3675 809 3724 germ.
831 3664 894 3711 de
910 3664 1102 3723 apibus.
1128 3665 1255 3724 Lips.
1281 3663 1426 3714 1775.
1451 3664 1501 3714 4.
1942 3660 2019 3721 14)
2039 3665 2112 3711 Cf.
2135 3662 2326 3711 Runde
2345 3663 2552 3708 teutsch.
2575 3663 2786 3708 Privatr.
2810 3661 2836 3716 3
2863 3657 2977 3708 25⁴.
3004 3687 3068 3695 —
3092 3662 3265 3710 αὖθις

1876 3726 2149 3773 comment.
2169 3725 2295 3773 nach
2328 3723 2562 3779 Hetlfeld
2585 3727 2645 3773 ll.
2668 3737 2716 3782 p.
2734 3720 2850 3771 523.
2872 3723 2951 3769 ed.
2977 3723 3041 3771 ll.
3067 3749 3131 3758 —
3150 3726 3262 3772 Vid-

1044 3791 1070 3845 S
1095 3784 1207 3836 222.
1873 3794 2036 3834 tamen
2061 3791 2247 3849 Moqen
2266 3788 2299 3835 l.
2319 3788 2353 3835 l.
2379 3788 2405 3844 S
2429 3784 2484 3836 18
2507 3784 2848 3848 sqq.-[Cod.
2873 3785 2997 3842 Nap.
3028 3783 3131 3834 524
3165 3787 3265 3845 ις.)

1941 3848 2016 3908 15)
2042 3853 2094 3898 L.
2112 3848 2162 3897 7.
2187 3848 2279 3905 34.
2302 3852 2355 3896 D.
2380 3849 2450 3898 de
2468 3850 2651 3906 pecul.
2671 3849 2790 3906 (XV,
2813 3846 2879 3903 1.)
2903 3871 2962 3880 —-
2988 3848 3044 3895 L.
3064 3845 3148 3895 15.
3171 3850 3197 3903 S
3214 3848 3269 3897 2.

497 3912 578 3972 10)
598 3915 875 3961 Fundornm
895 3911 1269 3971 appellationem
1292 3913 1355 3959 ad
1376 3911 1519 3959 aedes
1541 3912 1658 3959 olim
1684 3913 1799 3970 qul·
1865 3915 1919 3961 D.
1942 3912 2011 3958 de
2032 3912 2229 3969 rejud.
2254 3912 2411 3969 (XLll,
2437 3911 2504 3966 1.)
2528 3934 2585 3942 -
2618 3914 2669 3958 L.
2695 3912 2743 3956 2.
2767 3922 2842 3968 pr.
2867 3910 2922 3956 C.
2944 3908 3013 3958 de
3030 3909 3265 3969 quadri-

434 3977 546 4022 dem
589 3989 686 4023 non
740 3976 1062 4034 pertinuisse,
1097 3975 1357 4025 didicimus
1399 3976 1703 4032 potissimum
1740 3986 1801 4020 ex
1864 3973 2012 4022 ennii
2025 3973 2446 4032 praescriptione
2468 3974 2597 4032 (vn,
2620 3971 2957 4031 57.)—1..un.
2993 3970 3088 4028 37.
3114 3974 3171 4020 C.
3197 3973 3267 4021 de

440 4038 689 4084 Cicerone
727 4038 886 4096 (Top.
908 4050 954 4085 c.
978 4034 1026 4083 4.
1058 4041 1109 4082 et
1140 4048 1215 4083 or.
1238 4049 1327 4095 pro
1348 4038 1553 4084 Caecina
1592 4051 1637 4085 c.
1683 4032 1760 4083 19.
1785 4037 1801 4090 )
1868 4037 1950 4085 rei
1970 4036 2196 4084 uxoriae
2214 4041 2319 4086 act.
2344 4035 2421 4092 (V,
2445 4034 2547 4093 13.)

435 4102 582 4158 atque
607 4103 735 4158 cajo
752 4100 888 4155 (inst.
913 4101 973 4152 11,
989 4097 1110 4157 42).
1136 4123 1192 4132 -
1239 4100 1348 4146 Vid.
1388 4104 1550 4146 tamen
1595 4105 1649 4150 L.
1688 4096 1802 4144 211.
1931 4097 2010 4158 10)
2030 4102 2083 4146 1..
2102 4096 2212 4145 102.
2238 4112 2313 4159 pr.
2338 4100 2387 4144 in
2408 4098 2446 4145 f.
2476 4100 2532 4144 D.
2559 4098 2635 4148 de
2655 4096 2846 4158 lqull.

437 4161 494 4206 D.
518 4161 587 4208 de
614 4163 684 4209 V.
704 4163 756 4208 S.
786 4174 797 4203 z
825 4177 850 4204 u
880 4162 1034 4208 Fundi
1077 4162 1407 4220 appellatione
1446 4173 1593 4208 omne
1631 4160 1806 4208 aediti-
1935 4160 2015 4219 17)
2039 4166 2153 4219 Arg.
2177 4163 2229 4207 1..
2251 4159 2362 4208 143.
2384 4160 2452 4207 de
2474 4161 2547 4208 V.
2572 4163 2632 4209 S.
2653 4184 2707 4194 -
2751 4159 2802 4204 L.
2831 4155 2909 4205 15.
2956 4158 3009 4204 D.
3053 4157 3126 4204 de
3155 4170 3269 4218 req.

433 4225 564 4269 cium
584 4228 632 4269 et
649 4225 808 4270 omnis
825 4235 939 4282 ager
957 4224 1253 4271 continetur.
1278 4250 1338 4258 —
1360 4240 1387 4267 ιι
1859 4225 1976 4279 jur.
2000 4249 2060 4257 —
2087 4225 2138 4270 1..
2175 4221 2255 4271 47.
2279 4224 2350 4271 de
2366 4226 2538 4270 contr.
2569 4224 2695 4272 emt.
2730 4220 2924 4277 (xvlu,
2943 4217 2965 4266 1
2979 4222 3012 4277 .)
3036 4221 3192 4268 clem.
3220 4223 3267 4267 1.

503 4286 579 4341 11)
605 4287 657 4331 L.
680 4283 759 4332 41.
781 4286 807 4340 S
828 4287 876 4333 5.
902 4287 957 4331 D.
980 4286 1048 4332 de
1069 4285 1167 4344 leq.
1190 4287 1227 4333 l.
1253 4286 1300 4343 (α
1323 4313 1383 4320 -
1403 4297 1463 4332 ex
1486 4286 1689 4333 aedibus
1706 4287 1806 4334 suis
1870 4285 1939 4334 de
1961 4289 2031 4336 V.
2055 4288 2107 4332 S.
2144 4285 2222 4344 (V,
2256 4286 2353 4344 11.)
2386 4284 2516 4331 verb.
2557 4302 2570 4332 ε
2604 4304 2631 4330 «ι
2659 4284 2874 4342 Cumque
2906 4283 3059 4329 annui
3084 4284 3273 4329 reditus

435 4349 639 4394 urbanis
658 4352 806 4406 atque
825 4348 1287 4406 rusticis-n).-cf.
1310 4348 1552 4397 Brisson.
1571 4360 1616 4394 v.
1645 4349 1809 4396 aedes
1871 4349 1999 4395 inter
2037 4348 2303 4396 immobilia
2333 4353 2636 4397 censeantur
2658 4359 2684 4393 a
2708 4345 2838 4400 jure.
2865 4369 2922 4379 ——
2949 4360 2975 4386 n
3000 4368 3065 4377 -—
3087 4347 3270 4401 Quodsi

435 4410 461 4462 S
492 4408 540 4456 5.
1870 4408 1947 4457 his
1979 4411 2210 4458 adhibitis
2249 4410 2514 4469 praeceptis
2560 4423 2647 4459 res
2665 4409 2725 4456 ad
2756 4408 3003 4464 liquidum
3039 4420 3127 4465 per
3159 4409 3270 4455 duci

499 4470 579 4528 12)
601 4472 653 4517 L.
675 4469 787 4517 21¹.
812 4470 866 4516 D.
888 4470 958 4518 de
993 4472 1063 4519 V.
1107 4472 1161 4519 S.
1197 4497 1253 4505 —-
1289 4474 1363 4520 Cf.
1399 4472 1545 4519 etiam
1589 4474 1641 4520 1..
1695 4471 1804 4521 115.
1870 4474 2088 4519 nondum
2136 4478 2329 4531 potest,
2381 4475 2433 4517 at
2481 4473 2645 4521 alium
2695 4470 3064 4528 immobilium,
3122 4471 3271 4516 alium

435 4534 553 4579 eod.
572 4558 631 4566 —-
654 4534 728 4579 Cf.
754 4534 999 4581 Huschke
1018 4534 1145 4578 Zwei
1171 4534 1560 4593 Abhandlungen
1584 4547 1670 4581 aus
1691 4537 1806 4582 dem
1871 4536 2125 4582 mobilium
2148 4548 2313 4582 rerum
2336 4532 2509 4592 aliquis
2536 4534 2779 4584 heredem
2803 4533 3037 4590 instituit,
3062 4534 3261 4579 nomina

437 4594 637 4641 Gebiete
674 4597 761 4642 der
791 4596 1369 4644 Alterthumswissensch.
1401 4610 1450 4644 u.
1482 4598 1569 4644 der
1605 4597 1804 4643 ltechts-
1870 4597 1999 4644 inter
2042 4602 2301 4657 utrumque
2340 4602 2453 4642 sunt
2488 4600 2685 4653 pariter
2722 4594 3070 4641 distribuenda
3109 4606 3127 4654 ς
3165 4606 3268 4652 arg.

436 4656 732 4715 geschichte.
750 4657 988 4711 (Heidelb.
1014 4653 1177 4715 1855.)
1195 4671 1244 4717 p.
1266 4657 1331 4706 76
1350 4671 1424 4718 sq.
1868 4660 1921 4706 1..
1947 4657 1996 4706 9.
2033 4667 2054 4718 ς
2080 4658 2217 4705 13.-
2241 4662 2297 4707 1..
2315 4656 2393 4708 55.
2420 4670 2496 4717 pr.
2516 4663 2575 4704 et
2601 4665 2633 4720 g
2654 4661 2697 4707 1.
2714 4659 2771 4705 D.
2791 4654 3121 4703 deheredib.
3144 4655 3270 4703 inst.

504 4716 584 4774 13)
606 4720 659 4764 L.
680 4715 792 4765 198.
816 4721 873 4765 D.
896 4718 965 4766 de
997 4721 1069 4769 V.
1090 4720 1257 4778 252—ss
1284 4722 1331 4768 1.
1373 4723 1410 4768 l.
1449 4720 1517 4768 de
1536 4720 1715 4768 servit.
1742 4747 1805 4756 --
1870 4720 2103 4777 (xxvlll,
2123 4719 2200 4779 5.)
2222 4748 2281 4756 -
2304 4722 2493 4768 caeter.
2528 4720 2607 4769 de
2655 4725 2755 4770 tota
2793 4718 2885 4765 hae
2931 4723 3129 4777 quaest.
3172 4718 3271 4765 vid.

439 4781 493 4827 L.
529 4779 576 4828 1.
621 4792 696 4838 pr.
746 4781 801 4827 D.
843 4792 1026 4829 comm.
1073 4782 1340 4838 praedior.
1391 4788 1497 4830 tam
1551 4783 1804 4831 urbanor.
1871 4783 2035 4831 Gliick
2056 4784 2119 4830 ad
2139 4783 2385 4840 Hellt'eld.
2406 4784 2432 4838 S
2455 4775 2572 4830 174.
2620 4810 2678 4821 --
2720 4780 2927 4831 Weber
2958 4782 3023 4827 ad
3064 4778 3271 4839 Hoepl'·

436 4854 596 4902 quam
614 4842 800 4889 rustic.
825 4841 969 4901 (vill,
988 4840 1122 4900 4.)--
1147 4845 1199 4892 L.
1217 4843 1265 4892 5.
1286 4843 1336 4893 4.
1351 4846 1403 4892 D.
1418 4844 1473 4892 in
1492 4844 1633 4903 quib.
1649 4857 1804 4895 caus.
1872 4855 2063 4892 nerum
2085 4847 2112 4901 S
2131 4844 2244 4894 343.
2270 4851 2374 4893 not.
2404 4844 2453 4892 2.
2493 4867 2561 4880 —
2606 4848 2683 4895 cr.
2722 4850 2774 4891 et
2814 4841 3092 4897 Hauboldi
3112 4845 3277 4892 locum

432 4905 578 4967 piqn.
607 4905 767 4953 tacile
782 4907 953 4952 contr.
970 4903 1091 4965 (xx,
1114 4906 1182 4966 2.)
1205 4932 1263 4940 —
1309 4909 1360 4954 1..
1400 4909 1445 4954 1.
1491 4909 1544 4954 D.
1585 4907 1655 4956 de
1693 4907 1805 4956 reb.
1872 4920 2017 4968 supra
2036 4909 2062 4965 ς
2080 4907 2192 4956 220.
2218 4914 2324 4957 not.
2343 4907 2391 4958 8.
2411 4908 2460 4955 in
2481 4909 2516 4956 1.
2539 4909 2690 4958 laud.
