3544 5506
988 321 1123 366 cu.
1166 322 1256 367 vt.
1295 323 1376 367 ns
1411 322 1852 369 succasssomm
1889 325 2343 370 mamimus.
2946 317 3059 378 603

250 431 534 514 querelam
552 430 844 493 mllitatis
868 434 1087 511 a‘rjnro
1114 437 1317 512 novo),
1348 452 1426 495 ac
1460 436 1645 496 simul
1671 433 2003 498 inofficiosi
2029 417 2363 512 querelam
2398 438 2687 511 paullum
2734 455 2875 501 esse
2915 459 3056 504 mu-

251 542 484 605 tatam,
520 534 879 604 affirmant,
904 532 1032 594 hoc
1055 543 1285 609 pacto,
1310 543 1422 604 ut,
1450 533 1501 595 si
1534 538 1710 597 nulla
1734 535 1813 597 sit
1850 553 2045 597 causa
2083 538 2366 609 legitima
2407 534 2894 601 exheredationi
2942 545 3056 603 ad-

249 636 521 710 scripta,
553 633 861 694 nullitatis
888 638 1151 710 querela
1176 639 1389 696 locum
1416 638 1648 697 habeat
1666 680 1683 705 ,
1716 640 1839 698 hac
1868 640 2128 712 quidem
2153 638 2250 706 vi,
2269 646 2345 696 ut
2364 654 2498 699 non
2530 641 2649 699 nisi
2697 657 2825 715 qua
2862 644 3049 703 here-

247 736 341 793 dis
355 736 814 795 institutionem
835 742 1291 796 testamentum
1318 737 1699 813 infirmetur,
1719 741 1816 798 sin
1836 754 1994 798 vero
2015 733 2532 805 exheredationis
2545 755 2742 799 causa
2763 743 3045 813 legitime
3085 720 3089 725 ’

246 832 324 889 sit
350 831 633 906 adjecta,
665 833 748 890 ad
780 833 1110 892 inofficiosi
1132 834 1465 907 querelam
1498 850 1622 892 con
1634 834 2007 905 fugiendum
2037 834 2117 893 sit
2137 876 2154 903 ,
2186 849 2355 907 quae
2384 835 2532 893 licet
2559 850 2639 894 eo
2669 837 2955 897 discedat
2975 840 3057 897 ab

249 923 627 1000 antiquioris
649 929 815 1002 juris
839 930 1136 1003 querela,
1158 946 1305 988 cum
1320 972 1335 997 ‚
1363 937 1435 987 ut
1457 946 1710 1004 semper
1735 932 1816 989 ab
1839 931 2078 989 herede
2107 932 2439 1003 probanda
2465 933 2545 989 sit
2569 933 2801 991 allatae
2823 948 3059 993 causae

249 1025 520 1099 veritas,
547 1031 687 1083 tum
717 1028 870 1085 item
899 1021 1261 1085 infirmetur
1295 1033 1550 1084 tantum
1591 1027 1843 1085 heredis
1876 1028 2227 1093 institutio,
2269 1034 2487 1085 tamen
2532 1028 2595 1085 in
2627 1025 2886 1102 reliquis
2909 1046 3057 1103 pro-

251 1121 459 1193 priam
481 1136 664 1179 suam
690 1121 966 1180 retineat
993 1129 1292 1181 naturam
1322 1128 1517 1196 atque
1546 1122 1826 1181 indolem
1849 1120 1935 1196 ⁵).
1976 1122 2083 1180 Cui
2124 1124 2382 1195 quidem
2427 1125 2718 1196 opinioni
2750 1125 2864 1199 ipsi
2901 1126 3054 1184 olim

247 1215 419 1274 haud
447 1212 904 1287 dubitavimus,
950 1218 1103 1290 quin
1147 1225 1435 1277 nostrum
1478 1233 1739 1292 quoque
1775 1219 2193 1293 adjiceremus
2236 1219 2592 1290 calculum,
2635 1221 2728 1280 his
2783 1224 3057 1281 maxime

248 1312 407 1369 moti
436 1312 823 1381 rationibus,
873 1315 1079 1387 quod,
1121 1317 1425 1392 quoniam
1472 1330 1706 1373 novam
1747 1315 2140 1373 Justinianus
2183 1315 2505 1374 induxerit
2542 1317 3057 1377 exheredationis

247 1405 558 1482 formam,
610 1414 711 1484 et,
754 1409 875 1468 hac
907 1406 1099 1468 etiam
1150 1411 1487 1469 observata
1510 1453 1526 1479 ,
1577 1407 1987 1470 nihilominus
2035 1409 2409 1471 necessariis
2446 1414 2917 1472 successoribus
2948 1414 3056 1488 jus

250 1521 584 1580 superesse
608 1507 1187 1581 impugnandorum
1216 1515 1745 1569 testamentorum
1785 1512 2111 1578 statuerit,
2149 1526 2552 1584 consequens
2585 1508 2698 1584 sit,
2737 1520 2842 1579 ut,
2887 1529 3057 1574 nova

248 1608 368 1664 ista
392 1609 683 1679 neglecta
710 1608 915 1668 forma
938 1650 955 1677 ‚
986 1609 1235 1668 nullum
1255 1625 1392 1669 esse
1421 1611 1707 1669 dicamus
1738 1616 2228 1678 testamentum,
2259 1618 2527 1670 eatenus
2554 1612 2812 1684 quidem
2837 1655 2854 1681 ,
2892 1629 3054 1685 qua-

247 1699 437 1761 tenus
475 1705 538 1761 id
581 1699 859 1763 voluerit
899 1706 1262 1782 legislator,
1312 1711 1542 1767 contra
1572 1721 1728 1765 vero
1758 1700 2215 1775 inofficiosum,
2252 1709 2304 1765 si
2341 1722 2418 1766 ea
2450 1708 2794 1767 observata
2834 1708 2960 1768 sint
2987 1710 3055 1767 in

252 1802 612 1862 condendis
638 1804 1067 1873 testamentis,
1096 1819 1262 1876 quae
1285 1804 1384 1861 lex
1405 1796 1734 1861 observari
1760 1804 2207 1876 praeceperim
2224 1802 2272 1877 ).

1012 2040 1037 2111 ς
1063 2040 1201 2125 776.
1238 2038 1348 2113 ββ)
1371 2035 1732 2096 Probabilior
1756 2034 2040 2095 sententia
2065 2033 2333 2116 affertur.

330 2274 409 2332 Et
430 2289 597 2348 quae
617 2281 946 2348 postremo
975 2275 1118 2334 loco
1142 2275 1469 2349 proposita
1486 2281 1583 2335 est
1604 2275 1922 2334 sententia
1948 2320 1966 2348 ‚
2001 2274 2151 2333 licet
2182 2273 2276 2333 his
2297 2275 2549 2348 egregie
2579 2273 2836 2334 defendi
2866 2288 3055 2348 posse

252 2369 581 2442 videatur,
616 2386 783 2442 quae
817 2371 899 2430 de
936 2373 1332 2430 novellarum
1380 2373 1629 2445 legum,
1678 2365 2148 2443 antiquioribus
2192 2371 2639 2451 derogantium
2681 2371 3060 2443 interpreta-

246 2470 423 2529 tione
444 2469 963 2544 praecipiuntnr¹
995 2472 1052 2545 )‚
1079 2478 1294 2530 tamen
1328 2472 1746 2544 improbanda
1772 2479 1889 2530 est.
1925 2475 2012 2529 Eo
2045 2472 2216 2529 enim
2257 2472 2652 2545 potissimum
2684 2472 2910 2529 nititur
2934 2490 2952 2527 :
2991 2471 3055 2528 id

251 2569 523 2627 maxime
547 2569 744 2640 egisse
771 2573 1264 2643 imperatorem,
1296 2575 1370 2626 ut
1391 2568 1820 2626 exheredandi
1856 2583 2078 2626 causas
2112 2579 2295 2627 certo
2331 2569 2757 2627 constitueret
2783 2573 2849 2626 et
2885 2582 3058 2640 quo-

251 2667 602 2726 dammodo
643 2683 874 2726 novam
898 2669 1412 2728 exheredationis
1440 2668 1712 2727 sormam
1743 2663 2090 2741 antiquiori
2135 2668 2423 2726 adderet.
2463 2673 2538 2726 At
2575 2682 2728 2726 vero
2770 2683 2845 2725 ex
2872 2662 3054 2745 ipsis,

248 2781 419 2838 quae
441 2765 622 2826 initio
645 2782 786 2838 cap.
819 2767 883 2825 5.
914 2773 980 2825 et
1006 2764 1064 2823 4.
1097 2767 1400 2839 leguntur
1429 2766 1637 2825 verbis
1656 2808 1673 2838 ‚
1708 2771 1808 2823 sat
1834 2764 2174 2824 manifesto
2198 2766 2535 2834 evincitur,
2562 2764 2847 2838 inprimis
2877 2764 3059 2822 cordi

210 2931 213 2934 ‚
249 2863 444 2923 fuisse
465 2865 864 2939 imperatori,
897 2881 1129 2925 cavere
1158 2882 1235 2926 ac
1257 2867 1596 2941 providere
1618 2909 1636 2937 ,
1661 2881 1742 2925 ne
1772 2872 2020 2924 temere
2043 2867 2269 2924 sserent
2294 2867 2646 2924 liberorum
2669 2871 2785 2923 aut
2823 2879 3056 2938 paren-

247 2964 412 3021 tium
442 2964 967 3024 exheredationes
994 2968 1092 3023 vel
1120 2962 1707 3040 praeteritiones²),
1739 2981 1863 3025 neo
1877 2981 2008 3024 non
2036 2967 2319 3024 clausula
2352 2967 2761 3037 derogatoria
2788 2965 2895 3023 illa
2917 2965 3058 3038 qui·

248 3063 400 3121 dem
422 3109 440 3137 ‚
466 3065 657 3136 capiti
679 3071 912 3136 quarto
943 3066 1194 3139 adjecta
1223 3108 1240 3135 ,
1286 3083 1499 3140 neque
1537 3067 1619 3124 ad
1651 3067 2071 3124 ascendentes
2106 3066 2276 3125 solos
2318 3064 2691 3133 reserenda,
2725 3062 3060 3122 inofficiosi

250 3164 620 3222 testamenti
641 3167 970 3237 querelam
988 3168 1175 3238 plane
1199 3167 1512 3224 sublatam
1538 3180 1674 3224 esse
1693 3166 1764 3236 ³).
1795 3168 2058 3224 Omnem
2085 3165 2279 3236 igitur
2308 3166 2404 3222 lex
2432 3166 2840 3237 amplectitur
2862 3167 3062 3219 mate-

247 3263 410 3320 ria'm
430 3304 446 3323 .
472 3279 638 3337 quae
660 3265 867 3324 varias
897 3260 1165 3324 subinde
1180 3265 1332 3339 jura
1363 3260 1888 3324 constituentium
1923 3279 2114 3321 curas
2142 3269 2292 3320 ante
2323 3263 2730 3320 excitaverat.
2766 3262 3018 3320 Accedit
3039 3310 3057 3338 ,

249 3361 427 3431 quod
460 3361 871 3418 successionis
891 3362 972 3419 ab
999 3361 1329 3429 intestato,
1362 3377 1488 3434 qua
1510 3404 1525 3427 ‚
1563 3366 1890 3432 tamquam
1919 3358 2269 3431 principio,
2323 3358 2833 3417 necessariorum
2876 3357 3060 3415 here-

248 3455 411 3511 dum
444 3455 550 3525 =ius
585 3469 775 3515 omne
806 3452 1051 3523 nititur,
1090 3458 1357 3514 subinde
1400 3471 1663 3529 prorsus
1698 3461 1944 3512 mutata
1989 3462 2130 3512 erat
2175 3452 2367 3511 facies
2390 3496 2406 3522 ‚
2442 3460 2577 3510 tum
2609 3467 2767 3511 vero
2797 3453 3062 3510 exhere-

258 3553 459 3610 dandi
490 3555 830 3613 necessitas
851 3556 986 3629 jam
1011 3557 1253 3629 pridem
1278 3557 1554 3618 desierat
1574 3557 1787 3613 nudae
1814 3556 2014 3612 instar
2036 3554 2255 3611 haberi
2280 3553 2522 3611 formae
2541 3596 2558 3622 ‚
2589 3553 2863 3624 ejusque
2888 3552 3056 3626 talis,

252 3664 426 3721 quae
451 3665 581 3707 non
615 3652 731 3708 nisi
756 3652 837 3708 ad
869 3667 1134 3710 suorum
1169 3652 1355 3725 primi
1383 3653 1617 3724 gradus
1639 3657 1808 3709 esset
1837 3650 2172 3708 reserenda
2195 3647 2336 3723 jus⁵
2359 3649 2397 3722 ).
2431 3650 2531 3707 His
2565 3649 2751 3720 igitur
2789 3664 3064 3722 perpen-

251 3745 338 3802 sis
356 3787 372 3813 ‚
406 3759 538 3802 non
561 3759 897 3817 possumus
918 3786 933 3814 ‚
961 3748 1114 3818 quin
1140 3747 1422 3819 generali
1451 3762 1637 3804 sensu
1665 3746 2051 3818 accipiamus
2074 3789 2092 3821 ,
2125 3761 2292 3819 quae
2319 3745 2453 3803 sine
2493 3747 2625 3804 ulla
2655 3746 3064 3804 distinctione

257 3838 501 3917 scripta
529 3847 834 3916 suntlege
852 3892 869 3918 ,
894 3860 1251 3920 eorumque
1279 3849 1747 3920 amplectamur
1787 3846 2171 3904 sententiam
2190 3887 2206 3914 ‚
2239 3841 2381 3918 qui,
2413 3846 2545 3904 sive
2573 3845 2836 3916 'prorsus
2884 3860 3066 3918 prae-

255 3940 435 4003 teriti
466 3946 872 4004 inveniantur
898 3944 1240 4006 necessarii
1277 3949 1547 4007 heredes
1567 3991 1586 4022 ‚
1636 3949 1766 4006 sive
1816 3948 2164 4006 exheredes
2212 3947 2433 4019 scripti
2484 3962 2679 4004 causa
2725 3952 2839 4003 aut
2885 3947 3062 4004 nulla

263 4048 380 4100 aut
403 4042 561 4102 salsa
582 4045 836 4118 adjecta
853 4085 870 4115 ‚
895 4047 1116 4118 utique
1137 4047 1491 4104 secundum
1514 4047 1718 4118 legem
1740 4045 1911 4103 hanc
1931 4046 2248 4103 novellam
2274 4058 2410 4100 rem
2435 4057 2573 4100 esse
2592 4042 3064 4115 dijudicandam

318 4280 368 4338 5)
388 4283 466 4330 Cf.
490 4283 763 4342 Hoeprner
782 4286 817 4332 Ι.
841 4287 875 4332 l.
896 4297 945 4344 p.
968 4283 1080 4333 ⁴25.
1102 4285 1200 4344 (ed.
1216 4286 1381 4344 vnl.).
1697 4297 1786 4332 suo
1812 4285 1974 4334 tacere
2022 4288 2314 4332 testamento
2336 4299 2362 4326 ι»
2388 4283 2638 4343 sanciens,
2660 4294 2830 4330 omnes
2849 4317 2865 4342 ‚
2887 4283 3066 4342 quihus

322 4343 372 4402 6)
394 4346 510 4392 vid.
531 4345 639 4402 huj.
665 4348 776 4395 libri
795 4348 1031 4395 editiones
1054 4351 1240 4407 priores
1260 4350 1286 4402 S
1306 4346 1418 4395 5234.
1444 4349 1493 4394 ln
1516 4348 1554 4395 f.
1572 4372 1635 4383 —·
1697 4350 2083 4396 necessariorum
2123 4347 2359 4393 heredum
2397 4346 2506 4403 jura
2554 4347 2858 4392 laederentur
2873 4378 2888 4401 ,
2928 4357 3068 4392 casus

258 4408 472 4466 Eamque
514 4410 733 4456 defendit
780 4423 934 4467 nuper
982 4423 1157 4459 censor
1210 4410 1327 4458 libri
1382 4411 1636 4459 Branchi}
1698 4412 1956 4470 complecti
1991 4411 2175 4466 voluit,
2198 4413 2263 4455 ita
2283 4415 2335 4454 ut
2360 4409 2405 4453 id
2423 4443 2438 4466 ‚
2460 4421 2558 4466 quo
2576 4409 2839 4455 exheredes
2864 4409 3063 4467 tierent,

256 4471 681 4519 Notherbenrecht
722 4474 771 4519 in
814 4473 1008 4533 ephem.
1054 4476 1151 4522 Eri.
1195 4474 1335 4520 xxx.
1372 4487 1422 4533 p.
1457 4472 1551 4522 258
1579 4498 1636 4507 —
1701 4479 2050 4521 testamentum
2095 4475 2281 4517 nullum
2322 4484 2517 4529 prorsus
2564 4471 2767 4517 haberet
2805 4469 3068 4529 effectum,

257 4531 371 4580 260.
1701 4536 1793 4581 nisi
1832 4537 1958 4591 justa
1989 4533 2313 4581 exheredandi
2354 4545 2498 4580 causa
2536 4534 2799 4590 expressim
2824 4533 3069 4590 adscripta

873 4598 900 4653 S
928 4594 1041 4645 776.
1229 4591 1236 4603 ’
1700 4605 1848 4644 esset.
1877 4623 1930 4631 —
1957 4596 2244 4643 Btunesclzli
2264 4598 2296 4642 l.
2322 4598 2355 4641 1.
2384 4609 2431 4654 p.
2453 4592 2722 4642 218—222.
2745 4617 2800 4626 --
2826 4595 3069 4641 Francke

1701 4661 1736 4706 1.
1761 4662 1797 4705 l.
1842 4673 1889 4718 p.
1915 4657 2007 4706 557
2033 4683 2085 4691 -
2115 4657 2224 4704 561.
2262 4683 2322 4691 —
2357 4659 2606 4705 Auctore's
2634 4657 2819 4702 contin.
2843 4658 3069 4703 xxxvii.

322 4717 370 4776 1)
389 4720 414 4773 S
435 4719 520 4767 (52.
546 4722 609 4769 ad
632 4726 737 4769 not.
759 4719 810 4768 8.
839 4723 865 4777 S
886 4721 966 4770 63.
991 4724 1038 4768 in
1062 4735 1137 4781 pr.
1180 4723 1206 4777 S
1223 4720 1304 4770 64.
1326 4725 1430 4769 not.
1459 4721 1538 4770 10.
1577 4745 1635 4754 —
1700 4734 1749 4781 p.
1772 4720 2041 4769 154—139.
2062 4734 2111 4779 p.
2133 4720 2245 4768 5⁴1.
2271 4734 2319 4780 p.
2338 4719 2434 4767 346
2452 4721 2681 4779 σαψ-Ε.
2702 4718 2780 4775 6.]

257 4783 331 4827 Cf.
354 4782 612 4830 Auctor-is
632 4787 820 4831 contin.
844 4786 1067 4832 xxxvn.
1089 4798 1136 4843 p.
1154 4783 1248 4833 545
1265 4798 1339 4844 sq.
1758 4786 1809 4841 3)
1834 4784 2086 4833 Auctor-Is
2101 4782 2300 4831 conlita.
2319 4797 2364 4842 p.
2382 4780 2476 4831 348
2498 4795 2572 4842 sq.

316 4843 367 4899 Ξ)
410 4845 591 4901 [Certe
633 4848 898 4904 imperator
939 4863 964 4889 u
985 4859 1083 4894 non
1113 4850 1256 4895 licere
1279 4848 1473 4907 penitus
1504 4845 1633 4906 patri
1757 4845 1806 4903 4)
1825 4849 1900 4894 Cf.
1938 4847 2178 4895 Francke
2201 4860 2250 4906 p.
2270 4845 2359 4894 361
2387 4859 2492 4906 sqq.
2520 4870 2574 4878 —
2612 4842 2861 4893 ,Auctoris
2883 4843 3070 4892 contin.

259 4907 330 4953 vel
356 4908 504 4953 matri
529 4933 583 4942 -
608 4933 667 4943 --
692 4910 870 4956 liberos
888 4913 1151 4969 praeterire
1179 4917 1265 4957 aut
1291 4909 1558 4957 exhewdes
1580 4909 1630 4954 in
1696 4922 1745 4968 p.
1767 4909 1864 4958 558
1892 4922 1998 4970 sqq.
