3544 5506
537 332 653 393 008
1234 341 1385 385 rm
1426 340 1583 384 svm.
1624 340 1745 383 us.
1786 339 1851 383 v.
1890 338 1969 381 ms
2001 336 2437 382 murram
2471 335 2649 379 sune.

537 460 700 520 civili
716 459 896 534 jure,
928 472 1060 516 non
1083 456 1414 530 praetorio
1440 459 1512 529 ⁸),
1545 460 1658 513 aut
1679 453 1987 542 destituto
2015 452 2187 512 racto
2217 448 2289 526 ⁹),
2317 448 2407 511 sic
2425 458 2644 510 tamen
2668 493 2685 519 ,
2711 456 2814 521 ut,
2839 450 2968 509 suis
2995 450 3319 509 heredibus

475 584 479 590 Δ
536 555 994 616 abstinentibus
1018 570 1057 612 a
1084 560 1358 626 paterna
1397 546 1795 618 hereditate,
1833 549 2243 607 nihilominus
2267 550 2480 606 valeat
2514 547 2878 605 substitutio
2921 543 3013 619 ¹⁰).
3053 547 3319 620 Denique

539 654 603 728 4)
626 644 1045 726 adrogatione
1074 645 1421 724 impuberis
1438 655 1584 722 post
1611 650 1811 723 patris
1836 655 2111 707 mortem
2141 647 2315 706 facta
2346 644 2435 720 ¹¹).

1216 878 1408 958 5675.
1436 874 1495 953 c)
1517 878 1598 935 De
1622 876 1792 954 quasi
1814 874 2107 955 pupillari
2131 875 2529 935 substitutione
2553 874 2643 953 (⁶).

624 1126 813 1208 Quasi
868 1128 1250 1203 pupillarem
1308 1128 1821 1187 substitutionem
1852 1175 1868 1195 ,
1931 1143 2123 1201 quam
2169 1128 2360 1186 etiam
2413 1128 2842 1201 exemplarem
2887 1132 3160 1199 vocant,
3203 1132 3319 1184 tum

545 1225 1003 1285 Justinianeam
1047 1224 1117 1300 ¹).
1163 1222 1661 1299 interpretamur
1681 1224 1935 1287 heredis
1979 1224 2487 1282 nominationem
2533 1231 2750 1281 mente
2791 1229 3048 1295 captoa
3078 1229 3322 1295 parente

538 1318 731 1394 ipsius
758 1322 989 1380 factam
1012 1368 1027 1391 ‚
1061 1336 1209 1380 eum
1239 1322 1301 1378 in
1331 1327 1656 1385 eventum,
1682 1320 1730 1377 si
1755 1320 1817 1376 in
1843 1320 2164 1377 dementia
2195 1319 2300 1376 ille
2325 1325 2716 1377 moreretur.
2747 1324 2886 1377 Jam
2918 1333 3102 1384 vero,
3130 1335 3266 1377 cum
3289 1333 3321 1374 a

540 1423 746 1496 patria
789 1428 1103 1495 potestate
1148 1421 1406 1479 minime
1457 1421 1737 1493 pendeat
1782 1416 1888 1478 illa
1938 1419 2301 1477 substitutio
2348 1414 2419 1493 ²),
2453 1418 2775 1493 sequitur,
2802 1426 2876 1475 ut
2906 1433 3037 1477 non
3081 1420 3323 1477 soluma

538 1526 759 1593 patre,
793 1520 900 1577 sed
928 1518 1119 1577 etiam
1149 1533 1188 1574 a
1236 1523 1442 1575 matre
1488 1531 1739 1588 avoque
1772 1522 2069 1573 materno
2120 1515 2255 1572 fieri
2286 1515 2515 1590 possit,
2547 1516 2900 1574 dummodo
2927 1515 3090 1572 haee
3133 1514 3325 1571 obser·

538 1623 772 1674 ventur
792 1658 809 1685 ,
835 1630 981 1673 cum
999 1660 1014 1685 ‚
1042 1619 1113 1670 ut
1134 1609 1414 1684 legitima
1434 1611 1647 1685 portio
1670 1606 2069 1683 relinquatur
2085 1611 2397 1682 dementi,
2426 1617 2562 1667 tum
2583 1626 2740 1668 vero
2765 1612 3040 1684 primum
3066 1609 3321 1668 omnium

539 1716 719 1773 liberi
744 1715 881 1787 eJus
903 1757 919 1786 ‚
950 1713 1000 1770 si
1025 1727 1184 1785 quos
1209 1709 1407 1770 habet
1425 1757 1440 1782 ‚
1465 1719 1576 1770 aut
1596 1727 1762 1770 unus
1780 1727 2006 1770 eorum
2030 1751 2048 1782 ,
2075 1719 2186 1787 aut
2211 1711 2471 1783 quidam
2493 1754 2509 1778 ‚
2538 1717 2653 1768 aut
2676 1727 2899 1770 omnes
2917 1754 2935 1786 ,
2961 1711 3323 1769 substituan-

539 1817 648 1868 tur
671 1855 687 1881 ,
721 1812 819 1867 vel
846 1846 881 1878 r
908 1808 1002 1867 his
1030 1804 1503 1876 deficientibus,
1538 1806 1769 1865 fratres
1811 1807 2002 1879 ipsius
2037 1802 2100 1874 ³).
2138 1807 2688 1883 Quemadmodum
2718 1814 2935 1866 autem
2983 1822 3118 1864 non
3144 1805 3250 1862 nisi
3275 1804 3322 1862 ei

540 1910 631 1967 ita
665 1915 875 1981 potest
905 1909 1237 1978 substitui,
1269 1909 1368 1966 cui
1397 1907 1674 1979 legitima
1709 1922 1856 1979 pars
1884 1908 2158 1965 debetur
2180 1923 2215 1963 a
2250 1907 2675 1965 substituente
2701 1925 2717 1961 z
2741 1907 2830 1965 sic
2857 1907 3055 1964 etiam
3076 1919 3320 1964 consen-

538 2015 802 2066 taneum
829 2015 923 2066 est
943 2048 959 2076 ,
984 2015 1048 2066 et
1072 2009 1276 2080 ipsum
1299 2051 1315 2077 ‚
1349 2007 1456 2078 qui
1481 2008 1821 2065 substituat
1843 2049 1859 2078 ‚
1884 2007 1999 2065 sibi
2023 2006 2260 2065 debere
2280 2012 2733 2063 testamentum
2758 2006 2976 2065 facere
2995 2050 3013 2075 ‚
3034 2012 3173 2063 tum
3193 2017 3319 2061 vero

543 2109 626 2166 ad
652 2109 866 2166 omnia
894 2108 1204 2167 dementis
1230 2109 1398 2166 bona
1427 2108 1754 2181 pertinere
1787 2103 2302 2165 substitutionem
2326 2102 2393 2178 ⁴).
2428 2108 2736 2181 Quoniam
2766 2121 2924 2164 vero
2939 2102 3077 2164 fieri
3104 2110 3316 2178 potest,

546 2213 619 2265 ut
646 2214 923 2282 uterque
965 2223 1231 2280 parens.
1278 2214 1345 2265 et
1379 2215 1564 2279 pater
1612 2214 1677 2265 et
1705 2213 1944 2274 mater,
1997 2209 2452 2263 testamentum
2494 2206 2731 2262 condat
2774 2206 3094 2271 dementi,
3125 2220 3317 2262 eorum

542 2304 800 2376 quidem
832 2305 1148 2363 bonorum
1189 2303 1438 2361 ratione
1458 2290 1478 2371 ‚¹
1505 2319 1673 2376 quae
1718 2317 1851 2359 non
1891 2319 1928 2360 a
1970 2309 2178 2359 matre
2230 2298 2519 2372 proiecta
2559 2307 2737 2373 sunt,
2770 2298 2971 2373 patris
3021 2302 3317 2359 decretum

546 2401 944 2472 praevalere,
961 2401 1173 2458 verius
1193 2400 1532 2458 dicendum
1554 2400 1810 2457 videtur
1829 2372 1897 2470 ὅ).
1922 2401 2256 2455 Caeterum
2273 2391 2518 2454 tollitur
2528 2396 2632 2468 jus
2645 2411 2719 2453 ex
2730 2396 2851 2455 hac
2871 2397 3313 2465 substitutione,

544 2500 612 2552 et
639 2509 785 2552 cum
815 2491 1155 2567 resipuerit
1187 2496 1480 2563 demens,
1522 2501 1588 2552 et
1618 2500 1883 2552 mortuo
1914 2494 2205 2550 demente
2248 2499 2400 2550 ante
2427 2499 2802 2550 testatorem
2826 2537 2841 2561 ‚
2876 2500 3015 2551 tum
3049 2510 3196 2552 vero
3223 2508 3313 2562 eo,

549 2591 727 2663 quod
759 2591 939 2657 liberi
965 2591 1024 2648 ei
1051 2591 1505 2662 superveniant
1527 2592 1628 2648 vel
1673 2589 1940 2664 fratres,
1985 2602 2267 2661 quorum
2296 2588 2517 2646 haberi
2560 2589 2880 2648 rationem
2924 2591 3317 2664 oportebatin

542 2689 885 2749 heredibus
913 2691 1197 2749 dementi
1227 2691 1627 2749 nominandis
1655 2687 1722 2764 ⁶).

608 2933 657 2991 8)
691 2938 812 2983 Nam
836 2951 862 2979 «t
882 2936 921 2981 si
941 2941 1112 2983 contra
1126 2936 1278 2994 patris
1302 2937 1493 2984 tabulas
1514 2937 1563 2985 b.
1584 2950 1634 2996 p.
1660 2937 1813 2995 petita
1838 2938 1923 2995 sit,
2050 2935 2099 2991 5)
2120 2936 2173 2982 L.
2193 2937 2243 2983 9.
2270 2936 2477 2983 C.·laud.
2501 2937 2584 2992 (cf.
2608 2935 2883 2984 Ztmmern
2927 2938 3056 2984 Arcti.
3074 2937 3111 2983 1.
3132 2937 3216 2982 civ.
3240 2936 3313 2981 Pr,

547 2999 827 3045 substitutio
850 3004 1013 3045 tamen
1036 3001 1288 3057 pupillaris
1310 3006 1477 3046 munet
1501 3014 1526 3041 n
1549 3024 1606 3034 —
1635 3024 1696 3037 --
1720 3033 1733 3045 .
1759 3002 1810 3046 t..
1837 2997 1916 3047 34.
1988 3000 2050 3054 ll,
2071 2997 2190 3055 28).
2210 3022 2275 3032 —-
2297 2999 2456 3057 Neque
2481 3011 2594 3045 vero
2631 3001 2760 3046 idem
2798 3002 2948 3046 statui
2986 3011 3112 3058 posse
3146 2999 3321 3044 videtur

547 3062 597 3107 in
619 3061 654 3107 1.
680 3063 735 3108 L.
757 3059 841 3108 55.
865 3063 918 3107 D.
944 3061 995 3107 Ιι.
1020 3067 1060 3109 t.
1078 3086 1132 3094 —
1158 3064 1352 3109 caeter.
1379 3064 1474 3109 vid.
1501 3064 1553 3108 L.
1577 3061 1656 3108 22.
1674 3064 1794 3109 eod.
1982 3062 2063 3116 jus
2079 3064 2138 3108 de
2159 3061 2255 3118 bis,
2278 3064 2364 3118 qui
2387 3064 2695 3108 intervallum
2716 3063 2915 3122 aliquod
2940 3065 3109 3110 furoris
3129 3062 3320 3108 subinde

612 3121 662 3180 9)
698 3125 748 3170 1..
774 3123 822 3170 2.
848 3125 873 3179 S
899 3125 944 3169 1.
971 3126 1023 3172 D.
1060 3124 1111 3170 Ιι.
1154 3128 1193 3170 t.
1219 3123 1382 3181 (verb.
1401 3138 1423 3169 .·
1449 3140 1474 3166 α
1496 3126 1627 3172 Adeo
1667 3131 1836 3171 autem
1859 3147 1920 3158 -—
1984 3123 2164 3171 babere
2188 3127 2371 3182 solent,
2393 3136 2513 3182 quos
2532 3126 2730 3182 quidem
2749 3137 2868 3184 prae
2889 3132 3095 3171 caeteris
3131 3125 3319 3170 furioso-

550 3191 810 3233 evanescat
834 3187 972 3242 ›·).-
997 3188 1049 3232 1..
1075 3185 1154 3234 10.
1181 3188 1206 3242 S
1237 3184 1284 3232 4.
1305 3186 1421 3233 eod.
1986 3197 2095 3232 rum
2117 3188 2315 3232 nomine
2335 3189 2580 3246 appellare
2600 3188 2757 3233 solent
2795 3187 2811 3237 (
2832 3189 2901 3234 ct.
2922 3191 2947 3245 s
2971 3187 3076 3235 181.
3098 3196 3194 3233 not.
3217 3187 3257 3234 1.
3275 3195 3319 3245 );

614 3245 691 3307 10)
728 3251 783 3293 1..
807 3247 857 3294 2.
880 3249 905 3302 S
930 3246 974 3293 1.
1002 3249 1051 3294 in
1073 3250 1112 3296 1.
1136 3250 1187 3295 L.
1214 3246 1297 3295 12.
1321 3251 1375 3295 D.
1401 3249 1451 3294 Ιι.
1473 3251 1573 3295 1.·-
1594 3249 1646 3295 L.
1673 3246 1754 3295 44.
1777 3250 1831 3295 D.
1854 3248 1923 3296 de
1985 3248 2081 3293 vid.
2103 3251 2284 3295 etenim
2307 3251 2357 3295 L.
2384 3250 2432 3296 9.
2458 3250 2510 3295 C.
2536 3249 2632 3307 qui
2652 3253 2769 3296 test.
2791 3246 2900 3302 fac.
2920 3262 3063 3307 poss.
3086 3259 3099 3306 (
3122 3252 3178 3295 vt
3197 3283 3211 3299 .
3231 3249 3319 3303 ἥ.)

545 3309 735 3365 rejud.
759 3311 919 3368 (xLll‚
940 3311 1072 3368 1.)-
1094 3313 1147 3356 L.
1171 3313 1250 3358 30.
1275 3313 1302 3368 s
1326 3310 1404 3357 10.
1427 3312 1475 3357 in
1495 3311 1533 3357 1.
1559 3312 1614 3359 D.
1639 3311 1707 3357 de
1741 3309 1919 3368 fldeic.
1986 3312 2051 3355 Ac
2070 3314 2227 3356 mutto
2249 3313 2399 3358 etiam
2417 3312 2577 3357 minus
2597 3314 2659 3357 de
2679 3314 2825 3357 mutis
2843 3320 2894 3359 et
2916 3313 3078 3358 surdis
3098 3348 3113 3367 ,
3130 3321 3317 3369 quorun

550 3372 643 3420 tib.
676 3374 792 3430 (XL.
811 3373 881 3429 5.)
1353 3422 1357 3427 ,
1984 3372 2164 3431 quippe
2187 3375 2375 3420 ratione
2398 3379 2536 3419 vetus
2567 3374 2646 3429 jus
2687 3376 2774 3430 (L.
2799 3371 2878 3421 ⁴3.
2920 3389 2994 3433 pr.
3031 3377 3082 3420 D.
3123 3375 3173 3420 Ιι.
3195 3377 3228 3419 1.
3248 3384 3322 3418 sae

617 3432 694 3485 11)
721 3436 770 3480 L.
797 3431 876 3480 17.
901 3434 927 3487 s
952 3435 995 3479 1.
1023 3436 1079 3481 D.
1100 3434 1170 3480 de
1190 3433 1370 3489 adopt.
1388 3434 1452 3494 (1,
1471 3431 1643 3492 7.)«-
1665 3461 1725 3470 —
1742 3446 1926 3480 -cae-
1987 3439 2117 3479 statu
2151 3438 2373 3482 relictum
2394 3443 2484 3482 est.
2512 3461 2571 3469 —
2595 3438 2800 3483 Dissent.
2843 3437 3111 3493 Hefaeker·
3135 3448 3207 3494 pr.
3231 3436 3320 3489 jur.

555 3501 778 3543 terorum
800 3496 1091 3553 (adrogatio)
1120 3496 1426 3554 prohibenda
1443 3530 1457 3554 ‚
1478 3509 1540 3542 ne
1561 3502 1687 3543 esset
1711 3497 1759 3542 in
1783 3501 1922 3554 pote·
1986 3497 2078 3542 civ.
2114 3499 2140 3551 S
2157 3495 2300 3544 15¹9.
2326 3512 2403 3544 nr.
2429 3499 2783 3546 lV.—Weber
2800 3501 2861 3547 ad
2895 3499 3165 3556 Hoept'ner
3180 3500 3206 3554 ς
3222 3495 3321 3544 stt.

556 3564 683 3605 state
706 3564 945 3614 tutorum,
966 3563 1015 3602 et
1031 3559 1173 3605 linire
1188 3561 1390 3604 tutelam
1411 3591 1427 3616 ‚
1449 3562 1497 3604 et
1519 3559 1919 3605 substitutionem
1986 3563 2091 3605 not.
2115 3562 2162 3606 5.
2188 3562 2234 3605 in
2258 3560 2296 3605 1.

553 3631 582 3665 a
605 3626 808 3677 parente
831 3619 1014 3665 tactam
1039 3622 1367 3678 exstinguere.
1392 3643 1449 3651 —
1469 3621 1612 3676 Sunt,
1634 3621 1717 3679 qui
1740 3621 1921 3666 dissen-
2046 3617 2096 3678 4)
2130 3623 2239 3667 Vid.
2274 3622 2420 3669 verba
2447 3638 2458 3668 ε
2481 3621 2867 3679 adeaeempeum
2904 3623 3179 3681 pupillaris
3218 3620 3323 3667 sub-

556 3682 702 3737 tiant,
725 3685 918 3740 propter
934 3683 986 3728 L.
1010 3683 1091 3728 22.
1119 3683 1143 3736 S
1165 3684 1210 3728 1.
1235 3681 1353 3730 eod.
1369 3683 1481 3728 etL.
1498 3682 1575 3729 10.
1599 3681 1692 3738 86.
1720 3686 1771 3729 D.
1795 3684 1919 3740 lc.t.;
1982 3682 2274 3731 stitutionis
2295 3717 2311 3744 ,
2338 3687 2386 3730 in
2406 3690 2612 3741 utraque
2636 3687 2740 3740 lege
2776 3694 2884 3732 not.
2909 3690 2948 3732 “.
2973 3688 3132 3733 obvia.
3154 3689 3209 3731 At
3233 3695 3317 3730 non

563 3745 650 3801 qui
674 3745 876 3801 quidem
899 3745 991 3789 loci
1014 3744 1316 3802 adrogatoris
1339 3746 1490 3802 patris
1521 3745 1923 3791 substitutionum
1984 3745 2078 3790 nisi
2103 3747 2150 3791 in
2171 3759 2279 3792 eam
2300 3748 2540 3794 bonorum
2563 3755 2752 3803 partem
2775 3783 2789 3806 ‚
2825 3761 2954 3806 quae
2975 3761 3003 3795 a
3026 3749 3321 3795 substituente

554 3807 889 3853 faciendarum
906 3807 1189 3852 facultatem
1208 3806 1387 3853 tinibus
1407 3806 1699 3864 quibusdam
1716 3809 1923 3853 circum·
1988 3808 2206 3865 profecta
2240 3811 2303 3854 sit
2316 3843 2331 3860 ,
2372 3809 2475 3854 fleri
2506 3821 2645 3865 posse
2664 3811 3082 3863 substitutionem..
3103 3809 3323 3856 affirmant

559 3869 782 3915 scribunt
804 3903 819 3923 ,
864 3869 1065 3915 minime
1086 3880 1199 3915 vero
1229 3874 1374 3915 antea
1414 3869 1600 3916 factam
1635 3870 1924 3916 servandam
1994 3870 2584 3924 Unterltolznermrcbtv
2609 3871 2644 3915 1.
2665 3869 3325 3926 civitisi.praxi=11.5.sz.2et

554 3941 661 3977 esse
682 3929 1005 3991 praecipiunt.
1994 3932 2159 3979 loetu-
2184 3934 2217 3978 1.
2241 3936 2275 3978 1.
2298 3946 2345 3990 p.
2380 3931 2472 3980 105
2489 3945 2594 3991 sqq.
2621 3957 2677 3966 —
2697 3935 2878 3981 Contra
2917 3947 3041 3993 quos
3083 3935 3177 3980 vid.
3214 3942 3324 3991 quae

550 4006 567 4038 ν.
1995 3995 2187 4052 scripsit
2209 3995 2434 4042 Thibaut
2450 3996 2517 4042 ib.
2544 4009 2591 4053 p.
2612 3993 2708 4041 337
2739 4023 2800 4032 —-
2833 3996 2946 4045 544.
2974 4009 3153 4059 3quem
3177 4005 3322 4042 rurus

1146 4085 1172 4139 ς
1203 4080 1317 4132 675.
1983 4057 2676 4176 ῑο18111ενε913ι11ω111ὡιιῖοςυ·
2695 4059 2836 4166 ΑιτοΙι.
2861 4059 2898 4105 1.
2921 4061 3219 4168 cirdrfrifflx⁹
3237 4057 3324 4164 all⁴

1984 4131 2191 4165 nr...
2313 4143 2369 4153 -
2500 4132 2770 4167 .c.ee
2841 4134 2938 4167 em.

1645 4235 1656 4246 ·
1978 4182 2130 4239 σαψ).
2143 4131 2215 4227 qu
2235 4184 2412 4227 iterum
2433 4180 2723 4229 sententiam
2735 4123 2874 4230 suzhm
2893 4186 3061 4231 solidis
3080 4133 3325 4230 utigr-iim

618 4234 676 4291 (³)
707 4235 733 4289 S
757 4232 803 4281 1.
827 4235 864 4279 1.
888 4233 944 4280 L.
966 4230 1014 4280 9.
1038 4234 1092 4281 C.
1118 4233 1170 4280 Ιι.
1196 4238 1238 4281 t.
1261 4260 1319 4270 —
1347 4238 1399 4284 C.
1424 4239 1480 4284 G.
1509 4237 1729 4285 Modum
1750 4249 1917 4296 opusc.
1983 4241 2202 4290 defendit
2240 4244 2463 4290 Thibaue
2503 4245 2674 4291 Archiv
2717 4247 2758 4292 1.
2799 4249 2895 4292 clv.
2932 4248 3016 4292 Pr.
3063 4250 3121 4292 x.
3161 4247 3237 4292 Νι.
3272 4244 3321 4288 1.

556 4298 915 4343 vicissitudines
940 4297 1310 4344 substitutionis
1351 4302 1643 4359 exemplaris
1660 4300 1816 4358 ejusq.
1840 4312 1920 4347 ve·
1985 4317 2034 4365 p.
2059 4303 2168 4351 217.

558 4369 665 4405 ram
687 4360 901 4405 indolem
924 4359 1198 4430 continens.
1225 4361 1333 4408 Hal.
1362 4359 1504 4408 1775.
1910 4365 1915 4368 ’
2047 4366 2095 4425 5)
2129 4371 2449 4426 nexorum,
2465 4379 2588 4427 quae
2607 4380 2753 4426 supra
2772 4373 2798 4426 ς
2820 4367 2933 4416 516.
2959 4371 3019 4416 ll.
3049 4370 3093 4416 1.
3116 4374 3158 4414 et
3178 4370 3204 4423 ς
3220 4364 3316 4414 m.

623 4421 670 4476 1)
703 4422 820 4467 Nam
843 4431 871 4465 a
913 4419 1189 4491 Justintano
1211 4421 1304 4468 boc
1342 4424 1420 4479 jus
1445 4425 1775 4471 introductum
1810 4432 1923 4485 est,
1988 4432 2166 4475 tradita
2206 4434 2335 4474 sunt.
2382 4433 2477 4477 Sed
2510 4433 2592 4476 alii
2617 4433 2762 4476 aliter
2782 4444 2888 4477 rem
2927 4434 3191 4490 explicant.
3213 4432 3325 4474 vetut

555 4493 667 4528 cum
691 4487 835 4528 antea
857 4494 954 4528 uon
978 4484 1071 4528 nist
1096 4495 1156 4529 ex
1180 4482 1418 4532 beneficio
1441 4487 1697 4544 principali
1739 4489 1923 4536 substi-
1989 4491 2226 4537 Vitenius
2246 4492 2304 4535 ad
2324 4493 2349 4547 ς
2376 4494 2425 4540 1.
2446 4495 2481 4538 l.
2506 4492 2553 4539 h.
2581 4500 2620 4541 t.
2646 4506 2721 4539 nr.
2750 4493 2799 4540 2.
2820 4518 2880 4528 -—
2899 4494 3179 4551 Hoepsner
3196 4494 3323 4538 Con·

558 4548 695 4616 tuere
736 4545 903 4591 liceret
945 4544 1114 4591 liberis
1158 4552 1323 4592 mente
1361 4550 1516 4604 captis
1561 4555 1684 4595 utet
1705 4553 1851 4597 mutis
1877 4556 1926 4596 ct
1988 4561 2141 4600 ment.
2167 4550 2320 4610 3510.
2343 4562 2450 4601 not.
2475 4554 2518 4601 1.
2539 4580 2595 4589 —
2629 4554 2851 4603 rutham
2874 4559 2909 4603 1.
2934 4560 2969 4604 l.
2994 4569 3042 4614 p.
3066 4554 3147 4602 341
3177 4567 3266 4612 ιιι..
3284 4557 3325 4595 ‘¹

557 4604 902 4677 surdum-LA&
924 4617 999 4662 pr.
1023 4608 1076 4652 D.
1097 4606 1148 4651 Ιι.
1175 4610 1212 4653 l.
1989 4615 2327 4674 Haimbet-qer
2362 4617 2536 4663 Archiv
2581 4618 2620 4663 1.
2664 4621 2763 4665 civ.
2813 4621 2891 4664 Pr.
2938 4621 3039 4665 Xll.
3066 4619 3142 4663 Νι.
3180 4614 3322 4661 xvltl.

621 4669 670 4720 2)
704 4669 910 4713 Dissent.
935 4674 1134 4725 propter
1156 4670 1207 4715 l..
1222 4666 1270 4714 7.
1286 4669 1340 4717 C.
1362 4669 1563 4717 ἄεσαν.
1583 4667 1698 4723 sur.
1719 4673 1796 4731 (V,
1817 4671 1922 4722 70.)
1985 4690 2034 4736 p.
2060 4675 2151 4724 254
2169 4690 2295 4736 sqq.;
2319 4678 2427 4736 (qui
2452 4681 2652 4736 quidem
2676 4692 2774 4726 non
2794 4683 2956 4727 valere
2974 4682 3213 4727 existimat
3231 4677 3325 4742 mbf

555 4738 607 4773 v.
655 4729 829 4798 Laeli-r·
844 4730 985 4776 Arch.
1006 4729 1104 4776 t'ur.
1121 4731 1216 4777 civ.
1236 4732 1317 4776 Pr.
1341 4732 1399 4778 V.
1415 4745 1491 4779 nr.
1511 4731 1561 4779 ὅ.
1579 4745 1629 4793 p.
1651 4733 1920 4783 115-120.
1984 4741 2308 4795 stitutionem,
2331 4743 2421 4787 nist
2444 4743 2508 4788 ab
2523 4755 2583 4790 eo
2604 4743 2734 4790 facta
2756 4744 2818 4789 sit
2839 4745 3201 4791 ascendentium
3223 4772 3237 4790 .
3252 4748 3323 4795 qm

561 4790 718 4835 -Sed
757 4792 854 4836 vid.
894 4790 1114 4838 Thibaue
1157 4792 1226 4839 ib.
1271 4804 1323 4851 p.
1361 4792 1456 4842 338
1494 4807 1568 4854 sq.
1593 4821 1649 4829 —
1667 4797 1744 4843 Ct‘.
1775 4799 1923 4845 ettam
1985 4813 2209 4861 supremo
2229 4805 2503 4862 moriatur.)

559 4851 730 4898 Loenr
746 4851 887 4900 Arcb.
912 4850 947 4899 1.
989 4853 1088 4901 civ.
1131 4853 1212 4902 Pr.
1250 4855 1312 4902 lx
1333 4887 1349 4915 ,
1368 4857 1471 4905 Vll.
1497 4870 1574 4905 nr.
1590 4860 1650 4905 ll.
1674 4872 1726 4918 p.
1751 4860 1845 4906 110
1865 4885 1919 4895 -—
2046 4863 2096 4922 6)
2128 4866 2237 4921 Arg.
2279 4866 2332 4911 1..
2374 4864 2456 4913 ⁴3.
2502 4879 2575 4924 pr.
2623 4869 2679 4916 D.
2704 4868 2759 4915 Ιι.
2782 4871 2821 4915 t.
2856 4894 2917 4904 -
2950 4868 3029 4917 Cf.
3053 4865 3265 4914 lechi-l.
3288 4861 3320 4905 l·

566 4911 675 4958 112.
1985 4925 2061 4981 (V.
2078 4939 2155 4974 nr.
2174 4925 2241 4982 ὅ.)
2265 4938 2314 4984 p.
2336 4927 2429 4977 114
2447 4939 2521 4987 sq.
