3544 5506
1468 364 1849 410 rnoonmtm.
2992 365 3067 421 ³3

234 465 356 553 (ob.
384 465 618 536 1799),
651 469 723 525 G.
759 469 912 539 Aug.
948 465 1399 540 Spangenberg
1428 465 1558 540 (ob.
1598 468 1821 540 1806),
1852 469 2003 527 Phil.
2033 471 2195 530 Frid.
2254 473 2416 532 Weis
2446 476 2570 550 (ob.
2607 475 2791 552 1808)
2811 474 2888 552 ²⁵)
2913 523 2931 550 ,
2961 485 3062 541 Jo.

231 560 426 633 Chph.
482 561 661 618 Koch
697 561 829 636 (ob.
869 560 1051 635 1808)
1077 561 1156 634 2⁶)
1183 601 1199 629 ‚
1221 563 1401 618 Gottl.
1430 562 1739 620 Buseland
1764 564 1895 639 (ob.
1940 565 2272 641 1817),Jo.
2304 574 2446 628 Ant.
2502 572 2661 629 Lud.
2693 573 3067 637 Seidenstic-

232 663 345 718 ker
368 661 502 738 (ob.
531 661 757 733 1817),
792 661 1032 733 Adolph
1062 661 1293 718 Dieter.
1328 661 1558 719 Weber
1588 661 1717 737 (ob.
1767 665 1988 738 1817),
2030 667 2168 742 qui,
2198 674 2273 725 ut
2322 669 2513 727 animi
2542 672 2822 731 candore
2845 715 2861 743 ,
2892 675 3065 739 itaet

232 756 469 828 ingenii
490 756 807 814 suavitate
826 762 892 815 et
915 755 1231 814 scribendi
1277 755 1657 829 dicendique
1709 759 2168 833 perspicuitate
2213 763 2382 823 inter
2409 767 2711 839 aequales
2739 771 3065 845 excelluit,

236 858 381 935 Aug.
412 852 613 913 Corn.
645 857 1033 914 Stockmann
1059 856 1188 932 (ob.
1214 853 1516 930 1821)2⁷),
1536 857 1755 919 Christ.
1789 860 1976 917 Gottl.
2004 863 2289 921 Baubold
2331 864 2457 938 (ob.
2478 865 2659 937 1824)
2682 864 2911 941 ²⁸),qui
2937 871 3066 928 ele·-

236 951 571 1025 gantiores
598 952 815 1009 literas
831 951 1324 1023 historicamque
1353 952 1815 1028 interpretandi
1832 954 2144 1016 rationem
2161 974 2197 1016 a
2211 958 2775 1032 jurisprudentiam
2794 965 3066 1024 maximo

235 1067 381 1110 cum
448 1050 667 1109 fructu
723 1050 979 1119 attulit,
1021 1051 1302 1123 alioquin
1362 1051 1615 1110 Weberi
1671 1053 2056 1130 simillimus,
2117 1059 2255 1115 Car.
2309 1058 2476 1117 Frid.
2530 1059 2752 1119 Christ.
2816 1065 3057 1122 Wenck

238 1152 365 1236 (ob.
391 1151 580 1223 1828)
601 1149 704 1221 2⁹),
734 1151 870 1207 Alb.
916 1149 1262 1224 Schweppe
1293 1149 1425 1227 (ob.
1452 1149 1666 1226 1829),
1687 1153 1826 1211 Chr.
1861 1155 2026 1213 Frid.
2056 1157 2254 1214 Gltick
2287 1155 2418 1232 (ob.
2462 1155 2622 1218 1850
2643 1156 2742 1232 ³⁰),
2772 1163 2838 1220 Ε.
2867 1163 3064 1236 Span-

238 1250 522 1321 genberg
563 1248 704 1323 (ob.
744 1244 953 1322 1851).

846 1425 871 1497 §
898 1427 992 1481 22.
1024 1419 1259 1483 ss‘otc'tz'a
1277 1427 1586 1486 litteraria
1607 1429 1784 1491 juris
1808 1430 2008 1486 civilis
2025 1431 2346 1501 „qeneralis
2369 1430 2459 1500 (*).

317 1598 662 1659 Librorum
678 1601 842 1675 juris
876 1601 1071 1660 civilis
1095 1603 1417 1660 delectum
1446 1603 1878 1677 proposituri,
1907 1619 2015 1662 eos
2057 1605 2180 1664 hoc
2213 1607 2470 1680 quidem
2490 1607 2637 1666 loco
2660 1605 3051 1671 omittendos

238 1717 372 1760 esse
408 1717 791 1776 censemus,
825 1703 933 1776 qui
974 1702 1074 1760 vel
1119 1703 1202 1759 ad
1242 1703 1705 1761 Pandectarum
1750 1704 2107 1762 doctrinam
2151 1706 2339 1778 plane
2386 1720 2516 1765 non
2561 1707 2922 1784 pertinent,
2952 1710 3056 1768 vel

245 1803 677 1875 peculiaribus
703 1803 866 1876 jnris
890 1802 1169 1860 materiis
1204 1803 1591 1862 illustrandis
1634 1803 2023 1879 inserviunt,
2055 1804 2291 1878 quippe
2322 1807 2431 1878 qui
2461 1806 2587 1865 suis
2624 1807 2778 1866 locis
2808 1807 3036 1880 singuli

241 1905 797 1962 commemorandi
821 1910 992 1962 sunt.
1017 1907 1249 1961 Eorum
1282 1902 1475 1975 igitur
1499 1904 1807 1962 librorum
1827 1944 1843 1972 ‚
1868 1904 1973 1976 qui
1995 1905 2077 1961 ad
2107 1903 2501 1978 disciplinam
2533 1914 2820 1965 nostram
2844 1922 3044 1978 gene-

237 2003 423 2060 ratim
455 2007 761 2074 spectant
784 2042 799 2067 ‚
829 2006 1106 2073 quatuor
1137 2000 1621 2070 distinguendae
1653 2000 1949 2058 videntur
1971 2001 2201 2058 classes
2235 2017 2251 2057 ε
2285 2000 2489 2074 prima
2508 2044 2525 2071 ‚
2555 2017 2721 2075 quae
2742 2002 3051 2061 editiones

238 2097 519 2170 corporis
558 2095 725 2169 juris
783 2096 1231 2169 complectitur
1262 2113 1280 2170 ;
1334 2096 1617 2153 secunda
1645 2110 1868 2153 eorum
1885 2136 1903 2167 ,
1974 2109 2252 2166 quorum
2303 2102 2602 2154 auctores
2652 2097 2858 2170 ipsum
2891 2097 3054 2175 juris

244 2197 615 2257 lastinianei
662 2203 909 2254 textum
951 2196 1360 2269 interpretati
1404 2200 1598 2270 sunt;
1644 2194 1869 2270 tertia,
1911 2195 1993 2251 ad
2033 2209 2227 2268 quam
2264 2194 2666 2266 Digestorum
2708 2201 3050 2264 systemata

244 2299 659 2374 referuntur3
688 2304 921 2372 quarta
945 2297 1223 2370 denique
1244 2341 1259 2366 ,
1293 2312 1459 2370 quae
1494 2296 1898 2354 miscellanea
1923 2310 2121 2368 opera
2141 2296 2430 2354 continet
2459 2295 2810 2368 eiusmodi,
2834 2294 3063 2367 quibus

240 2401 636 2460 diversorum
678 2405 1019 2458 auctorum
1054 2399 1291 2472 scripta
1327 2399 1598 2457 collecta
1645 2404 1815 2456 sunt.
1867 2400 2005 2454 Jam
2040 2397 2257 2469 itaque
2280 2412 2358 2455 ex
2386 2411 2781 2469 unoquoque
2811 2409 3048 2467 genere

236 2511 345 2554 eos
370 2513 544 2555 nunc
567 2495 1040 2555 recensebimus
1062 2537 1080 2569 ‚
1113 2495 1224 2568 qui
1257 2493 1518 2567 plurimi
1545 2494 1732 2567 pretii
1751 2534 1767 2558 ,
1791 2493 1893 2551 vel
1922 2491 2153 2565 reipsa
2178 2498 2328 2550 sunt
2352 2535 2371 2568 ,
2397 2493 2499 2550 vel
2528 2491 2863 2551 hominum
2911 2491 3053 2562 opi·-

235 2593 437 2652 nione
461 2592 809 2651 habentur.

823 2769 850 2841 §
875 2771 969 2827 25.
1001 2770 1350 2827 Edz‘tz'onum
1373 2768 1608 2842 aliquot
1622 2768 2161 2838 praestantiorum
2187 2766 2374 2822 index·
2401 2766 2494 2835 (¹⁸).

322 2950 476 3003 Cum
495 2947 796 3018 vulqatae
812 2947 1105 3005 editionis·
1123 2942 1464 3018 appellatio
1484 2941 1686 2999 multo
1709 2941 1901 2997 etiam
1923 2939 2125 3011 magis
2148 2939 2442 3011 ambigua
2463 2940 2540 2998 sit
2556 2983 2573 3011 ,
2593 2956 2788 3013 quam
2809 2941 2915 3001 illa
2929 2944 3046 3001 lec-

259 3171 590 3232 25)Saviqn‚r
608 3173 843 3220 zeitschr.
870 3175 947 3220 tur
966 3174 1080 3220 hist.
1103 3175 1156 3220 R.
1176 3173 1327 3218 W.11.
1351 3182 1401 3228 p.
1430 3165 1610 3215 102.-
1672 3165 1939 3224 prodiisset
1965 3161 2111 3221 (Lips.
2135 3160 2276 3210 1821.
2297 3160 2386 3219 8.),
2404 3159 2510 3216 jam
2527 3160 2682 3219 ipsam
2701 3165 2892 3212 curavit
2913 3164 3054 3212 addi-

222 3236 317 3282 Id.
340 3236 391 3281 in
412 3235 615 3292 praerat.
640 3236 752 3282 libri
777 3253 788 3282 :
813 3239 904 3283 Das
927 3237 1073 3283 Recbt
1090 3236 1176 3281 des
1198 3237 1400 3280 Besitzes
1416 3232 1513 3290 (ed.
1530 3232 1607 3277 lv.
1675 3229 2003 3284 tamentisque
2044 3227 2181 3272 auxit
2206 3227 2411 3271 alteram
2444 3225 2711 3271 editionem
2750 3229 2800 3272 C.
2822 3229 2883 3273 E.
2921 3228 3052 3274 Otto.

222 3305 273 3343 et
296 3300 355 3342 V.
378 3299 417 3354 ).

281 3358 365 3411 26)
381 3362 535 3418 Enyo
555 3359 750 3407 civilist.
770 3360 962 3418 Magaz.
976 3360 1151 3406 Bd.vl.
1173 3359 1326 3408 Nr.V.
1349 3370 1397 3416 p.
1416 3353 1477 3403 87
1501 3368 1609 3415 sqq.

285 3421 369 3478 27)
390 3424 563 3481 Voqel
579 3425 614 3468 l.
638 3425 676 3469 l.
698 3426 815 3471 Exc.
835 3425 894 3468 Χ.
921 3435 970 3481 p.
993 3420 1057 3468 56
1078 3433 1184 3482 sqq.

285 3483 367 3542 28)
404 3486 649 3542 opuscula
690 3486 965 3532 academica
1013 3484 1091 3530 ed.
1151 3489 1200 3529 et
1242 3482 1489 3541 praefatus
1533 3484 1609 3527 est

231 3552 283 3595 C.
307 3550 364 3594 t.
384 3550 434 3593 C.
452 3548 689 3601 Wenck.
711 3560 869 3606 eoque
890 3546 1123 3593 defuncto
1145 3547 1202 3592 F.
1227 3547 1279 3592 C.
1305 3547 1362 3591 G.
1385 3542 1604 3590 Stieber.

225 3612 335 3657 Vol.
360 3612 396 3656 1.
415 3612 477 3658 11.
504 3611 632 3668 Lips.
661 3609 805 3668 1825,
830 3607 969 3656 1829.
988 3605 1039 3655 8.

225 3671 368 3782 ΙᾸ29)
382 3674 634 3783 Ιίὶὲιὲωέἰι
669 3673 947 3720 academica
981 3671 1062 3717 ed.
1110 3671 1167 3716 F.
1207 3671 1258 3716 C.
1280 3671 1336 3714 G.
1377 3665 1599 3715 Stieber.

1674 3293 1803 3349 Lips.
1833 3288 1969 3336 1826.
1994 3285 2044 3333 8.
2066 3313 2127 3321 -
2148 3287 2405 3342 Eiusdem
2428 3285 2683 3332 Doctrinae
2701 3289 3055 3337 pandectarum

1675 3357 1974 3401 lineamenta
1998 3361 2111 3396 cum
2134 3350 2250 3396 locis
2274 3348 2683 3403 classicisJ'urisiu
2703 3351 2874 3408 primis
2899 3351 3054 3399 Justi-

1668 3415 1831 3463 nianei
1861 3419 1909 3460 et
1930 3414 2106 3459 selecta
2140 3412 2413 3458 litteratura
2452 3411 2663 3459 maxime
2693 3413 2893 3461 forensi.
2920 3415 3045 3474 Lips.

1672 3474 1937 3526 1820.8.ει
1956 3472 2008 3524 4.
2034 3474 2126 3533 (Cf.
2143 3480 2247 3521 not.
2263 3474 2286 3497 ⁴
2311 3474 2375 3520 ad
2398 3476 2424 3530 s
2441 3469 2541 3531 24.)

2286 3600 2314 3655 S
2333 3595 2414 3644 25.

1727 3708 1791 3787 (⁸)
1811 3728 1980 3773 Hem.
2018 3721 2385 3772 Brenkmanni
2419 3721 2617 3770 historia
2658 3724 3034 3770 Pandectarum.

283 3796 366 3857 50)
388 3800 500 3845 vid.
522 3797 805 3845 Schuncks
824 3795 991 3844 Jahrb.
1011 3795 1098 3841 der
1135 3793 1298 3850 iurist.
1321 3792 1598 3838 Litteratur.
1667 3793 1799 3839 Libr.
1825 3792 1902 3836 ill.
1939 3801 2045 3847 cap.
2077 3787 2151 3833 Ν.
2179 3810 2240 3819 —-
2265 3784 2543 3833 Betthar-di
2566 3781 2725 3832 h'erm.
2760 3787 2856 3841 jur.
2891 3787 2917 3841 ς
2958 3781 3045 3834 86.

225 3861 282 3906 Τ.
299 3863 425 3909 xvi.
449 3874 501 3920 p.
529 3858 598 3906 95
617 3872 723 3919 sqq.

856 3959 883 4015 S
912 3954 992 4003 22.

286 4054 349 4110 (Ἶ
375 4052 608 4100 Martini
637 4047 842 4107 Lipem'i
873 4049 1167 4096 bibliotheca
1196 4046 1340 4093 realis
1364 4044 1577 4100 juridica
1595 4078 1611 4102 ‚

225 4122 331 4174 post
353 4119 445 4164 Fr.
461 4116 620 4162 Gom.
636 4111 837 4161 Struvii
847 4116 895 4158 et
909 4111 1126 4158 Goetlob.
1141 4115 1281 4169 Auq.
1306 4106 1609 4156 Jeniclzenii

228 4191 370 4223 curas
388 4204 448 4213 —-
473 4178 643 4225 multis
669 4175 1029 4222 accessionibus
1053 4180 1216 4221 aucta.
1241 4173 1300 4218 T.
1326 4174 1360 4224 l.
1383 4172 1442 4217 11.
1478 4170 1606 4228 Lips.

228 4236 374 4287 175⁷.
411 4241 501 4287 fol.
534 4241 848 4285 Accesserant
898 4238 1234 4294 supplementa
1255 4233 1311 4284 1)
1345 4236 1431 4280 Fr.
1464 4234 1605 4289 Auq.

227 4302 449 4350 Schotti.
464 4303 530 4348 th.
553 4299 696 4348 1775.
715 4301 773 4361 ῖς
786 4300 836 4359 2)
852 4300 1112 4347 nemean
1137 4300 1205 4345 de
1222 4293 1607 4351 Senekenberq.

227 4362 452 4412 ih.1789.
469 4366 527 4426 §.3
546 4362 597 4421 5)
626 4364 757 4412 Lud.
775 4362 902 4409 God.
925 4359 1161 4409 Madilm.
1178 4353 1615 4415 vratislav.(1816.

225 4431 365 4485 sqq.)
389 4428 472 4475 fol.
496 4452 557 4461 -
579 4429 744 4473 Bur-c.
767 4424 941 4473 Gotm.
964 4422 1168 4469 Str-uvi!
1188 4420 1488 4469 bibliotheca
1507 4417 1608 4473 Jur.

222 4493 441 4546 selecta,
462 4493 539 4536 ed.
570 4491 833 4539 Vlll.cura
868 4485 989 4533 Chr.
1030 4486 1185 4532 Gom.
1228 4483 1452 4529 Budert.
1501 4480 1608 4527 Jen.

224 4549 373 4599 1756.
396 4550 445 4599 8.
459 4578 518 4586 -
536 4554 599 4598 Ε.
629 4552 751 4598 clar.
772 4547 1059 4603 Westplzal
1074 4549 1332 4607 systemat.
1348 4543 1611 4599 Anteitung

224 4626 319 4661 zur
339 4617 602 4661 Kenntniss
628 4614 719 4660 der
742 4614 911 4659 besten
936 4609 1119 4658 Bucher
1155 4610 1206 4656 in
1239 4610 1326 4655 der
1350 4606 1610 4662 Rechtsge·

220 4678 484 4730 tatu-theu.
502 4678 584 4723 ed.
602 4674 660 4722 ὅ.
683 4676 849 4733 Leipz.
873 4670 1013 4719 1791.
1037 4669 1084 4719 8.
1104 4697 1164 4705 -
1181 4670 1368 4718 Christ.
1394 4665 1615 4716 Gotmeb

220 4739 490 4789 Banbold
505 4739 870 4786 institutionum
893 4735 1013 4792 iuris
1036 4735 1238 4781 Romani
1261 4732 1435 4791 privati
1462 4732 1614 4777 bisto-

220 4803 751 4861 rico-dogmaticarum
794 4801 1088 4846 lineamenta
1115 4832 1129 4855 ‚
1187 4793 1603 4844 observationibus

1680 3878 1742 3887 ——-
1768 3852 1997 3900 Thibaut
2014 3848 2206 3897 civilist.
2226 3847 2469 3895 Versuche
2491 3852 2540 3905 Ι,
2561 3846 2638 3895 14.
2664 3848 2816 3904 (uber
2837 3848 2937 3892 und
2960 3849 3052 3894 wi-

1679 3916 1767 3962 der
1783 3916 1861 3963 die
1880 3911 2247 3972 gewohulicben
2266 3908 2466 3968 Begrisse
2489 3913 2540 3956 in
2563 3910 2821 3966 Ansehung
2843 3909 2930 3954 der
2949 3919 3055 3954 ver-

1679 3980 1970 4025 schiedenen
1988 3975 2243 4031 Ausgaben
2264 3974 2351 4019 der
2375 3974 2651 4021 pandecten
2682 3982 2731 4016 u.
2776 3970 3042 4027 Novellen).

1678 4066 1741 4076 ·—-
1767 4038 2045 4088 Schrader
2065 4035 2452 4092 abhandlungen
2471 4047 2559 4081 aus
2584 4036 2633 4081 d.
2657 4031 2915 4080 Civilrecbt
2937 4033 2985 4090 1,
3002 4031 3052 4081 6.

1674 4104 1830 4162 (uber
1847 4102 1956 4148 eine
1977 4112 2102 4148 neue
2135 4097 2488 4154 Handausgabe
2510 4096 2596 4141 des
2614 4094 3053 4144 Justinianeischen

1672 4164 2043 4221 Gesetzbuchs).
2082 4184 2140 4195 —--
2171 4159 2260 4207 Id.
2284 4158 2405 4207 uber
2441 4157 2781 4213 Berichtigung
2802 4158 2851 4204 d.
2874 4159 3051 4204 Textes

1671 4230 1757 4275 der
1778 4238 1891 4274 zum
1916 4237 2050 4284 corp.
2070 4223 2171 4279 jur.
2210 4222 2363 4268 civilis
2405 4220 2666 4277 geborigen
2687 4219 3049 4267 Rechtsbucher

1673 4289 1751 4345 (in
1775 4288 2015 4346 Huqom's
2038 4286 2229 4333 civiltst.
2266 4283 2390 4343 Mag.
2415 4282 2500 4336 Ν,
2525 4280 2601 4330 14.
2630 4293 2677 4339 p.
2700 4277 2794 4328 459
2818 4307 2878 4316 --
2897 4280 3050 4340 461).

1674 4373 1736 4385 -
1756 4350 1918 4397 Glzick
1939 4349 2216 4403 Einleitung
2238 4345 2286 4390 in
2305 4346 2390 4392 das
2412 4345 2637 4392 Studium
2662 4343 2747 4388 des
2775 4344 2918 4391 Rom.
2946 4346 3053 4392 Pri-

1674 4413 1921 4459 vatrecbts
1944 4423 1990 4469 p.
2014 4408 2109 4458 509
2126 4432 2188 4442 -
2204 4404 2315 4453 551.
2339 4432 2398 4441 ·-
2417 4406 2691 4454 Schrader
2705 4405 2942 4457 Abhandl.
2965 4420 3056 4455 aus

1673 4478 1787 4522 dem
1805 4473 2064 4521 Civilrecht
2097 4472 2157 4530 ll,
2182 4473 2227 4516 7.
2255 4469 2388 4525 (Alte
2411 4470 2598 4515 Drucke
2637 4469 2723 4512 der
2760 4469 2930 4514 Tbeile
2970 4471 3056 4516 des

1672 4550 1807 4597 corp.
1826 4538 1950 4593 juris
1965 4536 2140 4591 civilis,
2159 4533 2289 4579 ihrer
2307 4530 2840 4580 Verwandtschaftund
2859 4532 3052 4581 innerm

1674 4600 1877 4647 werthe
1897 4599 2023 4645 nach
2043 4596 2333 4646 betrachtet.
2350 4595 2367 4650 )
2382 4619 2441 4628 —
2462 4590 2841 4652 Spanqenberq
2858 4593 3057 4644 Einleit.

1675 4664 1728 4709 in
1749 4664 1836 4709 das
1859 4663 1997 4707 Rom.
2039 4659 2220 4707 sustin.
2265 4656 2570 4704 Rechtsbuch
2595 4668 2642 4713 p.
2666 4649 2761 4701 045
2776 4652 2967 4703 -950,
2991 4681 3052 4693 —·

1676 4724 1970 4772 Prodromus
1980 4721 2193 4782 corporis
2201 4720 2454 4777 jur.civilis
2466 4731 2492 4764 a
2504 4717 2826 4778 Solu-adera,
2836 4717 3048 4778 δῖοι-εἰσ,

1672 4786 1867 4843 ΤαΓεΙὶο
1899 4786 2093 4832 edendi.
2116 4784 2269 4831 Berol.
2298 4780 2437 4831 1823.
2456 4778 2630 4827 8.--G.
2649 4777 2705 4825 J.
2732 4780 2790 4825 L.
2816 4780 2957 4829 Beclc
2977 4780 3053 4827 in-

221 4868 443 4913 maxime
473 4864 728 4912 litterariis
772 4861 1017 4908 distincta.
1057 4854 1346 4918 Lips.1814.
1386 4853 1435 4902 8.
1459 4854 1605 4910 Cuius
1667 4851 1764 4898 dic.
1788 4849 1905 4897 Cod.
1939 4852 1989 4895 et
2028 4847 2232 4895 edition.
2264 4844 2365 4901 jur.
2406 4841 2697 4892 Justinianei
2737 4841 3047 4899 prodromus.

223 4930 425 4990 quidem
481 4928 631 4986 libri,
674 4936 797 4972 cum
839 4922 1016 4970 novae·
1042 4921 1268 4969 editionis
1320 4920 1608 4980 prodromus

1671 4914 1797 4972 Lips.
1822 4908 1963 4960 1825.
1984 4906 2034 4959 8.

2680 5001 2721 5060 5
