3544 5506
477 325 559 383 68

474 466 623 511 men
653 451 818 515 lianc
846 448 911 509 in
940 467 1078 509 rem
1108 447 1395 509 ineunda
1416 466 1553 510 esse
1581 446 1838 509 videtur
1873 445 1976 507 via
2004 464 2080 507 ac
2101 444 2287 506 ratio.
2329 450 2467 507 Una
2486 491 2502 519 2
2545 463 2671 521 qua
2692 491 2709 522 ,
2753 444 2908 520 quid
2955 446 3256 523 scriptum

473 544 838 620 dictumque
861 542 962 617 sit,
998 562 1072 605 ex
1100 562 1201 623 ea,
1241 562 1408 619 quae
1455 562 1573 620 per
1606 561 1673 605 se
1717 544 1927 604 verbis
1965 540 2119 602 inest
2174 539 2653 615 significatione,
2687 550 2831 602 tum
2860 559 2938 601 ex
2963 540 3264 604 orationis

473 653 797 705 structura
843 652 911 704 et
956 645 1353 705 connexione
1394 641 1757 705 deliniatur.
1806 646 2053 712 Altera,
2101 658 2269 716 quae
2314 645 2393 701 ad
2443 637 2784 701 voluntatis
2827 639 3262 715 quaestionem

472 745 807 804 reserenda
837 750 954 819 est,
987 752 1123 803 tum
1152 760 1311 804 vero
1346 742 1617 805 maxime
1655 746 1722 803 in
1743 740 1898 821 legis
1938 739 2191 802 ratione
2225 748 2291 800 et
2329 742 2723 814 exquirenda
2753 748 2818 798 et
2848 739 3263 814 ponderanda

470 848 783 900 versatur.
825 845 1068 901 Vocant
1098 837 1271 899 illam
1289 842 1795 913 qrammatt'cmm
1829 840 1994 897 hanc
2024 837 2286 910 loyt'cam
2334 831 2930 911 interpretationem
2953 834 3015 909 ¹).
3049 841 3263 915 Quam·

468 939 562 1002 vis
586 951 800 1002 autem
845 958 945 1012 ea,
979 958 1145 1016 quae
1180 960 1217 1000 a
1257 935 1670 1014 grammatica
1697 937 1951 999 ratione
1988 939 2280 1006 ducitur,
2336 939 2540 997 omnis
2585 935 3132 1011 interpretationis
3172 946 3263 998 est

473 1046 669 1112 caput
692 1055 768 1097 ac
792 1038 1279 1097 fundamentum
1349 1029 1422 1110 2),
1449 1038 1741 1109 adeoque
1781 1032 1891 1094 ubi
1934 1037 2281 1094 verborum
2329 1030 2643 1093 sententia
2672 1031 2935 1107 probari
2976 1041 3181 1108 potest
3205 1042 3267 1094 et

473 1136 669 1193 verba
691 1137 932 1193 nullam
969 1135 1209 1193 habent
1235 1128 1735 1208 ambiguitatem,
1769 1149 1807 1191 a
1831 1148 2019 1191 sensu
2046 1128 2278 1190 literali
2301 1132 2596 1189 standum
2629 1138 2746 1205 est,
2763 1148 2884 1191 nec
2910 1133 3038 1189 ulla
3055 1132 3264 1189 volun-

474 1227 624 1289 tatis
644 1232 1016 1305 conjectura
1065 1230 1457 1288 admittenda
1479 1225 1561 1303 Ἣ
1587 1235 1828 1301 tamen,
1860 1228 2160 1300 quoniam
2185 1243 2261 1285 ex
2280 1222 2706 1286 imbecillitate
2736 1228 3011 1286 humana
3028 1223 3265 1299 lingua-

487 1342 762 1400 rumque
785 1328 1056 1400 penuria
1084 1321 1336 1399 saepius
1360 1326 1453 1396 fit,
1479 1330 1553 1381 ut
1588 1319 2002 1383 scribentium
2028 1326 2386 1382 voluntates
2415 1320 2622 1383 minus
2652 1325 2839 1398 plene
2862 1341 2938 1382 ex
2970 1325 3103 1382 sola
3130 1339 3268 1381 ver-

481 1423 719 1481 borum
778 1416 1310 1495 interpretatione
1392 1415 1727 1493 capiantur
1749 1463 1766 1492 ‚
1824 1415 1981 1478 illud
2049 1415 2354 1491 efficitur,
2423 1422 2597 1493 quod
2652 1417 3029 1493 quibusdam
3084 1419 3265 1479 valde

490 1518 840 1576 abhorrere
894 1534 932 1576 a
993 1533 1147 1576 vero
1198 1512 1450 1575 videtur
1495 1513 1579 1589 ⁴),
1637 1523 1710 1573 ut
1755 1511 2171 1588 grammatico
2218 1512 2682 1590 interpretandi
2728 1512 2947 1589 generi
2994 1519 3262 1575 alterum

477 1609 761 1686 adjungi,
793 1614 965 1685 quod
993 1615 1075 1670 ad
1105 1607 1448 1670 voluntatis
1476 1609 1914 1685 conjecturam
1971 1607 2364 1684 potissimum
2393 1610 2712 1685 pertineat
2733 1657 2752 1691 ,
2794 1630 3051 1673 necesse
3077 1609 3156 1671 sit
3192 1609 3259 1685 ⁵).

484 1709 680 1767 Multo
708 1724 864 1767 vero
897 1710 1105 1766 minus
1132 1709 1212 1766 de
1240 1722 1319 1765 eo
1347 1702 1560 1767 licebit
1589 1701 1894 1783 dubitari,
1937 1702 2176 1766 scilicet
2215 1703 2424 1767 verbis
2454 1705 2674 1783 utique
2701 1707 3079 1768 sententiam
3117 1708 3266 1781 legis

480 1811 629 1863 ante
656 1820 790 1863 esse
816 1805 1178 1877 ponendam
1204 1800 1270 1877 ῆι
1305 1819 1454 1862 nam
1485 1798 1660 1875 prior
1681 1817 1757 1860 ac
1784 1797 2105 1876 potentior
2142 1809 2263 1895 est,
2296 1821 2489 1878 quam
2516 1822 2659 1876 vox,
2689 1822 2867 1865 mens
2895 1802 3160 1865 dicentis
3189 1808 3260 1881 ⁷).

475 1908 827 1978 Caeterum,
862 1922 1009 1965 cum
1036 1920 1156 1963 usu
1185 1905 1441 1977 quidem
1466 1906 1633 1962 duae
1673 1904 1793 1961 hae
1831 1898 2293 1977 interpretandi
2334 1904 2580 1964 formae
2610 1906 2987 1980 plerumque
3013 1902 3180 1965 inter
3199 1923 3264 1965 se

477 1995 601 2059 sint
640 2008 827 2075 aptae
854 2002 1184 2074 alteraque
1230 1996 1297 2058 in
1343 2002 1612 2059 alteram
1662 1994 2003 2076 implicata,
2046 2015 2279 2071 genere
2315 2007 2530 2059 tamen
2572 2009 2638 2061 et
2674 2005 2966 2062 doctrina
2996 2019 3104 2061 eas
3131 2018 3265 2061 esse

475 2102 785 2173 diversas,
811 2103 876 2161 id
899 2144 914 2175 ‚
962 2098 1071 2176 qui
1109 2103 1304 2161 modo
1332 2097 1670 2174 diligenter
1725 2099 2059 2174 utriusque
2091 2107 2389 2159 naturam
2430 2098 2829 2181 cognoverit,
2880 2103 3061 2163 facile
3093 2104 3267 2161 intel·

474 2192 645 2268 liget.

1261 335 1419 378 PARS*
1452 335 1594 379 ΕΒΗ.
1636 335 1753 378 m.
1797 337 1845 378 1.
1885 336 1961 378 DE
1997 335 2169 379 mm
2207 337 2514 379 BOMIBUS.

861 2375 1000 2447 §59-
1028 2374 1084 2443 b)
1113 2375 1531 2432 Grammatica
1567 2375 2010 2442 zmemretateo·
2072 2382 2125 2448 α)
2142 2377 2453 2435 Orationis
2488 2380 2851 2438 obscuritas.

552 2540 774 2616 Scripti
824 2542 1180 2604 obscuritas
1230 2553 1344 2605 aut
1387 2563 1463 2607 ex
1511 2544 1923 2609 scribentium
1991 2564 2214 2608 errore
2262 2545 2581 2619 nascitur,
2642 2556 2756 2609 aut
2805 2566 2883 2607 ex
2920 2551 3265 2608 verborum

472 2639 678 2718 positu
733 2643 798 2717 ¹),
866 2651 976 2703 aut
1030 2650 1105 2704 ex
1150 2662 1271 2705 usu
1326 2651 1673 2709 verborum
1728 2651 2166 2710 obsoletorum
2206 2691 2222 2721 ,
2273 2652 2720 2722 barbarorum,
2770 2647 3265 2724 incognitorum,

1088 2905 1213 2964 858.

526 3028 574 3085 1)
611 3027 836 3078 Τήὶὸααι
867 3032 1078 3090 logische
1114 3034 1390 3092 Auslegung
1411 3036 1437 3090 S
1468 3031 1519 3079 3.
1541 3033 1837 3089 -Quocum

464 3092 660 3138 nomine
678 3094 872 3151 quidem
915 3096 1243 3154 dissentiunt,
1285 3109 1337 3142 re
1380 3098 1480 3155 ipsa
1524 3095 1836 3142 consentiunt

466 3154 692 3201 Habner
713 3158 746 3201 l.
768 3158 802 3203 l.
827 3158 852 3211 s
875 3159 950 3204 12.
977 3161 1025 3203 et
1045 3157 1224 3216 Lanye
1246 3161 1272 3215 ς
1292 3157 1374 3207 44.
1393 3159 1533 3203 -De
1556 3158 1680 3214 aliis,
1700 3169 1828 3215 quae

460 3217 709 3274 quondam
745 3231 773 3264 a
806 3221 933 3266 JCtis
964 3221 1316 3268 recentioribus
1356 3218 1828 3269 circumferebantur

462 3279 819 3338 interpretandi
839 3282 1008 3327 formis
1032 3283 1048 3342 (
1070 3283 1197 3328 velut
1218 3281 1516 3342 dialeclica,
1543 3281 1827 3346 rhetorica,

461 3339 732 3402 historica,
782 3345 1025 3404 poetica,
1081 3339 1441 3406 arithmetica,
1477 3343 1828 3405 qeometrica,

457 3401 934 3511 {agneo-medica,
966 3406 1079 3464 etc.)
1134 3407 1231 3458 vid,
1274 3411 1496 3456 For-ster
1530 3408 1564 3453 l.
1588 3408 1621 3453 l.
1665 3405 1772 3455 Lib.
1799 3409 1835 3454 l.

504 3499 515 3510 .
574 3480 714 3525 ,σαψ

1899 2908 2101 2965 tatione,
2124 2911 2212 2955 aut
2226 2905 2517 2954 voluntatis
2545 2906 2860 2960 conjectum
2880 2905 3178 2951 continetur.
3205 2921 3229 2945 a
3254 2905 3270 2957 )

1902 2972 2019 3018 -L.
2042 2969 2127 3017 96.
2152 2972 2206 3016 D.
2225 2970 2293 3016 de
2311 2979 2416 3028 req.
2429 2970 2548 3023 jur.
2578 2967 2687 3024 (uln
2705 2967 2946 3025 ambiguis
2964 2967 3267 3014 orationibus

1896 3033 2108 3080 maxime
2128 3033 2366 3079 sententia
2378 3031 2638 3089 spectanda
2661 3036 2734 3075 est
2756 3030 2881 3088 ejus,
2898 3032 2980 3088 qui
2997 3042 3078 3075 eas
3098 3036 3275 3087 protu-

1900 3096 2188 3154 iisset.1›)-
2205 3096 2256 3141 L.
2280 3092 2329 3140 6.
2355 3096 2380 3150 S
2404 3095 2451 3138 1.
2477 3095 2531 3139 D.
2556 3094 2624 3140 de
2643 3092 2712 3140 V.
2734 3093 2787 3139 S.
2813 3091 3273 3150 ‹tverbumex1e9i·

1889 3156 1989 3204 bus
2016 3158 2083 3204 sic
2103 3155 2441 3214 accipiendum
2464 3161 2556 3216 est,
2597 3159 2699 3201 tam
2719 3165 2777 3201 ex
2801 3156 2964 3212 legum
2997 3156 3270 3214 sententia,

1890 3231 2038 3279 quam
2061 3231 2121 3265 ex
2143 3219 2318 3265 verbis.
2336 3233 2360 3259 n

1954 3280 2002 3339 6)
2041 3281 2140 3328 Cic.
2178 3294 2251 3326 or.
2276 3292 2362 3339 pro
2382 3281 2588 3327 Caecina
2611 3280 2716 3336 (per
2737 3282 2826 3327 tot.
2851 3279 3048 3337 inprim.
3067 3290 3115 3324 c.
3143 3275 3266 3323 18-

1893 3343 1995 3402 22.)
2011 3346 2236 3390 —Auct.
2255 3342 2578 3389 adHerenn.
2600 3341 2658 3400 ll,
2671 3341 2749 3387 10.
2763 3342 2809 3398 (ιι
2821 3341 3057 3398 dicemus,
3072 3342 3271 3386 calum-

1901 3406 2101 3452 niatoris
2121 3417 2224 3451 esse
2246 3404 2480 3463 officium,
2501 3405 2648 3451 verba
2675 3409 2724 3449 et
2744 3406 2906 3450 literas
2927 3406 3080 3461 sequi,
3104 3404 3272 3460 negli-

1900 3480 2012 3525 gere
2034 3468 2401 3525 voluntatemm)
2433 3469 2561 3514 -Α,
2587 3464 2779 3513 Gellius
2803 3472 2931 3512 noct.
2952 3472 3042 3511 att.
3068 3464 3148 3511 xl.
3183 3464 3269 3509 12.

528 3526 579 3586 Ξ)
609 3533 676 3576 A.
719 3530 775 3576 J.
798 3525 1016 3576 Ernesti
1051 3541 1140 3588 pro
1180 3532 1501 3587 grammatica
1545 3532 1838 3591 interpreta-
1900 3533 2060 3591 (auec
2090 3531 2223 3577 aliud
2244 3530 2338 3575 dici
2376 3530 2524 3575 videri
2553 3528 3279 3586 deheuquamquodsedicere

462 3589 631 3699 ἱίοὲῗθ
661 3592 850 3649 (opusc.
895 3591 1129 3651 philolog.
1170 3594 1283 3640 crit.
1344 3596 1497 3653 Lugd.
1552 3596 1655 3644 Bat.
1690 3593 1834 3644 1764.

464 3664 517 3712 p.
645 3656 790 3712 sqq.).

527 3714 578 3774 ὅ)
614 3715 714 3763 Cic.
756 3715 817 3761 de
838 3715 1023 3763 invent.
1047 3710 1199 3777 11,st
1216 3718 1391 3768 (acum
1408 3719 1640 3776 scriptum
1659 3723 1827 3778 aperte

463 3779 547 3834 tlt,
569 3777 850 3833 -judicem
867 3780 958 3835 legi
982 3791 1178 3836 parere,
1202 3791 1299 3827 non
1330 3782 1641 3838 interpretari
1666 3782 1827 3839 legem

463 3840 931 3900 oimrtere.»)—-1..1.
955 3839 1070 3896 520.
1085 3844 1139 3888 D.
1162 3843 1229 3888 de
1257 3837 1575 3891 exercitoria
1594 3844 1822 3891 actione.

462 3901 675 3962 (xlv,1.)
689 3903 734 3961 (κ
758 3905 809 3948 ln
830 3915 882 3949 re
904 3903 1050 3949 dubia
1069 3905 1240 3951 melius
1254 3912 1348 3960 est,
1369 3907 1526 3951 verbis
1549 3907 1695 3953 edicti
1716 3918 1820 3952 ner-

463 3964 648 4026 vire.›»)
699 3967 819 4013 —1„
855 3963 934 4011 25.
957 3968 982 4022 s
1003 3965 1048 4010 1.
1090 3969 1144 4013 D.
1168 3966 1237 4013 de
1268 3968 1428 4027 quat.
1452 3967 1500 4014 5.
1546 3968 1591 4026 (a
1613 3970 1731 4014 Cum
1766 3968 1820 4014 in

461 4028 621 4074 verbis
662 4030 797 4075 nulla
840 4028 1133 4086 ambiguitas
1169 4034 1270 4089 est,
1302 4043 1402 4076 non
1444 4030 1590 4078 debet
1624 4030 1818 4078 admitti

461 4090 720 4136 voluntatis
736 4092 973 4148 quaestio.
993 4105 1017 4133 »υ
1042 4093 1175 4150 )—1..
1195 4091 1277 4140 69.
1295 4105 1368 4151 pr.
1395 4093 1513 4140 eod.
1529 4117 1588 4126 --
1607 4093 1681 4139 Gt.
1708 4096 1817 4139 Au-

463 4151 626 4259 οιοὲἱέ
664 4153 920 4259 Beiigtbeil.
965 4155 1050 4201 des
1092 4154 1407 4204 stadelschen
1448 4155 1831 4213 Beerbungstallo

464 4224 514 4271 p.
647 4237 708 4247 —
734 4228 765 4259 o
802 4248 815 4260 .

526 4273 575 4333 4)
610 4277 732 4322 Sunt
750 4278 907 4336 enim,
929 4278 1013 4336 qui
1043 4289 1239 4326 omnem
1260 4280 1711 4338 interpretationem
1729 4292 1833 4326 esse

463 4340 832 4395 grammaticam
843 4338 1508 4400 contendant,velutEr-nesti
1528 4345 1562 4389 l.
1588 4343 1834 4391 l.—Back

464 4400 694 4458 unparth.
728 4399 882 4449 Kritik
899 4404 982 4449 ub.
1018 4404 1181 4459 jurist.
1225 4406 1468 4452 Schriften
1503 4408 1585 4453 Bd.
1618 4407 1763 4452 ll.St.
1790 4407 1827 4451 l.

463 4474 515 4521 p.
539 4462 588 4508 9.
614 4487 670 4496 -—
694 4464 770 4509 cf.
800 4467 878 4512 W
876 4466 1011 4512 ench
1027 4467 1193 4520 jur-ist.
1221 4469 1573 4527 Encyklopadie
1590 4471 1616 4525 3
1639 4464 1746 4513 157.
1768 4490 1844 4500 -ι

463 4527 642 4572 Contra
662 4528 1130 4575 veroSclzoemanus
1141 4541 1240 4576 non
1259 4542 1361 4576 esse
1380 4532 1835 4589 interpretationem

463 4588 717 4646 opinatur,
741 4591 828 4635 nisi
842 4591 1066 4649 logicam,
1086 4593 1122 4637 l.
1146 4594 1181 4638 l.
1206 4605 1255 4650 p.
1280 4591 1361 4640 87.

527 4647 576 4707 5)
611 4651 732 4698 Hine
772 4658 865 4710 est,
916 4654 1047 4710 quod
1091 4656 1230 4700 toties
1268 4656 1431 4714 scripti
1475 4667 1533 4701 ac
1571 4657 1834 4704 voluntatis

462 4715 814 4760 controversiae
840 4715 969 4772 apud
995 4713 1310 4780 Ciceronem,
1323 4719 1608 4765 Auctorem
1633 4720 1709 4766 ad
1723 4722 1835 4766 He·

464 4774 710 4823 renatum
729 4778 944 4835 aliosque
977 4786 1161 4825 veteres
1187 4782 1443 4838 scriptores
1466 4781 1647 4828 mentio
1667 4782 1826 4838 injici-

463 4839 704 4886 tur.—Ct’.
734 4840 977 4900 Quinctil.
1003 4840 1115 4888 inst.
1141 4854 1216 4889 or.
1231 4845 1332 4901 xll,
1350 4842 1399 4888 2.
1415 4843 1461 4899 (u
1472 4847 1692 4900 quaestio
1705 4844 1828 4900 ‚iuris

465 4903 626 4950 omnis
645 4907 733 4950 aut
754 4903 1035 4952 verborum
1052 4903 1491 4964 proprietate,aut
1508 4908 1651 4964 aequi
1668 4908 1829 4967 dispu·

1901 3592 2119 3649 sentitis,
2137 3594 2219 3650 qui
2244 3592 2440 3649 dicitm)
2459 3593 2580 3638 -1..
2605 3589 2683 3637 17.
2711 3593 2767 3637 D.
2789 3590 3028 3650 deleqib.
3063 3590 3119 3647 (u
3133 3590 3272 3636 Scire

1888 3658 2020 3715 leges
2039 3667 2137 3701 non
2159 3660 2231 3700 est
2248 3654 2396 3700 verba
2412 3665 2580 3700 earum
2604 3658 2786 3712 tenere,
2811 3655 2894 3699 sed
2914 3664 3010 3698 vim
3029 3665 3085 3698 ac
3107 3658 3272 3710 potes·

1888 3721 2119 3773 tatem»)
2143 3742 2199 3749 —-
2223 3718 2275 3763 L.
2302 3714 2380 3762 19.
2422 3718 2479 3763 D.
2515 3717 2591 3764 aa
2603 3716 2890 3764 exhibend.
2912 3718 2990 3772 (x,
3008 3713 3112 3772 4.)(
3137 3729 3164 3757 κ
3208 3738 3272 3749 --

1888 3794 1988 3828 non
2006 3781 2315 3839 oporterejus
2333 3778 2472 3825 civile
2495 3781 2778 3826 calumniari
2802 3790 2959 3837 neque
2981 3780 3128 3824 verba
3151 3790 3272 3835 cap-

1889 3845 2001 3900 tari,
2023 3848 2108 3890 sed
2131 3852 2228 3901 qua
2269 3845 2431 3886 mente
2452 3842 2570 3898 quid
2591 3843 2836 3888 diceretur
2878 3841 3270 3887 animadvertere

1884 3908 2160 3952 convenire.
2180 3905 2340 3962 ›·)-1..
2378 3904 2456 3951 13.
2492 3906 2519 3960 s
2551 3905 2598 3952 2.
2634 3905 2684 3950 in
2719 3915 2784 3950 m.
2821 3906 2875 3950 D.
2910 3903 2979 3950 de
3010 3906 3265 3951 excusae.

1942 4003 2127 4090 7)1..’·1‘.
2149 4030 2233 4085 52.
2255 4027 2392 4076 nde
2409 4029 2727 4087 supellectile
2736 4026 3270 4089 tequea.(xxx111‚1o.)

2517 4157 2543 4212 S
2559 4152 2642 4203 59.

1960 4281 2004 4339 1)
2025 4279 2239 4336 Exempl.
2284 4278 2384 4326 vid.
2413 4290 2494 4338 ap.
2538 4279 2778 4328 Cicer-on.
2803 4280 2864 4327 de
2885 4280 3066 4326 invent.
3089 4279 3160 4338 11,
3182 4275 3269 4325 4⁰.

1897 4344 2091 4390 «Heres
2119 4352 2254 4389 meus
2286 4345 2424 4390 uxori
2459 4354 2597 4388 meae
2646 4354 2869 4390 vasorum
2917 4347 3271 4399 argenteorum

1894 4408 2055 4462 pondo
2075 4410 2290 4459 centum,
2312 4417 2455 4462 quae
2474 4405 2612 4451 volet
2655 4406 2785 4452 dato.
2810 4424 2831 4447 n
2845 4406 2977 4451 -Οἱ
2999 4406 3158 4451 Λυσι.
3194 4404 3276 4451 ad

1895 4470 2133 4514 Her-ena.
2158 4468 2224 4525 (l,
2268 4467 2521 4525 ¹2.)-1..
2560 4439 2636 4514 ff.
2677 4480 2751 4525 pr.
2788 4471 2842 4515 D.
2881 4469 2949 4514 de
2983 4467 3094 4513 reb.
3130 4466 3264 4513 dub.

1896 4530 2121 4587 (xxxlv.
2141 4528 2357 4586 5.)«sejo
2378 4542 2495 4578 cum
2516 4525 2781 4586 ducentis,
2807 4540 2950 4588 quae
2969 4529 3121 4586 apud
3137 4540 3269 4577 eum

1897 4593 2384 4656 deposui,trecenta
2407 4594 2536 4652 [eqo.
2552 4595 2696 4639 n-L,
2718 4590 2893 4649 5237.
2920 4593 2974 4638 D.
2999 4592 3068 4637 de
3090 4593 3193 4651 leq.
3215 4592 3270 4639 3.

1899 4658 1914 4713 (
1940 4672 2026 4698 ιι-
2046 4656 2194 4702 libros
2213 4655 2552 4701 bibliothecam
2575 4666 2672 4700 non
2695 4661 2890 4714 sequi.»
2911 4656 3002 4711 )——
3023 4655 3076 4700 1..
3109 4653 3160 4700 9.
3198 4657 3275 4703 de

1897 4717 2037 4765 alim.
2060 4722 2116 4765 et
2128 4718 2292 4766 cibar.
2317 4719 2472 4776 [ερατ.
2499 4717 2705 4775 (xxxiv
2735 4752 2751 4767 .
2774 4719 2901 4775 1.)(u
2926 4728 3008 4763 eos
3043 4718 3177 4763 alere
3214 4723 3266 4763 te

1889 4783 2016 4828 volo.
2041 4781 2225 4842 2»)—Cf.
2250 4781 2511 4837 Radulpla.
2539 4782 2780 4828 For-nerii
2808 4793 2903 4826 rer.
2926 4781 3266 4838 quotidianar.

1892 4845 1995 4892 Lib.
2024 4846 2100 4892 lv.
2117 4856 2161 4889 e.
2189 4842 2265 4890 17.
2291 4845 2358 4899 (in
2382 4848 2556 4891 ouon.
2593 4843 2820 4890 thesauro
2862 4845 2923 4892 ll.
2943 4855 2994 4901 p·
3019 4839 3177 4901 242).
3201 4866 3275 4878 —-

1895 4906 2202 4956 Zachariae
2222 4907 2307 4955 lib.
2322 4908 2592 4964 quaestion.
2618 4909 2709 4963 Qu.
2734 4903 2782 4952 5.
