3544 5506
870 348 1002 394 car.
1048 352 1094 394 1.
1134 352 1211 395 nr.
1246 354 1398 398 sm
1437 356 1777 402 umvnnsm
1816 358 2070 411 muscus
2106 362 2385 409 omarus.
2993 364 3063 419 57

232 456 562 520 appareat
627 447 719 528 ⁴),
764 460 936 525 tum,
967 456 1119 529 quid
1151 463 1371 532 aptum
1400 460 1480 520 sit
1503 464 1792 535 personis
1811 508 1828 538 ,
1871 471 2298 548 temporibus,
2337 479 2649 540 aetatibus
2669 528 2684 556 ‚
2730 486 3064 561 diligenter

233 546 638 614 observetur
670 552 747 632 ⁵).
803 558 1182 636 Secundum,
1207 566 1281 619 ut
1299 563 1508 622 bonae
1528 564 1673 623 fidei
1694 573 2005 640 quantum
2027 575 2261 644 poterit
2278 576 2512 652 ubique
2539 583 2705 643 ratio
2725 586 3059 667 habeatur,

235 664 361 707 nec
380 665 519 709 non
545 651 874 731 cuiusque
895 655 959 712 in
971 655 1119 729 jure
1150 669 1265 716 suo
1293 661 1650 719 exercendo
1671 662 1949 723 malitiae
1976 678 2395 730 coerceantur
2453 669 2520 748 ὅ).
2558 680 2837 741 Tertium
2865 694 2961 745 est
2995 690 3061 750 in

236 748 620 819 supplendis
650 748 773 821 his,
807 751 1059 823 quaein
1079 752 1319 827 scripto
1331 753 1480 827 jnre
1501 758 1976 829 quodammodo
2004 763 2225 825 deesse
2243 767 2562 843 videntur,
2588 774 2800 838 dando
2822 783 3061 846 scilicet

241 860 325 905 ex
349 848 710 926 aequitate,
734 857 919 910 certo
949 853 1186 928 agnita,
1211 854 1280 914 in
1299 855 1537 915 factum
1568 864 1680 915 aut
1710 860 1992 920 actiones
2018 870 2131 921 aut
2160 868 2587 950 exceptiones,
2616 879 2754 935 tum
2773 880 2973 940 etiam
2993 885 3059 944 in

242 945 570 1020 integrum
592 952 1056 1026 restitutiones,
1096 954 1191 1025 iis,
1221 955 1335 1028 qui
1360 956 1639 1030 alioquin
1668 966 1894 1018 contra
1926 964 2114 1036 aequi
2134 972 2200 1023 et
2227 967 2381 1026 boni
2411 971 2724 1033 rationem
2752 948 3056 1041 damnum

247 1048 532 1107 sentiant
567 1048 641 1123 7).
668 1052 876 1112 Habet
893 1059 1108 1114 tamen
1123 1055 1283 1115 haec
1308 1071 1413 1116 res
1435 1060 1669 1117 multas
1692 1061 2044 1121 cautiones.
2090 1067 2243 1124 Nam
2270 1073 2650 1147 cavendum,
2676 1072 2723 1149 Ι)
2751 1083 2825 1135 ut
2849 1094 2934 1139 ne
2954 1085 3058 1141 cui

249 1151 588 1221 noceatur3
623 1142 700 1219 11)
743 1154 822 1205 ut
850 1156 1080 1210 contra
1106 1148 1485 1223 legislatoris
1512 1155 1909 1216 voluntatem
1939 1165 2162 1231 aperte
2194 1160 2584 1226 declaratam
2608 1169 2763 1230 nibil
2789 1183 3055 1236 conten·

248 1239 498 1318 damus,
528 1246 943 1316 quantumvis
974 1247 1210 1320 scripta
1236 1249 1336 1307 lex
1368 1248 1530 1308 dura
1561 1250 1640 1310 sit
1666 1258 1861 1327 atque
1914 1253 2129 1328 iniqua
2160 1253 2227 1330 ⁸).
2263 1261 2456 1333 Leges
2484 1263 2652 1323 enim
2682 1275 2795 1326 aut
2829 1274 3056 1335 tollere

247 1346 359 1395 aut
385 1343 738 1403 emendare
786 1358 918 1403 non
951 1346 1032 1403 ad
1071 1346 1299 1419 iudicis
1322 1390 1339 1419 ,
1386 1350 1499 1406 sed
1536 1351 1616 1408 ad
1659 1351 2032 1429 legislatoris
2074 1356 2349 1428 pertinet
2414 1362 2693 1422 officium
2731 1363 2799 1443 ⁹).
2841 1372 3056 1445 Neque

244 1443 445 1513 magis
473 1441 861 1518 111),iurium
885 1459 1083 1504 novas
1117 1446 1352 1506 formas
1388 1450 1775 1510 constituere
1798 1453 1997 1526 judici
2034 1455 2202 1514 licet.
2250 1462 2460 1519 Potest
2484 1462 2740 1536 quidem
2771 1473 2837 1527 et
2863 1471 3052 1531 debet

238 1539 458 1614 judex,
481 1543 827 1603 deficiente
846 1546 1009 1621 lege,
1031 1546 1334 1605 damnum
1357 1548 1437 1605 ab
1459 1549 1925 1625 innocentibus,
1955 1556 2167 1625 quoad
2189 1556 2325 1629 eJus
2343 1558 2479 1618 fleri
2496 1563 2713 1639 possit,
2733 1573 3047 1640 avertere,

244 1652 457 1710 neque
482 1646 700 1699 tamen
718 1641 1147 1714 jndicantium
1162 1649 1282 1717 est,
1302 1643 1368 1702 in
1396 1647 1718 1718 explendis
1733 1648 1942 1721 legum
1971 1650 2212 1711 lacunis
2254 1653 2579 1716 civitatum
2609 1661 3052 1724 moderatores

243 1732 499 1805 unitari,
529 1742 724 1808 atque
746 1751 826 1794 ex
852 1736 1046 1796 civilis
1075 1741 1454 1811 prudentiae
1482 1742 1732 1801 ratione
1756 1744 1937 1802 novis
1958 1746 2148 1805 rebus
2167 1751 2559 1825 negotiisque
2571 1754 2721 1828 ,iura
2740 1764 3048 1837 statuere3

245 1833 480 1907 quippe
527 1837 702 1908 quod
751 1837 1039 1896 similiter
1085 1838 1516 1911 legislatorum
1559 1842 1770 1901 officio
1824 1844 1946 1903 erit
2019 1848 2506 1922 relinquendum
2566 1852 2660 1928 ¹⁰).
2716 1861 3049 1918 Praeterea

246 1932 622 2008 cavendum,
642 1931 747 2005 Ν)
764 1948 849 1991 ne
863 1947 1007 1991 eam
1031 1936 1415 2008 aequitatem
1434 1937 1498 1993 in
1517 1938 1874 1999 officiorum
1894 1942 2320 2013 perfectorum
2361 1963 2632 2009 numero
2654 1965 3045 2024 censeamus,

248 2045 406 2101 quae
439 2033 686 2090 nullam
717 2033 786 2090 in
814 2047 883 2092 se
914 2035 1147 2093 habeat
1185 2038 1666 2105 necessitatem,
1701 2039 1818 2097 nisi
1858 2057 2024 2114 quae
2056 2045 2305 2116 pudore
2338 2049 2620 2107 cernitur
2647 2057 2713 2108 et
2737 2067 3047 2112 verecun-

249 2126 351 2183 dia
371 2125 461 2199 11),
490 2143 574 2186 ac
607 2128 818 2187 multo
840 2129 1031 2188 etiam
1068 2132 1291 2204 magis,
1316 2131 1389 2205 V)
1412 2149 1494 2191 ne
1512 2136 2193 2197 commentitiamillam
2216 2148 2408 2214 atque
2433 2142 2684 2205 inanem
2705 2161 3048 2221 sequamur

248 2222 666 2293 aequitatem,
705 2240 878 2297 quae
916 2240 1048 2283 non
1092 2243 1130 2285 a
1161 2243 1312 2286 vera
1359 2229 1605 2287 ratione
1646 2229 1904 2289 ducitur
1923 2274 1940 2305 ‚
1987 2248 2210 2292 verum
2257 2253 2296 2295 a
2335 2231 2558 2317 judicis
2602 2241 3045 2316 intempestiva

251 2324 516 2393 quadam
557 2324 1002 2385 misericordia
1036 2327 1356 2402 animique
1405 2330 1866 2407 inconstantia,
1908 2333 2111 2406 qualis
2155 2350 2288 2394 non
2334 2339 2520 2398 decet
2561 2340 2765 2400 virum
2787 2384 2804 2413 ‚
2852 2346 3043 2417 profl-

247 2421 490 2480 eiscitur
516 2420 612 2498 ¹²).

1296 2590 1321 2663 §
1348 2593 1440 2647 44.
1474 2593 1534 2660 E)
1560 2593 1677 2649 Jus
1701 2596 2014 2652 naturale.

327 2768 477 2825 'rota
496 2766 660 2827 baec
691 2770 993 2842 quaestio
1024 2772 1105 2830 de
1124 2771 1289 2847 juris
1315 2774 1621 2831 naturalis
1658 2775 1722 2831 in
1754 2777 1942 2836 rebus
1971 2780 2301 2854 causisque
2339 2779 2761 2856 dijudicandis
2797 2800 2939 2857 usu,
2966 2789 3038 2848 iis

237 2860 369 2923 l’ere
389 2865 770 2941 absolvitur,
804 2883 974 2940 quae
992 2868 1073 2927 de
1095 2868 1415 2942 aequitate
1444 2870 1635 2927 modo
1659 2870 1827 2929 dicta
1855 2879 2004 2931 sunt
2054 2875 2135 2950 ¹);
2169 2876 2220 2934 si
2250 2875 2404 2935 illud
2438 2892 2693 2952 quoque
2733 2896 3040 2942 assumse-

233 2959 451 3040 rimus‚
478 2969 560 3019 ut
575 2962 918 3035 ,iudicandi
948 2966 1255 3035 rationes,
1286 2971 1595 3039 quantum
1619 2980 1973 3044 possumus,
2009 2975 2489 3032 accommodate
2511 2976 2592 3033 ad
2615 2983 2912 3036 naturam
2936 2981 3031 3037 in·

289 3179 339 3239 4)
364 3180 465 3231 Cic.
505 3185 573 3231 de
596 3185 853 3248 off.1‚10.
898 3201 925 3229 ικ
945 3197 1205 3232 summum
1235 3189 1362 3247 jus,
1399 3195 1609 3232 summa

228 3243 434 3299 injur-ia
464 3248 661 3295 factum
702 3252 778 3296 est
811 3248 919 3305 jam
961 3252 1132 3295 tritum
1170 3259 1391 3294 sermone
1414 3260 1608 3306 prover·

230 3306 380 3353 bium.
406 3324 433 3350 π
456 3311 569 3356 —L.
592 3309 680 3359 91.
704 3314 732 3368 ς
748 3309 798 3357 ὅ.
815 3314 873 3357 D.
890 3310 960 3357 de
977 3312 1047 3358 V.
1073 3314 1131 3358 0.
1154 3311 1306 3369 (XLV,
1326 3310 1391 3367 1.)
1414 3322 1607 3356 ‹t-esse

231 3366 349 3416 hane
366 3373 717 3429 quaestionem
740 3374 800 3420 de
821 3373 953 3420 bono
962 3377 1193 3432 etaequo,
1219 3372 1273 3420 in
1284 3383 1392 3430 quo
1408 3382 1607 3431 qenere

228 3431 540 3492 plerumqiae
560 3435 665 3481 sub
692 3433 1174 3492 auetoriealejuris
1202 3433 1457 3482 scientiae
1478 3445 1604 3490 pet*-

235 3489 413 3541 niciae
428 3501 724 3544 erratura»
738 3521 800 3530 —
816 3498 871 3544 1..
891 3495 1001 3544 185.
1024 3500 1082 3546 D.
1099 3498 1167 3545 de
1188 3495 1598 3556 re9.jur.-Vid.

235 3553 391 3613 intras
408 3556 492 3606 65.
512 3564 627 3606 not.
650 3558 703 3606 2.

291 3614 336 3674 5)
355 3619 453 3668 Cic.
497 3622 566 3668 de
586 3622 675 3669 off.
697 3621 739 3678 1,
759 3619 843 3669 54.
863 3622 915 3668 in
938 3623 975 3668 l'.
999 3646 1054 3654 —
1074 3622 1149 3669 ef.
1171 3617 1419 3681 Quinctil.
1448 3620 1599 3668 instit.

232 3685 349 3726 orat.
363 3684 467 3729 Vll.
492 3685 663 3741 praei.
686 3683 736 3728 in
755 3683 793 3729 f.
821 3686 980 3731 «Cum
994 3684 1214 3730 infinitae
1232 3682 1393 3728 litium
1412 3683 1599 3729 formae

230 3740 403 3789 tna-int
418 3779 436 3803 ,
470 3745 776 3804 futuraeque
826 3747 927 3793 sint
942 3780 958 3804 ,
991 3752 1040 3792 et
1074 3749 1152 3793 tot
1184 3745 1413 3793 saeculis
1448 3746 1601 3792 nulla

230 3810 438 3861 reperta
456 3807 529 3854 sit
546 3820 744 3870 eausa,
765 3819 912 3868 quae
930 3811 1071 3855 essee
1095 3811 1206 3855 tota
1230 3804 1387 3855 alteri
1400 3805 1596 3866 similis,

233 3869 380 3924 sapiat
396 3874 599 3928 oportet
616 3873 757 3917 actor
778 3905 796 3930 ,
832 3875 885 3919 et
924 3871 1168 3932 inveniat,
1209 3875 1257 3917 et
1289 3869 1509 3931 judicet,
1552 3873 1601 3916 et

230 3931 475 3978 manium
499 3944 529 3978 a
552 3933 736 3991 seipso
756 3937 914 3992 petat.
935 3949 962 3976 n

284 3991 333 4048 8)
354 3996 650 4041 connanus
675 3996 710 4041 l.
733 3996 768 4042 l.
786 3998 813 4052 ς
834 3993 949 4042 9.-
962 3994 1037 4041 Cf.
1059 3996 1111 4040 L.
1140 3992 1216 4042 40.
1242 4006 1316 4053 pr.
1339 3994 1394 4039 D.
1417 3993 1484 4040 de
1507 3992 1598 4040 he-

229 4054 335 4101 rai.
357 4057 509 4114 pem.
536 4058 615 4114 (V,
633 4055 791 4116 3.)-(
810 4058 863 4104 L.
888 4056 936 4105 4.
961 4055 1050 4113 §5-
1087 4058 1139 4102 in
1173 4055 1208 4102 i.
1235 4058 1289 4102 D.
1313 4055 1382 4102 de
1402 4057 1595 4111 rejud.

230 4116 376 4176 (xm,
397 4120 466 4176 1.)
487 4119 676 4165 —vid.
702 4122 810 4166 not.
834 4117 915 4167 15.
959 4121 1021 4166 ad
1042 4121 1067 4175 s
1086 4117 1166 4165 51.
1189 4143 1242 4152 —
1262 4119 1386 4166 Δάτι.
1430 4119 1483 4163 L.
1514 4116 1592 4164 29.

1735 3188 1854 3246 8)Ῑ..
1897 3188 1976 3235 19.
2001 3191 2026 3245 S
2051 3190 2097 3237 1.
2121 3191 2176 3236 D.
2214 3190 2313 3252 Qui
2346 3194 2403 3238 et
2431 3202 2467 3238 a
2498 3193 2690 3252 quibus
2729 3197 3038 3246 manumissi

1671 3248 1822 3298 liberi
1833 3262 1939 3297 non
1957 3251 2236 3310 fiunt.(XL‚
2256 3253 2334 3311 9.)
2350 3256 2568 3314 «-—quod
2578 3257 2780 3315 quidem
2801 3271 3036 3318 perquam

1670 3313 1848 3359 durum
1869 3319 1972 3371 est,
1993 3313 2075 3359 sed
2095 3314 2162 3360 ita
2181 3317 2258 3363 lex
2280 3316 2460 3374 scripta
2481 3322 2604 3364 est.»
2630 3321 2782 3375 Quem
2806 3323 2851 3367 in
2874 3323 3034 3372 locum

1670 3374 1766 3421 vid.
1811 3377 1877 3421 Η.
1919 3374 2176 3422 Doneilus
2215 3378 2249 3424 l.
2277 3380 2312 3425 l.
2342 3375 2467 3436 314.
2493 3404 2549 3413 -
2572 3381 2700 3428 Facit
2720 3381 2814 3429 huc
2856 3384 2908 3430 L.
2952 3385 3029 3432 21.

1669 3436 1723 3482 D.
1745 3437 1813 3484 de
1839 3438 2050 3496 leqib.-
2076 3438 2149 3484 Cl'.
2173 3440 2226 3487 L.
2251 3438 2329 3487 18.
2351 3441 2469 3487 eod.
2500 3443 2788 3502 «Benignius
2811 3447 2940 3503 leges
2956 3448 3034 3494 in-

1669 3501 2005 3608 ter-‘pretandae
2029 3506 2141 3547 sunt
2161 3534 2178 3562 ‚
2197 3515 2304 3562 quo
2335 3504 2585 3551 voluntas
2605 3517 2791 3552 earum
2814 3519 3030 3556 conser—

1665 3572 1730 3608 ve
1757 3574 1840 3608 ur.
1868 3577 1893 3604 n

1725 3622 1774 3683 9)
1798 3626 1850 3670 1..
1874 3626 1919 3671 1.
1945 3627 1998 3671 C.
2020 3624 2089 3672 cle
2105 3623 2254 3686 leqib.
2269 3647 2332 3660 ·-
2354 3626 2428 3674 Cf.
2447 3629 2500 3674 L.
2523 3630 2614 3675 ult.
2634 3629 3026 3680 eod.-Conna-

1664 3698 1769 3732 nus
1790 3688 1824 3733 l.
1849 3696 1892 3732 c.
1916 3684 2006 3744 37.
2024 3684 2073 3734 9.
2099 3686 2148 3733 in
2168 3687 2204 3735 f.
2230 3691 2257 3746 ς
2277 3688 2355 3735 11.
2377 3689 2428 3736 in
2443 3690 2478 3735 l'.
2508 3714 2563 3724 -—
2578 3693 2646 3739 Η.
2661 3694 2914 3738 Donellus
2931 3697 2964 3740 l.
2991 3697 3023 3741 l.

1664 3752 1690 3805 s
1713 3747 1805 3870 1133)
1848 3812 1973 3857 Cave
1993 3811 2145 3870 enim,
2168 3823 2230 3859 ne
2247 3823 2359 3858 cum
2371 3812 2548 3868 iudicis
2564 3813 2724 3861 officio
2746 3816 3020 3864 confundas

1662 3871 1746 3918 illa
1768 3908 1784 3933 ,
1808 3884 1931 3930 quae
1955 3874 2071 3920 olim
2093 3875 2185 3920 fuit
2200 3908 2215 3933 ,
2231 3886 2342 3921 cum
2360 3875 2442 3931 Jus
2457 3877 2743 3934 dicentium,
2764 3880 2867 3922 tum
2889 3879 3023 3924 Jcto·

1661 3945 1770 4042 {um
1794 3935 1947 3981 libera
1973 3937 2324 3995 propemodum
2352 3936 2404 3983 in
2431 3936 2543 3994 jure
2578 3937 2917 3985 constituendo
2936 3952 3024 3999 po·

1685 4007 1733 4043 es
1759 4009 1828 4043 as.

1728 4060 1806 4117 11)
1831 4062 2120 4107 Connanus
2139 4061 2173 4106 l.
2200 4061 2234 4107 l.
2255 4072 2333 4106 nr.
2356 4058 2406 4106 6.

1721 4122 1974 4178 lfltQuam
2016 4124 2160 4179 vulgo
2204 4137 2228 4164 u
2252 4122 2547 4180 aequitatem
2567 4121 2865 4170 cerebrinam
2891 4141 2913 4165 n
2941 4139 3022 4175 vo-

226 4176 313 4253 5⁴:
335 4181 387 4226 D.
409 4180 680 4228 mandati.
702 4182 851 4239 (xvu
873 4216 890 4230 .
925 4182 993 4237 1.)
1012 4181 1067 4237 (ιι
1081 4205 1135 4214 -
1153 4181 1237 4227 ubi
1261 4183 1322 4228 de
1350 4182 1476 4227 bona
1498 4179 1594 4226 tide
1657 4187 1789 4230 cant.
1809 4187 1886 4232 W
1886 4184 2061 4232 elcker
2079 4185 2396 4245 system‚etc.
2419 4184 2455 4229 l.
2479 4195 2526 4242 p.
2551 4180 2664 4231 630.
2686 4190 2787 4233 not.
2809 4185 2920 4238 494.

225 4246 399 4301 aaut,
414 4255 520 4291 non
543 4245 802 4303 congruit,
823 4243 894 4290 de
914 4241 1296 4301 apicibusjuris
1316 4242 1564 4300 disputare
1577 4276 1593 4301 ,

225 4305 304 4350 sed
323 4306 383 4351 de
402 4305 498 4353 hoc
520 4310 741 4367 tantum,
762 4306 961 4353 debitor
982 4305 1210 4351 fueritne.
1234 4305 1287 4363 n)
1321 4329 1377 4338 —-
1413 4305 1465 4350 L.
1513 4301 1591 4350 10.

224 4364 275 4412 l).
296 4365 774 4429 der-quun—Cf.
796 4366 938 4414 1..19.
961 4367 1012 4414 in
1035 4369 1127 4415 Le.
1142 4367 1209 4414 de
1227 4367 1590 4423 fideinstrum.

223 4425 506 4490 (lv‚21.)-
528 4432 583 4479 1..
608 4432 692 4479 22.
718 4435 749 4488 3
769 4432 816 4476 1.
840 4434 893 4478 et
911 4427 966 4477 δ.
982 4432 1035 4477 C.
1055 4429 1123 4477 de
1138 4427 1319 4481 furtis,
1336 4430 1433 4487 (Vl,
1456 4429 1526 4486 2.)

2239 4308 2265 4360 S
2281 4303 2361 4356 44.

1719 4429 1768 4486 1)
1825 4429 1946 4475 Hinc
1990 4428 2133 4487 illae,
2175 4439 2300 4487 qnae
2351 4428 2505 4477 ubivis
2545 4432 2596 4478 in
2638 4433 2750 4489 jure
2800 4435 3017 4487 Romano

275 4488 324 4549 7)
345 4493 394 4539 L.
432 4495 482 4541 1.
505 4506 582 4553 pr.
624 4497 684 4543 D.
708 4492 783 4540 de
798 4492 1069 4550 pactis.—-
1087 4493 1139 4538 L.
1166 4489 1241 4541 14.
1266 4494 1321 4539 Ι).
1347 4491 1414 4537 de
1430 4490 1586 4538 cond.
1656 4495 1923 4537 occurrunt
1944 4523 1958 4548 ,
1989 4490 2218 4549 loquendi
2241 4493 2478 4539 formulae
2501 4509 2511 4539 :
2535 4498 2737 4543 natura
2779 4509 3013 4557 aequum

223 4548 389 4602 anach.
425 4557 555 4614 (xli,
595 4555 691 4615 6.)
717 4580 777 4589 —
806 4557 862 4601 L.
881 4555 932 4599 2.
954 4553 1001 4601 3.
1020 4550 1066 4601 4.
1091 4555 1143 4600 L.
1166 4555 1242 4600 11.
1260 4560 1310 4601 et
1327 4555 1408 4599 21.
1443 4554 1497 4600 D.
1522 4554 1590 4600 de
1652 4552 2025 4615 eumaem-alis
2042 4551 2306 4614 aequum,
2324 4556 2710 4605 ete—cneum
2731 4561 2782 4606 L.
2803 4557 2851 4609 5.
2874 4565 2927 4610 C.
2947 4563 3016 4610 de

218 4626 444 4667 praescr.
464 4615 977 4676 verb.(xlx,5.)—-L.
990 4614 1070 4662 25.
1093 4620 1118 4673 ς
1140 4618 1185 4663 1.
1208 4619 1263 4663 D.
1285 4617 1353 4663 de
1374 4618 1431 4662 0.
1453 4618 1585 4662 etA.
1656 4613 1808 4664 bonis
1827 4627 1968 4674 quae
1985 4615 2132 4662 liber.
2152 4616 2250 4675 (Vl,
2263 4613 2362 4675 61.)
2385 4633 2412 4662 «ι
2437 4643 2492 4652 -
2507 4643 2563 4653 -
2581 4620 2694 4678 qnia
2713 4633 3012 4682 consequens

222 4675 386 4736 (ll-lv,
403 4679 588 4741 7.>—1,.
604 4685 653 4728 1.
677 4683 733 4728 in
754 4681 794 4726 1¹.
819 4681 878 4725 D.
900 4678 1169 4737 exquibus
1186 4691 1337 4727 caus.
1360 4680 1589 4735 majores
1652 4683 1726 4725 est
1748 4711 1762 4738 ,
1790 4678 2043 4735 ambiguas
2062 4682 2208 4737 atque
2228 4680 2388 4739 legum
2419 4678 2616 4729 diversis
2655 4683 3012 4743 interpretatio·

224 4738 454 4792 Ranm‘s
473 4743 504 4792 ι’.
527 4747 563 4793 ι’.
576 4743 989 4793 restituuntur.
1008 4739 1317 4800 (1V,6.)-Cf.
1330 4743 1476 4788 Just.
1494 4742 1604 4787 Cla-

1664 4742 1810 4788 nibus
1833 4741 2095 4787 titubantes
2117 4752 2284 4790 causas
2305 4742 2525 4806 benique
2560 4747 2724 4804 atque
2743 4748 3010 4795 naturalis

220 4807 353 4858 mile
372 4808 665 4868 Einleitnng.
694 4808 753 4854 in
787 4805 893 4851 den
930 4801 1132 4849 ordentl.
1168 4805 1378 4861 burget-l.
1403 4804 1599 4849 Process
1650 4803 1797 4858 juris
1835 4803 2193 4852 moderamine
2237 4807 2506 4867 temperare
2531 4841 2547 4865 ‚
2576 4819 2676 4854 non
2714 4809 2846 4866 piget
2902 4820 3008 4866 nos,

222 4867 295 4915 nu.
315 4872 354 4918 1.
375 4875 404 4931 ς
426 4873 468 4920 1.
494 4877 605 4919 not.
627 4872 683 4918 b.
711 4892 776 4901 —-
830 4866 899 4912 A.
940 4868 1002 4911 D.
1058 4866 1261 4914 Weber
1278 4879 1368 4913 von
1394 4866 1482 4912 der
1502 4877 1593 4913 na·

221 4931 308 4983 tul.
329 4931 770 4984 Verbindlicblteit
787 4931 818 4985 ς
841 4926 926 4976 46.
948 4924 1025 4975 47.

1657 4927 1808 4988 sequi.
1829 4942 1856 4971 n

1663 4889 1716 4898 —
1749 4866 2010 4924 aequitati
2050 4869 2448 4918 convenientem
2497 4870 2676 4917 Juliani
2713 4869 3006 4928 opinionem

2644 5021 2681 5076 8
