3544 5506
481 318 592 374 534
997 332 1151 375 »ηε
1187 331 1344 374 srac.
1385 331 1502 374 ain.
1543 330 1633 373 rv.
1673 330 1751 372 nn
1789 328 1943 371 suas
1978 326 2307 385 nonssnco
2344 326 2416 368 m·
2454 327 2772 369 rumam.

481 444 700 496 tamen
724 438 967 496 directe
993 437 1207 496 liberis
1234 439 1426 496 datae
1443 484 1458 510 ‚
1492 438 1532 495 i.
1558 452 1616 495 e.
1648 433 1712 495 in
1752 433 2039 509 ipsorum
2064 448 2375 507 personas
2402 441 2758 507 conceptae
2783 441 2935 492 sunt
2968 432 3058 505 ιι).
3088 438 3161 493 In
3190 449 3293 493 re-

484 534 667 606 liquis
692 534 883 605 igitur
926 534 1132 591 causis
1171 530 1488 608 plenojure
1512 533 1677 604 patri
1712 547 1829 603 per
1873 531 2107 588 liberos
2156 532 2636 603 quaerebantur
2659 530 3083 601 obligationes
3121 536 3185 587 et
3225 546 3296 587 a·

482 630 726 687 ctiones
745 672 763 697 ‚
791 629 1099 701 quamvis.
1127 629 1176 685 si
1201 643 1303 686 res
1330 629 1707 699 postularet,
1736 627 1977 684 utiliter
1997 621 2193 684 etiam
2219 625 2430 682 liberis
2454 639 2648 695 agere
2683 620 3061 697 permissum
3087 633 3185 682 est
3207 620 3292 697 ι2),

484 724 830 781 dummodo
846 740 924 781 ex
942 739 1022 781 eo
1037 738 1273 794 genere
1292 728 1458 780 esset
1481 723 1673 792 actio,
1695 737 1823 793 qua
1837 723 2103 779 omnino
2125 721 2217 777 uti
2241 720 2419 778 licuit
2441 716 2804 793 alienijuris
2821 720 3185 778 hominibus
3209 716 3291 792 ¹³).

484 823 720 877 Causae
765 833 920 876 vero
967 819 1157 892 hujus
1194 814 1357 893 juris
1400 813 1782 875 immutandi
1811 817 2096 888 inprimis
2138 817 2552 890 quaerendae
2600 824 2751 874 sunt
2793 817 2857 872 in
2898 817 3295 889 peculiorum

485 914 886 976 incremento
924 916 984 992 (ὃ
1012 918 1158 976 565.
1201 933 1306 974 nr.
1343 920 1397 975 1.
1429 923 1494 975 et
1522 922 1548 993 §
1579 917 1724 975 564.
1747 917 1792 989 ),
1839 932 1916 973 ac
1944 922 2282 989 praeterea
2312 917 2509 973 etiam
2542 916 2606 971 in
2632 922 2884 972 mutato
2904 910 3294 987 ,iudiciorum

482 1019 708 1075 ordine
730 1033 806 1075 ac
824 1019 1108 1084 ratione;
1132 1016 1436 1090 quocirca
1471 1031 1638 1088 quae
1659 1031 1808 1073 cum
1834 1016 2006 1074 bisce
2038 1030 2171 1073 non
2192 1015 2550 1080 cohaerent
2577 1015 2808 1084 causis,
2836 1029 2916 1071 ea
2943 1013 3293 1071 etiamnum

482 1130 559 1172 ex
586 1114 929 1187 antiquiori
975 1112 1118 1188 jure
1164 1111 1490 1170 observari
1537 1113 1927 1170 conveniens
1955 1119 2054 1170 est
2104 1108 2195 1186 ¹⁴).
2227 1115 2369 1170 Jam
2407 1126 2565 1169 vero
2596 1110 2811 1177 liberi,
2847 1116 3181 1182 tamquam
3205 1110 3294 1167 sui

476 1208 639 1285 juris
663 1214 950 1270 homines
967 1259 983 1286 ‚
1017 1218 1083 1272 et
1108 1212 1227 1285 ipsi
1249 1206 1365 1268 sibi
1387 1211 1517 1268 suis
1547 1207 1851 1283 negotiis,
1887 1218 1954 1269 et
1981 1226 2096 1284 per
2124 1211 2282 1269 alios
2304 1211 2650 1283 acquirunt
2676 1209 2985 1267 actiones.
3019 1211 3146 1267 Nec
3169 1209 3292 1266 fere

483 1308 608 1366 alio
626 1308 776 1381 jure
808 1309 929 1365 hac
956 1308 1020 1365 in
1063 1323 1137 1366 re
1158 1312 1434 1364 utuntur
1456 1348 1474 1382 ‚
1506 1322 1702 1379 quam
1737 1306 1799 1363 hi
1818 1349 1836 1381 ,
1886 1303 1999 1378 qui
2026 1306 2262 1363 nullius
2290 1306 2718 1377 subjiciuntur
2748 1304 3094 1376 potestati,
3121 1318 3293 1375 prae·

480 1413 777 1479 terquam
821 1408 995 1480 quod
1042 1406 1209 1480 patri
1253 1405 1592 1479 acquirere
1642 1405 1995 1464 liberorum
2042 1400 2562 1479 stipulationibus
2612 1403 2943 1477 pactisque
2989 1403 3059 1459 in
3106 1402 3292 1475 ipsius

481 1521 827 1579 personam
853 1509 1183 1580 conceptis
1205 1507 1394 1566 liceat
1421 1502 1520 1580 ¹⁵),
1551 1512 1784 1564 contra
1797 1520 1955 1564 vero
1981 1547 1997 1574 ‚
2030 1506 2279 1564 etiamsi
2302 1501 2522 1564 liberis
2550 1511 2733 1577 pater
2774 1504 3118 1576 stipuletur
3140 1503 3297 1575 paci·

391 1611 396 1616 “
484 1612 809 1672 scaturve‚
835 1602 983 1663 licet
1009 1607 1389 1678 plerumque
1434 1611 1603 1675 (not.
1641 1603 1780 1679 18.)
1830 1607 2072 1676 valeat,
2106 1606 2281 1678 quod
2333 1610 2550 1663 aetum
2596 1605 2713 1671 sit,
2758 1610 2975 1661 tamen
3013 1616 3148 1660 non
3185 1602 3295 1659 illis

491 1710 846 1776 quaeratur
878 1702 1049 1761 actio
1079 1711 1192 1761 aut
1220 1704 1510 1776 exceptio
1545 1699 1655 1776 ¹⁶).
1692 1705 1803 1763 sed
1831 1705 1996 1777 patri
2037 1701 2137 1778 ¹⁷),
2170 1704 2344 1776 quod
2376 1705 2436 1761 id
2480 1703 2737 1775 quidem
2767 1716 2886 1774 per
2917 1716 3139 1759 rerum
3184 1715 3290 1759 ne-

488 1802 938 1874 gotiorumque
959 1809 1258 1860 naturam
1291 1803 1426 1860 lieri
1457 1803 1657 1875 possit
1684 1799 1777 1876 ¹⁸),
1808 1804 2088 1875 denique
2120 1803 2448 1861 nonnullis
2478 1803 2542 1859 in
2566 1801 2773 1859 causis
2798 1807 3138 1872 receptum
3175 1799 3284 1872 sit,

489 1902 566 1953 ut
596 1912 672 1954 ex
705 1904 1044 1969 parentum
1074 1897 1603 1955 conventionibus
1622 1943 1638 1967 .,
1669 1899 1964 1970 quamvis
1990 1898 2055 1955 in
2089 1896 2448 1972 liberorum
2480 1911 2788 1967 personas
2816 1896 3289 1968 concipiantur,

485 1990 656 2051 utilis
677 2000 791 2050 aut
822 1995 991 2051 actio
1018 2001 1128 2051 aut
1151 1991 1442 2066 exceptio
1465 1994 1677 2051 liberis
1702 1995 2234 2052 accommodetur
2268 1991 2352 2063 ¹⁹).
2381 1997 2529 2052 Jam
2546 1994 2595 2051 si
2614 1995 2695 2050 de
2726 1993 3083 2050 actionibus
3105 2006 3289 2065 quae·

485 2108 733 2166 ramus,
776 2092 1101 2165 quomodo
1142 2088 1559 2150 instituantur
1586 2135 1602 2160 ,
1648 2092 1694 2164 1)
1743 2088 2177 2150 filiusfamilias
2214 2100 2544 2165 tamquam
2580 2093 2675 2150 sui
2711 2091 2875 2166 juris
2917 2092 3111 2149 homo
3139 2090 3284 2162 agit,

487 2189 551 2265 1)
592 2192 640 2249 si
666 2206 811 2248 cum
847 2187 982 2263 ipso
1011 2197 1196 2264 patre
1226 2205 1328 2248 res
1363 2192 1421 2248 ei
1451 2198 1547 2249 est
1575 2193 1631 2267 (§
1654 2191 1798 2250 563.
1841 2200 1978 2250 not.
2017 2193 2113 2249 17.
2136 2192 2185 2264 );
2210 2192 2272 2266 2)
2313 2194 2362 2250 si
2394 2194 2474 2250 ad
2504 2199 2832 2250 castrense
2866 2190 2965 2246 vel
2994 2189 3171 2261 quasi
3192 2202 3284 2244 ca-

489 2297 735 2348 strense
757 2291 1079 2362 peculium
1103 2292 1271 2348 actio
1297 2291 1578 2362 pertinet
1605 2291 1704 2366 2());
1726 2296 1864 2347 tum
1886 2306 2043 2349 vero
2069 2291 2130 2364 5)
2148 2293 2228 2348 ad
2250 2280 2684 2363 profectitium
2707 2285 2810 2362 2’);
2835 2289 3115 2361 denique
3138 2286 3192 2357 4)
3212 2284 3281 2342 ad

489 2391 551 2448 id
582 2406 781 2462 genus
811 2387 1183 2459 adventitii,
1213 2393 1394 2465 cujus
1423 2406 1727 2449 concessa
1760 2407 1890 2450 non
1914 2399 2011 2449 est
2038 2394 2205 2465 patri
2237 2388 2705 2449 administratio
2732 2385 2820 2455 22).
2846 2388 2919 2460 11)
2948 2392 3018 2445 ln
3050 2383 3280 2458 reliquis

491 2492 734 2564 causis,
765 2491 894 2548 sive
921 2492 1270 2548 liberorum
1309 2506 1653 2564 personam
1682 2492 1827 2550 illae
1857 2493 2183 2564 attingunt
2211 2493 2340 2551 sive
2372 2507 2509 2551 rem
2545 2486 2922 2549 familiarem
2944 2533 2961 2562 ‚
2998 2505 3072 2546 ex
3106 2486 3280 2559 patris

492 2587 876 2643 auctoritate
898 2629 915 2660 ‚
937 2587 1091 2659 quin
1120 2586 1249 2644 imo
1277 2586 1416 2659 ipso
1446 2593 1677 2658 agente
1710 2594 1894 2659 patre
1913 2633 1928 2657 ‚
1961 2590 2249 2646 actiones
2270 2589 2648 2662 plerumque
2674 2584 3106 2642 instituendae
3128 2586 3277 2646 sunt,

493 2676 585 2737 sic
612 2687 826 2738 tamen
846 2724 862 2746 ,
894 2687 1002 2756 ut,
1031 2683 1078 2738 si
1118 2681 1283 2739 sorte
1311 2684 1537 2740 absens
1570 2684 1650 2739 sit
1677 2689 1864 2756 pater
1903 2685 2002 2741 vel
2037 2682 2323 2756 alioquin
2357 2682 2695 2755 impeditus
2717 2727 2732 2752 ,
2780 2680 3099 2740 actiones,
3132 2688 3280 2748 quae

495 2776 752 2848 quidem
776 2778 911 2834 sine
938 2778 1351 2836 incommodo
1377 2793 1508 2836 non
1532 2772 1917 2836 differantur
1940 2779 2104 2865 (rid.
2131 2786 2269 2838 not.
2303 2781 2402 2839 12.
2424 2778 2467 2852 )‚
2495 2779 2608 2850 ipsi
2636 2776 2980 2834 intendant
3001 2774 3171 2831 liberi
3191 2766 3273 2844 ²³).

493 2963 520 3034 §
572 2966 716 3026 571.
776 2968 837 3035 B)
895 2968 1187 3038 Quatenus
1244 2970 1538 3029 conveniri
1578 2973 1758 3049 possit
1814 2971 2224 3053 filiusfamilias
2242 3019 2258 3042 ,
2307 2971 2395 3031 vel
2430 2971 2607 3030 etiam
2650 2979 2825 3049 pater
2867 2988 2979 3049 pro
3011 2970 3123 3048 ipso
3177 2965 3278 3042 (Ἴ.

1534 3066 1594 3141 1)
1617 3069 1931 3143 qeneratim
1955 3069 2279 3145 quaeritur.
2636 3100 2681 3156 4
2900 3056 2907 3063 ’

578 3239 908 3312 Obligatur
941 3237 1377 3300 filiusfamilias
1400 3249 1467 3301 et
1490 3244 1820 3301 conveniri
1851 3249 2062 3316 potest
2084 3260 2160 3302 ex
2173 3246 2471 3315 omnibus
2500 3246 2632 3304 sere
2655 3248 2862 3304 causis
2890 3245 3068 3304 velut
3088 3249 3282 3316 pater-

494 3340 756 3399 familias
780 3337 819 3410 ¹)
843 3383 860 3411 ,
895 3346 1349 3414 praeterquam
1377 3356 1454 3400 ex
1473 3337 1546 3400 iis
1564 3382 1580 3409 ‚
1605 3358 1772 3416 quae
1804 3344 1886 3401 ad
1905 3344 2224 3416 peculium
2251 3350 2544 3418 spectant
2574 3341 2927 3419 ejusmodi,
2960 3343 3141 3417 cujus
3164 3355 3281 3399 non

558 3529 636 3588 10)
658 3531 764 3578 vid.
790 3542 835 3576 v.
857 3543 903 3577 c.
949 3531 1001 3577 L.
1025 3528 1107 3577 50.
1142 3544 1216 3590 pr.
1241 3532 1297 3580 D.
1313 3532 1383 3578 de
1400 3533 1542 3588 pace.
1572 3531 1653 3588 (11,
1673 3528 1775 3590 14.)
1810 3556 1867 3565 -
1994 3530 2075 3591 19)
2101 3531 2153 3579 1.’.
2178 3531 2258 3581 45.
2280 3535 2306 3590 ς
2327 3536 2377 3582 3.
2417 3536 2473 3581 1).
2496 3534 2566 3581 de
2591 3535 2663 3581 V.
2689 3536 2749 3582 0.
2770 3538 2822 3580 et
2838 3545 2985 3593 supra
3009 3535 3036 3589 ς
3054 3532 3165 3581 333.
3186 3531 3231 3577 in
3250 3530 3282 3576 1.

496 3595 550 3639 L.
573 3590 622 3637 8.
646 3604 722 3649 pr.
749 3594 797 3637 D.
819 3591 888 3638 de
919 3603 1064 3647 proc.
1091 3594 1191 3651 (111,
1209 3591 1279 3651 3.)
1302 3600 1352 3639 et
1376 3594 1505 3638 infra
1525 3597 1634 3638 not.
1658 3591 1741 3639 23.
1935 3595 2050 3639 -L.
2073 3594 2153 3640 31.
2177 3597 2203 3652 ς
2225 3597 2273 3640 3.
2291 3598 2339 3644 in
2365 3598 2403 3643 t.
2432 3599 2483 3642 D.
2510 3595 2578 3643 de
2596 3600 2745 3652 pact.

561 3652 638 3709 11)
663 3655 712 3699 t..
738 3651 788 3700 9.
814 3654 869 3700 Ι).
894 3654 963 3702 de
990 3655 1047 3701 0.
1071 3658 1125 3702 el
1146 3659 1213 3702 A.
1241 3670 1266 3698 ιι
1284 3655 1550 3701 Filiusfam.
1576 3664 1677 3700 suo
1701 3654 1869 3702 nomi·
1998 3655 2078 3713 30)
2096 3657 2152 3701 L.
2176 3655 2223 3703 4.
2247 3661 2273 3714 s
2289 3660 2331 3702 1.
2357 3660 2411 3704 D.
2436 3658 2507 3704 de
2525 3662 2693 3705 castr.
2707 3668 2825 3714 pec.
2847 3658 3032 3714 (uix,
3052 3655 3145 3713 17.)

497 3726 567 3761 ne
578 3717 760 3761 nullam
784 3718 1025 3763 actionem
1051 3717 1218 3774 babet,
1241 3718 1372 3762 nisis·
1397 3715 1640 3762 νει-61.
1659 3716 1872 3776 Roqerii
1996 3717 2075 3775 31)
2097 3720 2207 3775 Arg.
2229 3721 2280 3765 L.
2302 3718 2384 3766 33.
2408 3721 2461 3764 D.
2486 3720 2553 3765 de
2570 3731 2717 3775 proc.
2744 3716 2997 3776 (1¹l‚5.)-
3014 3719 3090 3768 Cf.
3115 3716 3281 3764 Basilic-

497 3776 869 3824 Beneventani
890 3779 950 3823 de
971 3779 1352 3825 dissensionibus
1374 3778 1621 3823 dominor.
1647 3778 1724 3835 (ex
1749 3779 1867 3826 edit.
1933 3778 1973 3823 1.
1999 3792 2047 3837 p.
2071 3778 2182 3826 416.
2209 3783 2303 3841 (ed.
2323 3781 2614 3829 Heimbaclc
2642 3795 2690 3839 p.
2714 3776 2851 3837 368.)

495 3838 764 3885 Hauboldi
784 3840 801 3897 )
841 3851 887 3895 p.
914 3837 993 3889 11.
1034 3852 1111 3886 nr.
1133 3837 1214 3886 34.
1242 3842 1407 3899 (apud
1424 3839 1638 3885 Haenel
1656 3840 1865 3888 dissent.
1996 3840 2077 3896 22)
2101 3844 2213 3900 Arg.
2237 3843 2290 3890 L.
2312 3842 2392 3889 50.
2417 3855 2492 3901 pr.
2518 3844 2573 3888 1).
2593 3844 2669 3889 ad
2687 3844 2801 3889 SCt.
2831 3843 2979 3890 Treb.
3001 3843 3117 3899 (vid.
3139 3836 3281 3897 ΒΕΘ-

497 3903 742 3946 dominor.
769 3914 816 3958 p.
841 3898 942 3958 87.)
1933 3908 2039 3947 not.
2069 3905 2113 3948 4.
2137 3910 2187 3949 et
2203 3904 2269 3950 cl.
2298 3905 2415 3952 ibid.
2443 3910 2550 3950 not.
2577 3903 2695 3961 10.).

560 3961 638 4018 12)
664 3963 715 4007 L.
738 3961 816 4009 13.
840 3963 893 4008 D.
915 3962 983 4009 de
1016 3962 1071 4010 in
1092 3964 1189 4018 jus
1219 3973 1334 4010 voc.
1360 3961 1439 4023 (n,
1460 3959 1652 4019 4.)-1..
1672 3960 1752 4010 18.
1771 3964 1799 4019 ς
1819 3964 1867 4011 1.
1996 3961 2078 4022 23)
2100 3965 2173 4010 Cl‘.
2195 3968 2247 4011 L.
2275 3967 2353 4011 13.
2381 3967 2434 4012 D.
2460 3967 2528 4012 de
2550 3966 2716 4022 injus
2730 3977 2847 4012 voc.
2873 3968 2953 4023 (ll,
2978 3965 3077 4021 13.)
3098 3988 3152 3997 -
3172 3964 3218 4008 L.
3234 3959 3277 4006 8.

497 4025 552 4071 D.
575 4022 643 4069 de
663 4023 835 4079 judic.
862 4024 938 4082 (v,
962 4023 1031 4079 1.)
1931 4036 2008 4083 pr.
2029 4028 2084 4073 D.
2108 4027 2334 4083 depr-oc.
2359 4029 2461 4083 (111,
2479 4026 2551 4083 ὅ.)
2577 4055 2634 4064 -
2671 4030 2724 4074 L.
2746 4026 2826 4072 18.
2852 4023 2872 4074 S
2893 4031 2940 4073 1.
2967 4030 3022 4074 D.
3047 4023 3276 4080 dejudic-

559 4084 638 4143 15)
661 4086 735 4131 cr.
759 4086 877 4141 0011·
894 4087 1009 4131 inst.
1031 4085 1088 4141 ιι,
1106 4083 1186 4132 26.
1929 4087 2009 4144 (v,
2034 4085 2215 4135 ι.)-ι..
2240 4087 2288 4134 8.
2308 4092 2334 4145 s
2352 4088 2400 4135 5.
2422 4093 2478 4137 c.
2501 4088 2577 4134 de
2599 4087 2725 4137 bon.
2747 4100 2897 4149 quae
2918 4090 3068 4137 tiber.
3092 4082 3276 4146 (vt‚⁶l-)

563 4145 640 4207 14)
661 4146 735 4193 ct.
761 4154 863 4193 not.
886 4146 934 4193 6.
959 4146 1038 4193 10.
1063 4144 1266 4193 15—18.
1784 4152 1789 4160 ·
1929 4160 1973 4194 c.
2002 4150 2091 4195 ult.
2123 4151 2171 4195 in
2196 4149 2232 4198 f.
2257 4151 2455 4207 dejud.
2480 4153 2528 4197 in
2552 4149 2600 4198 6.
2627 4153 2711 4209 (ll,
2737 4151 2803 4206 1.)

563 4206 641 4258 15)
665 4210 776 4266 Arg.
799 4209 825 4263 S
844 4206 893 4254 4.
915 4209 964 4254 in
985 4210 1022 4255 f.
1062 4209 1100 4254 1.
1140 4209 1209 4255 de
1230 4207 1404 4255 inutil.
1431 4209 1611 4266 stipat.
1638 4226 1662 4252 ιι
1686 4233 1745 4243 —-
1765 4210 1866 4255 fllia
2554 4241 2580 4295 ς
2612 4237 2701 4286 57¹

495 4282 587 4316 vox
613 4276 861 4327 tamquam
881 4273 964 4316 tua
986 4270 1273 4327 intelligitur
1297 4272 1345 4316 in
1367 4271 1423 4316 iis
1444 4272 1746 4331 rebus‚quae
1769 4272 1860 4317 tibi
2714 4272 2728 4286 ‘

496 4332 690 4390 adquiri
734 4337 1000 4390 possunt».
1041 4332 1152 4391 (Cf.
1197 4334 1223 4386 S
1270 4330 1380 4379 151.
1427 4340 1531 4381 not.
1551 4336 1600 4380 3.
1626 4341 1675 4381 et
1704 4334 1730 4388 S
1753 4331 1866 4381 563.
1992 4328 2050 4384 ι’)
2079 4330 2196 4376 lust·
2224 4330 2439 4389 (1V,7-)-
2466 4330 2570 4386 Dis·
2597 4331 2758 4386 (XW,
2792 4327 2841 4376 5·
2864 4328 3053 4387 )thd
3066 4334 3268 4379 01111180)

499 4399 606 4439 not.
630 4392 720 4449 0.).
1930 4389 2024 4449 qui
2062 4390 2118 4437 in
2149 4392 2329 4440 aliena
2355 4395 2618 4449 potestate
2654 4395 2764 4449 est,
2796 4391 3068 4448 neyote'um
3097 4390 3271 4452 qesta!

565 4453 641 4512 16)
658 4456 708 4501 L.
725 4452 806 4501 56.
828 4458 853 4510 S
876 4452 924 4501 5.
949 4458 1001 4502 D.
1028 4455 1097 4502 de
1130 4457 1201 4503 V.
1229 4457 1287 4502 0.
1312 4454 1450 4510 (va
1468 4489 1484 4514 ,
1507 4458 1577 4513 1.)
1600 4482 1659 4490 ——
1682 4458 1793 4505 Vld.
1820 4461 1873 4503 et
1931 4462 2050 4499 esse
2070 4450 2299 4502 alcetur.
2317 4479 2375 4488 —-
2408 4454 2529 4501 cod.
2552 4454 2652 4511 (lv,
2671 4453 2777 4510 36.)
2795 4452 3081 4510 quodcum
3096 4462 3173 4507 eo,
3193 4456 3269 4504 qm

498 4522 601 4562 not.
629 4528 732 4574 seq.
757 4524 807 4562 et
829 4519 880 4563 L.
896 4516 975 4564 17.
998 4520 1024 4573 S
1046 4517 1092 4564 4.
1130 4518 1182 4563 L.
1203 4518 1282 4563 31.
1306 4521 1333 4574 s
1353 4512 1401 4563 ἰ).
1429 4519 1483 4565 D.
1505 4517 1576 4565 de
1594 4519 1783 4575 pactis.
1809 4545 1870 4552 —
1934 4515 1987 4562 in
2006 4512 2075 4560 al.
2097 4519 2208 4569 poe.
2230 4520 2331 4578 esc,
2360 4528 2478 4574 neq.
2500 4521 2639 4575 qest.
2660 4525 2779 4563 esse
2794 4516 2901 4562 dic.
2916 4548 2934 4575 ,
2957 4514 3269 4580 velitem&-

501 4578 552 4624 L.
576 4575 625 4624 7.
652 4579 704 4624 1).
729 4580 798 4625 de
815 4583 955 4635 pact.
980 4580 1146 4626 dotat.
1168 4580 1356 4637 (xxiii,
1377 4578 1447 4639 4.)
1932 4580 2014 4625 lio.
2045 4589 2088 4622 s.
2111 4579 2449 4634 quodjussu.
2471 4582 2570 4625 aut
2581 4577 2648 4625 de
2672 4578 2728 4623 in
2751 4590 2865 4625 rem
2886 4588 3058 4624 verso.
3078 4598 3128 4607 -—
3144 4574 3264 4618 Fut:

563 4639 643 4693 17)
667 4643 714 4687 L.
734 4639 813 4686 30.
840 4643 895 4687 D.
918 4642 985 4689 de
1007 4643 1076 4688 V.
1102 4643 1220 4688 0.-
1238 4642 1263 4697 s
1281 4639 1328 4687 4.
1356 4643 1403 4687 in
1425 4642 1461 4687 l'.
1487 4645 1524 4688 l.
1551 4642 1620 4689 de
1642 4642 1866 4690 inutilib.
1934 4639 2105 4686 Archiv
2129 4641 2166 4685 f.
2191 4643 2386 4687 civilist.
2409 4641 2580 4686 Praxis
2600 4642 2675 4686 xl.
2700 4641 2783 4686 Nr.
2809 4640 2869 4685 11.

499 4700 678 4756 stipat.
695 4727 748 4734 -
777 4703 829 4748 1..
854 4702 936 4750 ει.
960 4703 1053 4761 §2-
1079 4706 1132 4749 n.
1153 4704 1221 4751 de
1240 4706 1381 4759 pace.
1410 4719 1434 4745 «ι
1459 4705 1611 4763 (moa
1629 4704 1702 4751 na
1726 4707 1869 4751 recte
1996 4703 2042 4757 ¹)
2064 4701 2113 4746 t..
2135 4701 2217 4748 39.
2245 4705 2298 4749 n.
2324 4702 2393 4749 de
2416 4704 2470 4748 ο.
2488 4704 2617 4748 etA·
2640 4702 2821 4757 (XMV.
2839 4697 2913 4758 ⁷.)
2938 4724 2995 4733 —
3018 4700 3067 4745 ι.
3086 4698 3166 4742 un.
3182 4694 3212 4763 ,ς
3229 4689 3267 4735 2

496 4762 714 4823 decitur,
739 4763 855 4811 sem
876 4765 1200 4823 paciscendo
1221 4764 1281 4811 ia
1297 4767 1476 4812 actum
1498 4766 1614 4814 sm·
1933 4765 1986 4809 n.
2032 4762 2102 4808 de
2139 4766 2211 4811 V.
2255 4767 2313 4810 0.
2361 4764 2515 4820 (xtv
2541 4796 2557 4820 ‚
2594 4764 2642 4809 ι.
2671 4765 2687 4818 )
2721 4788 2781 4796 -
2818 4764 2869 4808 1..
2893 4760 2972 4808 57.
2995 4763 3048 4806 n.
3081 4751 3266 4809 amud-

562 4821 779 4935 1s)4mam
804 4827 900 4874 vid.
927 4825 1112 4876 1..130.
1152 4829 1204 4874 u.
1229 4828 1299 4875 de
1324 4830 1394 4876 V.
1418 4829 1476 4877 ο.
1513 4853 1572 4864 -
1606 4826 1680 4875 ce.
1718 4837 1868 4886 snpra
1930 4823 2104 4934 (νέθτὸ.)
2128 4850 2181 4858 -
2206 4827 2255 4870 ι..
2283 4824 2360 4872 10.
2381 4827 2407 4881 s
2426 4823 2646 4873 21).oe
2665 4824 2907 4882 nemun.
2930 4819 3176 4880 (uvat.)
3196 4813 3264 4870 (cl-

499 4892 606 4934 not.
667 4920 678 4933 .
1932 4888 1959 4939 S
2077 4920 2089 4934 .
2115 4892 2217 4934 not.
2241 4889 2329 4945 3.).
