3544 5506
439 362 554 423 276
1026 376 1180 418 »Ans
1217 375 1379 418 stlte.
1422 375 1540 417 Lm.
1582 375 1655 417 11.
1694 373 1772 417 ΒΕ
1810 373 1999 418 nnus
2036 373 2310 426 BARUMQ.
2350 373 2633 418 mommo.

436 490 610 565 quod
630 487 1017 548 extrinsecus
1033 526 1051 555 ‚
1076 480 1310 544 sensim
1332 491 1552 545 tamen
1582 497 1660 546 ac
1685 487 1996 559 latenter,
2024 487 2304 547 accrevit
2327 487 2532 547 fundo
2550 484 2622 562 8).
2656 485 2953 548 Similiter
2985 492 3067 549 ad
3089 501 3236 550 eum

434 588 849 664 pertinebunt
863 585 1108 645 fructus
1128 585 1496 659 reditusque
1511 581 2004 660 lapidicinarum
2024 631 2042 659 ‚
2063 585 2596 647 cretifodinarum
2611 629 2626 659 ‚
2656 589 3230 660 arenifodinarum‚

435 690 840 749 metallorum
859 683 904 763 ⁹)
928 729 945 762 ‚
975 685 1396 759 aucupiorum
1419 732 1435 758 ,
1464 688 1878 748 venationum
1897 729 1912 756 ‚
1945 688 2371 761 piscationum
2394 685 2484 761 ¹⁰).
2536 691 2696 747 Item
2726 689 2921 748 silvae
2944 733 2959 759 ‚
2990 686 3236 759 salicti,

436 786 833 857 aliarumque
859 797 935 841 ex
960 782 1084 841 hoc
1113 796 1333 841 rerum
1359 797 1595 855 genere
1616 830 1631 857 ,
1662 784 1714 843 sl
1738 785 1999 858 quidem
2033 785 2101 842 in
2129 780 2596 846 accessionibus
2637 791 2788 843 sunt
2818 785 3042 855 fundi,
3074 786 3243 844 simi-

434 884 510 943 lis
536 890 635 942 est
661 898 813 942 usus
851 889 925 940 ut
955 880 1396 960 instrumenti,
1427 883 1669 943 scilicet
1702 890 1780 942 ut
1803 884 1965 943 nihil
1999 900 2075 944 ex
2103 881 2175 944 iis
2213 887 2495 944 vendere
2535 885 2726 944 liceat
2765 885 3125 945 fructuario
3153 883 3237 960 ¹¹).

438 980 669 1058 Quodsi
714 975 965 1038 illarum
1012 978 1354 1051 separatim
1402 986 1501 1038 est
1541 980 1943 1040 ususfructus
1984 997 2358 1057 concessus,
2405 989 2542 1040 tum
2563 1029 2580 1055 ‚
2628 983 2676 1040 si
2716 984 2910 1042 modo
2958 983 3245 1041 caeduae

437 1087 613 1156 sunt,
645 1080 835 1139 etiam
869 1079 1143 1137 vendere
1171 1078 1319 1137 inde
1342 1074 1590 1150 licebit,
1627 1081 1709 1139 ad
1731 1096 1883 1140 eum
1916 1083 2178 1155 quidem
2211 1084 2478 1142 modum
2501 1125 2519 1157 ,
2553 1098 2683 1156 quo
2705 1082 2771 1140 id
2797 1084 3003 1141 bonus
3031 1082 3244 1140 facere

437 1179 599 1236 solet
641 1173 1096 1250 paterfamilias
1120 1169 1213 1250 ¹²).
1253 1177 1468 1248 Neque
1498 1191 1660 1236 vero
1698 1192 1850 1236 suos
1896 1180 2280 1253 plerumque
2322 1177 2715 1237 fructuarius
2770 1177 2920 1236 facit
2960 1178 3238 1246 fructus,

436 1272 555 1331 nisi
597 1271 1005 1344 perceptione
1032 1268 1138 1345 ι3),
1165 1287 1288 1330 nec
1309 1287 1538 1331 eorum
1563 1274 2129 1347 percipiendorum
2164 1274 2271 1350 jus
2309 1270 2687 1333 transmittit
2724 1274 2808 1331 ad
2848 1273 3117 1332 heredes
3140 1269 3238 1347 ¹⁴).

438 1372 524 1427 Ac
552 1363 751 1426 simile
787 1374 882 1426 est
899 1367 1006 1441 jus
1038 1366 1313 1425 civilium
1354 1367 1677 1427 fructuum
1706 1385 1819 1428 seu
1847 1370 2231 1444 pensionum
2251 1413 2268 1442 ‚
2318 1385 2487 1443 quae
2514 1369 2775 1443 quidem
2801 1411 2817 1438 ‚
2857 1369 3246 1443 simulatque

435 1469 701 1529 colonus
727 1466 1085 1541 perceperit
1109 1466 1382 1543 fructus,
1418 1470 1500 1527 ad
1528 1465 2082 1529 usufructuarium
2124 1472 2540 1545 pertinebunt
2561 1516 2577 1545 ‚
2613 1469 2830 1545 ejusve
2859 1470 3127 1527 heredes
3148 1467 3241 1538 ¹⁶);

436 1581 658 1625 earum
707 1569 922 1623 autem
965 1559 1383 1640 pensionum,
1426 1581 1593 1639 quae
1641 1581 1762 1639 pro
1804 1582 2020 1626 rerum
2068 1583 2200 1626 non
2242 1567 2699 1640 frugiferarum
2743 1583 2860 1625 usu
2905 1566 3247 1625 solvendae

438 1672 619 1738 sunt,
649 1671 892 1738 quanta
920 1681 1069 1738 pars
1099 1664 1453 1725 fructuario
1482 1666 1828 1743 debeatur,
1872 1668 2299 1729 heredibusve
2317 1711 2336 1741 ,
2377 1683 2456 1728 ex
2483 1681 2565 1727 eo
2591 1674 2881 1742 tempore
2906 1665 3237 1725 aestiman-

442 1764 595 1822 dum
619 1761 742 1821 erit
762 1802 780 1831 ‚
812 1776 944 1833 quo
974 1760 1090 1834 ipsi
1114 1776 1190 1820 ea
1211 1776 1285 1821 re
1311 1762 1404 1820 uti
1428 1762 1609 1821 licuit
1635 1759 1722 1836 ¹⁶).

529 1957 558 2030 S
596 1959 741 2021 287.
786 1961 852 2028 β)
900 1955 1192 2028 Quatenus
1233 1957 1300 2018 ds
1327 1957 1464 2036 juro
1503 1976 1604 2018 suo
1643 1957 1731 2017 vel
1770 1976 1833 2017 rs
1872 1958 1939 2017 in
1978 1954 2405 2032 usumfructum
2444 1955 2589 2017 data
2625 1959 2961 2036 constituere
3003 1956 3167 2017 licoat

1648 2052 1975 2133 fructuario
1997 2052 2029 2111 ?

526 2211 819 2291 Quamvis
838 2212 1002 2287 juris
1035 2212 1130 2271 sui
1163 2227 1332 2268 usum
1368 2210 1451 2268 ad
1491 2208 1648 2267 alios
1680 2207 2035 2267 transferre
2074 2209 2269 2268 liceat
2303 2203 2662 2267 fructuario
2702 2206 2750 2283 (§
2767 2208 2914 2267 286.
2945 2214 3082 2268 not.
3116 2210 3247 2286 3.),

443 2320 658 2372 tamen
694 2313 899 2386 ipsum
926 2312 1327 2372 ususfructus
1367 2310 1473 2385 jus
1503 2310 1737 2367 cedere
1786 2304 1893 2365 alii
1922 2311 2182 2384 nequit,
2233 2308 2541 2381 quoniam
2584 2322 2900 2381 personae
2947 2309 3251 2368 cohaeret

436 2409 545 2484 jus
572 2406 639 2484 ¹).
682 2413 768 2468 Ac
807 2411 1012 2467 multo
1044 2407 1237 2467 etiam
1266 2405 1475 2465 minus
1504 2420 1643 2464 rem
1673 2410 1888 2478 potest
1913 2404 1979 2462 in
2018 2404 2487 2462 usumfructum
2534 2403 2752 2462 datam
2780 2402 3090 2475 alienare,
3138 2414 3253 2464 aut

444 2501 782 2564 servitutes
825 2501 886 2564 ei
917 2506 1282 2579 imponere;
1313 2503 1488 2575 quod
1528 2517 1611 2560 ne
1652 2501 1917 2559 domino
1953 2501 2212 2575 quidem
2233 2547 2249 2575 ,
2282 2507 2601 2575 quatenus
2623 2516 2701 2559 ea
2728 2515 2800 2558 re
2827 2500 3111 2559 deterior
3141 2503 3253 2560 fiat

443 2604 842 2664 ususfructus
904 2605 1190 2663 conditio
1218 2646 1236 2679 ,
1300 2603 1596 2674 adeoque
1647 2616 1729 2658 ne
1783 2601 2231 2660 consentiente
2285 2599 2544 2673 quidem
2600 2599 2986 2668 fructuario,
3040 2598 3252 2658 facere

441 2702 591 2763 iicet
613 2695 682 2777 ²).
714 2704 883 2762 Nova
908 2702 1099 2762 etiam
1128 2706 1340 2776 potest
1367 2698 1758 2759 fructuarius
1790 2699 1999 2759 moliri
2030 2706 2228 2773 atque
2253 2699 2588 2757 instituere
2612 2696 2677 2755 in
2707 2693 2920 2756 fundis
2956 2695 3249 2758 usufruc-

443 2799 538 2857 tui
559 2799 874 2858 concessis
896 2839 914 2870 ‚
941 2805 1119 2858 certe
1149 2804 1446 2869 eatenus,
1475 2803 1796 2873 quatenus
1820 2811 1943 2856 nec
1975 2795 2364 2855 deteriorem
2392 2793 2585 2855 faciat
2615 2808 2752 2854 rem
2774 2838 2790 2867 ‚
2826 2808 2947 2854 nec
2989 2809 3250 2853 causam

502 2984 554 3048 7)
575 2991 628 3038 1..
648 2986 698 3038 9.
722 2993 749 3047 ς
771 2991 817 3036 1.
840 2985 888 3036 o.
908 2985 959 3035 7.
982 2988 1035 3035 ι..
1058 2985 1176 3046 mg
1195 2988 1456 3037 θ.ῐ).1ι.τ.
1946 2988 2024 3047 12)
2049 2991 2101 3036 1..
2123 2986 2173 3037 9.
2198 2990 2225 3044 ς
2242 2988 2290 3036 7.
2328 2991 2380 3034 1..
2405 2987 2481 3035 ιο.
2509 2989 2586 3035 11.
2611 2989 2665 3036 n.
2691 2988 2743 3034 Ιι.
2770 2990 2807 3036 t.
2831 2993 2892 3021 -ι
2922 2983 3246 3043 mositatis.

505 3050 557 3110 8)
577 3055 633 3100 1..
650 3052 701 3102 9.
724 3055 749 3108 S
771 3050 822 3100 4.
846 3055 898 3098 D.
922 3051 974 3098 li.
1000 3054 1036 3097 t.
1062 3074 1117 3084 —-
1140 3053 1177 3097 Α
1198 3064 1295 3110 quo
1327 3065 1424 3101 non
1445 3051 1670 3098 dissentit
1686 3050 1817 3100 Pau·
1884 3053 2067 3113 (xxiv,
2089 3051 2395 3111 5.)——Noodl
2413 3053 2452 3111 l,
2472 3049 2521 3097 7.
2543 3054 2570 3109 s
2585 3053 2759 3101 Simile
2777 3055 3047 3108 putemus.
3072 3073 3132 3083 -·
3153 3049 3251 3107 (Cf.

442 3116 519 3162 lus
541 3128 640 3164 rec.
663 3120 789 3164 sent.
825 3116 907 3162 nl.
930 3115 990 3160 Τ.
1013 3115 1089 3160 vl.
1114 3117 1140 3171 3
1162 3115 1240 3162 22.
1290 3139 1350 3148 ·—
1385 3115 1495 3162 vid.
1526 3113 1701 3161 Noodt
1720 3116 1754 3160 l.
1781 3116 1815 3161 l.
1881 3117 1937 3161 1..
1962 3113 2045 3161 30.
2067 3129 2140 3174 pr.
2169 3118 2222 3162 D.
2245 3114 2313 3162 de
2333 3116 2404 3162 V.
2427 3115 2501 3171 S.)

444 3178 493 3237 1,
526 3176 576 3225 0.
598 3178 648 3225 in
671 3179 709 3225 f.
735 3202 789 3210 —-
814 3176 1192 3234 Bsnkerslioek
1209 3178 1315 3225 obs.
1341 3179 1401 3236 V,
1421 3176 1472 3224 7.
1494 3176 1700 3223 -Unde
1720 3176 1818 3224 dici

443 3241 566 3287 solet
588 3255 601 3287 ι
641 3243 800 3288 latens
831 3241 1186 3287 incrementum
1228 3242 1460 3287 accedere
1502 3241 1778 3286 usufructui
1801 3272 1817 3300 ,

441 3314 540 3348 non
562 3304 680 3349 item
701 3309 869 3361 patens
880 3316 919 3349 s.
936 3313 1192 3359 apparens.
1206 3302 1365 3351 Gldck
1377 3304 1619 3349 Pand.1X.
1639 3313 1687 3358 p.
1702 3299 1816 3349 201.

446 3364 538 3418 (Cf.
564 3370 614 3411 et
631 3363 885 3412 ludovici
905 3364 1063 3412 doctr.
1096 3366 1325 3412 pandect.
1350 3366 1449 3411 Tit.
1475 3364 1543 3411 de
1565 3374 1685 3424 aeq.
1706 3375 1815 3412 rer.

445 3427 586 3474 dom.
608 3428 635 3482 S
663 3425 741 3474 u.
764 3423 863 3484 15.)

506 3489 556 3549 9)
578 3491 630 3536 L.
655 3488 705 3537 9.
729 3491 756 3544 ς
777 3490 825 3535 2.
847 3490 895 3535 3.
916 3490 973 3535 D.
993 3489 1045 3535 Ιι.
1069 3491 1108 3535 t.
1131 3514 1188 3522 —
1210 3491 1466 3537 Caeterum
1482 3494 1623 3548 sunt,
1645 3491 1817 3548 quire-

447 3553 700 3602 nascentla
714 3557 902 3599 tantum
924 3553 1123 3598 metalla
1145 3552 1459 3599 lucrocedere
1495 3552 1814 3598 usufructarii

443 3615 761 3673 arbitrentur,
791 3622 888 3660 non
911 3614 1031 3660 item
1048 3624 1102 3659 ea
1123 3647 1138 3670 ,
1162 3625 1288 3673 quae
1310 3615 1495 3661 renasci
1517 3626 1614 3661 non
1635 3616 1813 3672 solent,

442 3677 592 3736 (velut
616 3677 840 3725 Voetius
877 3677 938 3722 ad
961 3678 1115 3723 Pand.
1138 3676 1191 3723 h.
1220 3682 1256 3724 t.
1289 3679 1350 3724 de
1380 3676 1538 3725 usufr.
1565 3674 1716 3735 §24.;
1741 3676 1809 3722 cf.

440 3745 492 3787 et
525 3740 810 3797 Westplial
835 3740 861 3794 S
891 3736 985 3786 659
1007 3739 1098 3796 sq.)
1117 3772 1132 3796 ,
1156 3740 1260 3786 scil.
1297 3743 1408 3797 Arg.
1439 3742 1491 3786 L.
1525 3738 1573 3785 7.
1600 3743 1626 3797 s
1649 3740 1726 3785 13.
1749 3740 1806 3785 D.

441 3802 540 3850 sol.
565 3805 724 3851 matr.
743 3802 927 3861 (xxiv,
947 3803 1017 3859 3.)
1043 3818 1062 3838 u
1081 3802 1129 3847 Si
1153 3804 1226 3848 vir
1244 3802 1294 3848 in
1317 3802 1469 3848 fundo
1491 3802 1706 3848 mulieris
1724 3801 1809 3846 do-

441 3866 526 3912 tali
566 3865 851 3924 lapidicina
898 3872 1195 3910 marmoreas
1239 3865 1475 3910 invenerit
1508 3869 1556 3910 et
1598 3863 1808 3911 fundum

443 3928 816 3975 fructuosiorem
835 3926 1032 3982 fecerit,
1055 3937 1288 3986 marmor,
1308 3926 1438 3985 quod
1461 3938 1654 3973 caesum
1669 3962 1684 3985 ,
1704 3936 1799 3972 ne-

1946 3176 2023 3235 15)
2047 3177 2165 3234 356.
2187 3181 2224 3225 l.
2250 3178 2445 3224 der-er.
2470 3175 2646 3223 div.-
2661 3177 2715 3224 L.
2740 3172 2821 3223 48.
2845 3175 2873 3229 ς
2894 3174 2941 3219 1.
2967 3175 3024 3223 D.
3044 3173 3164 3221 eod.
3192 3196 3250 3206 —-

1881 3243 1935 3287 L.
1956 3237 2037 3287 42.
2065 3244 2119 3287 D.
2143 3241 2327 3288 deum
2341 3244 2400 3287 et
2419 3238 2608 3292 usufr.
2635 3236 2976 3301 leq.--Noodt
3007 3238 3043 3284 1.
3078 3238 3114 3284 l.
3140 3233 3252 3299 1‚5.

1887 3305 1913 3359 S
1933 3302 2037 3350 Sed
2057 3300 2399 3350 uerum.-—-Cf.
2424 3304 2449 3357 S
2472 3300 2585 3349 253.
2607 3307 2711 3350 not.
2728 3296 2776 3347 3.

1947 3365 2026 3422 14)
2060 3364 2179 3421 856.
2205 3368 2242 3413 l.
2262 3365 2330 3412 de
2349 3375 2458 3412 rer.
2480 3366 2655 3413 d1v.-—
2674 3367 2727 3411 1..
2751 3365 2830 3411 12.
2855 3364 2882 3418 S
2899 3361 2950 3410 ὗ.
2978 3363 3034 3409 D.
3063 3360 3119 3407 h.
3143 3364 3251 3407 t.—

1883 3429 1934 3475 1..
1961 3427 2039 3476 13.
2061 3432 2116 3485 D,
2135 3428 2278 3488 quib.
2304 3428 2440 3474 mod.
2467 3427 2670 3483 ususfr.
2704 3439 2813 3475 am.
2833 3427 2959 3487 (vn,
2980 3427 3048 3483 4.)
3076 3449 3130 3459 ——
3152 3424 3254 3471 Dis-

1881 3497 2006 3537 sent.
2039 3494 2221 3549 cujac.
2242 3491 2348 3538 obs.
2371 3491 2537 3549 xxiv,
2560 3492 2646 3539 21.

1946 3551 2024 3612 15)
2065 3556 2116 3600 L.
2143 3549 2223 3600 58.
2249 3565 2327 3612 pr.
2354 3553 2409 3600 D.
2432 3554 2486 3600 Ιι.
2509 3556 2548 3600 t.

1939 3614 2018 3674 16)
2052 3615 2199 3663 L.26.
2224 3618 2277 3664 D.
2303 3615 2354 3661 Ιι.
2376 3617 2414 3661 t.
2439 3639 2501 3648 —
2522 3615 2733 3662 Omnino
2772 3610 2838 3660 ct‘.
2882 3622 3029 3671 supra
3061 3614 3089 3669 ς
3121 3608 3242 3658 228.

1876 3679 1928 3725 in
1950 3679 1986 3726 f.
2006 3686 2056 3725 et
2078 3679 2241 3726 Glack
2264 3678 2415 3724 Pand.
2440 3680 2523 3725 lx.
2547 3690 2596 3736 p.
2617 3676 2715 3725 330
2738 3688 2844 3737 sqq.

2486 3800 2645 3859 3287.

1934 3925 1980 3983 1)
2014 3929 2128 3975 Scil.
2175 3931 2371 3986 propter
2412 3926 2570 3983 regul.
2608 3928 2662 3974 Ι..
2704 3923 2783 3973 15.
2826 3926 2879 3971 D.
2903 3923 3033 3980 ram.
3056 3919 3251 3970 ercisc.

442 4002 538 4049 que
554 3995 883 4049 exportatum,
905 3993 977 4035 est
995 3990 1178 4046 mariti,
1213 3994 1264 4035 et
1297 3990 1515 4048 impensa
1536 4001 1633 4035 non
1655 3993 1729 4036 est
1745 3989 1794 4035 ei
1860 3991 2247 4038 traditam—De
2279 3989 2523 4045 ejusmodi
2554 3988 2785 4036 cessionis
2824 3988 2870 4034 vi
2908 3995 3057 4047 atque
3078 3984 3258 4030 effectu

442 4054 732 4110 praestanda
758 4069 770 4099 ;
792 4052 906 4111 quia
932 4063 1019 4097 nec
1043 4052 1092 4097 in
1114 4050 1275 4098 fructu
1317 4059 1391 4099 est
1430 4062 1665 4110 marmor,
1702 4050 1798 4099 nisi
1859 4054 1982 4101 olim
2002 4053 2361 4100 dissensionem
2388 4051 2537 4097 fuisse
2563 4053 2689 4097 inter
2720 4052 2905 4096 veteres
2939 4050 3081 4096 ‚ictos
3110 4046 3259 4103 vulgo

441 4116 549 4161 talis
567 4114 658 4173 sit,
684 4119 736 4159 ut
758 4116 883 4173 lapis
928 4113 999 4162 ibi
1044 4118 1346 4171 renascatur,
1387 4116 1556 4173 quales
1592 4119 1705 4160 sunt
1747 4113 1799 4161 in

441 4177 618 4234 Gallia,
651 4181 832 4222 suntet
857 4178 909 4224 in
942 4178 1068 4225 Asia.
1090 4189 1118 4220 n
1161 4178 1221 4222 At
1241 4177 1350 4222 vide
1380 4189 1487 4225 van
1516 4176 1587 4222 de
1612 4178 1812 4224 Water

438 4238 545 4286 obs.
586 4239 667 4301 nl,
694 4236 773 4285 15.
809 4264 869 4273 -
891 4242 1146 4286 Caeterum
1178 4238 1399 4286 Pisanam
1424 4241 1473 4286 h.
1508 4239 1601 4285 loci
1638 4241 1809 4299 lectio-

444 4314 557 4348 nem
593 4302 889 4349 confirmant
918 4304 1232 4349 Basilicarum
1273 4307 1497 4349 auctores
1536 4326 1591 4333 —
1618 4300 1676 4347 Τ.
1723 4303 1806 4349 lV.

439 4377 492 4423 p.
521 4361 635 4412 544.
673 4366 699 4420 S
722 4364 799 4411 10.
822 4368 872 4410 et
895 4364 963 4411 ihi
997 4364 1147 4412 schol.
1191 4366 1442 4413 Dorothei
1464 4377 1520 4411 ac
1548 4363 1728 4419 cyrilli·
1749 4386 1810 4398 --

441 4436 491 4485 p.
513 4423 626 4474 376.
649 4432 749 4474 not.
774 4428 985 4485 y.——Nec
1004 4429 1101 4474 ulla
1129 4428 1315 4473 ratione
1331 4440 1358 4473 a
1382 4430 1574 4485 recepta
1597 4428 1806 4472 lectione

441 4490 675 4536 recedunt
694 4494 743 4534 et
763 4491 819 4535 J.
849 4490 1093 4547 cujas-ius
1115 4490 1221 4536 obs.
1247 4491 1350 4550 XV,
1373 4488 1453 4536 21.
1472 4495 1520 4534 et
1541 4491 1608 4534 A.
1636 4490 1811 4536 Faber·

442 4552 574 4609 conj.
604 4554 641 4610 l,
663 4549 775 4598 8.—
801 4551 877 4598 Cf.
899 4565 950 4601 v.
974 4554 1044 4601 de
1066 4556 1264 4603 Water
1283 4553 1318 4599 l.
1345 4555 1377 4600 l.
1396 4560 1447 4600 et
1469 4551 1630 4599 Gtiick
1651 4553 1803 4599 Pand.

443 4612 586 4661 xxv.
610 4626 657 4673 p.
680 4612 772 4660 113
793 4625 865 4673 sq.

504 4675 582 4734 10)
623 4679 678 4723 L.
713 4674 763 4722 9.
807 4678 833 4732 S
873 4673 920 4722 ὅ.
957 4677 1009 4723 L.
1056 4675 1135 4724 62.
1159 4679 1215 4724 D.
1247 4675 1297 4723 Ιι.
1325 4676 1625 4724 t.—1..26.
1662 4677 1716 4722 D.
1742 4675 1810 4724 de

442 4752 595 4786 usur.
617 4739 782 4795 (xxii,
821 4740 888 4796 1.)
912 4764 963 4773 —-
991 4741 1101 4787 vid.
1142 4739 1313 4788 Noodt
1355 4740 1463 4787 obs.
1494 4741 1542 4800 l,
1575 4738 1653 4787 10.
1679 4745 1728 4785 et
1749 4740 1811 4786 de

448 4803 601 4849 usufr.
628 4804 664 4848 l.
684 4800 734 4849 7.
760 4803 786 4856 S
803 4802 993 4848 Potius
1011 4800 1290 4861 attinqam.

508 4866 586 4922 11)
611 4865 663 4910 1..
683 4862 733 4911 9.
759 4862 855 4919 87.
881 4866 935 4911 D.
961 4864 1015 4912 Ιι.
1044 4867 1079 4910 t.
1103 4888 1162 4897 -
1187 4864 1201 4915 (
1226 4866 1412 4911 caeter.
1438 4863 1537 4911 vid.
1561 4865 1614 4910 1..
1640 4860 1690 4910 9.
1712 4860 1807 4920 ςῢ.

438 4927 596 4986 (Ὀφ).
613 4951 668 4960 —-
690 4927 742 4973 l..
765 4925 842 4972 12.
868 4938 944 4984 pr.
967 4926 1083 4975 eod.
1112 4951 1164 4961 —-
1196 4926 1249 4975 1..
1276 4924 1324 4973 7.
1348 4926 1375 4981 S
1394 4927 1471 4973 12.
1499 4927 1551 4974 D.
1580 4930 1677 4975 sol.
1700 4937 1807 4973 ma·

439 4991 575 5039 erint.
601 4990 783 5050 (xxiv,
801 4986 878 5049 3.)

1867 4116 2235 4163 dicunt.-Vid.
2261 4117 2313 4161 1..
2336 4112 2417 4161 66.
2446 4114 2501 4159 D.
2525 4113 2649 4171 dej.
2674 4111 2784 4160 dot.
2823 4114 3002 4167 (xxm
3028 4144 3042 4172 ,
3084 4105 3134 4155 δ.
3157 4110 3259 4165 )-

1871 4180 1981 4224 coll.
2027 4188 2140 4224 cum
2164 4178 2190 4233 ς
2211 4174 2259 4223 3.
2305 4178 2342 4223 l.
2377 4175 2428 4223 Ιι.
2474 4178 2510 4221 t.
2555 4183 2606 4222 et
2643 4175 2763 4231 G‘ffl
2797 4175 2913 4220 inst.
2959 4174 3001 4220 ll
3021 4207 3037 4229 ,
3079 4170 3161 4218 30.
3207 4174 3261 4216 et

1871 4238 2030 4287 Pauli
2077 4252 2177 4286 rec.
2202 4243 2324 4285 sent.
2351 4239 2431 4283 ΙΙΙ.
2458 4238 2558 4284 Tit.
2578 4236 2626 4284 6.
2647 4240 2672 4295 ς
2692 4236 2771 4284 52.
2797 4255 2861 4268 -
2883 4236 3028 4282 Varie
3049 4235 3260 4280 subinde

1872 4302 1922 4349 h.
1947 4304 1999 4349 ll.
2023 4301 2332 4359 interpretati
2376 4305 2490 4346 sunt
2531 4301 2663 4347 docti
2707 4299 2947 4346 homines.
2987 4299 3100 4343 Vid.
3135 4308 3184 4341 ν.
3207 4307 3255 4341 c.

1873 4375 1925 4411 a.
1956 4367 2111 4411 Costa
2132 4370 2181 4410 et
2204 4364 2373 4412 Vinn.
2405 4362 2465 4408 ad
2487 4365 2577 4421 ς3.
2604 4365 2642 4409 l.
2664 4363 2717 4410 Ji.
2747 4365 2781 4407 t.
2806 4385 2868 4394 ——-
2889 4360 3163 4407 Galvanus
3191 4361 3256 4405 de

1871 4426 2028 4474 usufr.
2052 4439 2097 4474 c.
2135 4424 2216 4472 38.
2244 4452 2300 4461 -
2323 4425 2510 4473 Huber
2546 4427 2678 4483 Digr.
2718 4423 2897 4471 sustin.
2938 4424 2989 4469 P.
3028 4424 3087 4469 lt.
3115 4422 3168 4467 L.
3193 4422 3253 4468 tl.

1870 4500 1911 4536 c.
1941 4487 2018 4535 18.
2037 4501 2163 4535 -υ,
2190 4488 2257 4535 de
2282 4491 2481 4536 φαῖεν
2500 4489 2604 4533 obs.
2628 4489 2687 4534 lll
2710 4521 2726 4543 ,
2750 4487 2827 4532 11.
2851 4508 2910 4517 -
2932 4483 3111 4532 Noodt
3145 4486 3177 4528 l.
3215 4485 3252 4530 l.

1871 4553 1913 4599 ll
1932 4584 1947 4607 ,
1972 4550 2051 4599 10.
2069 4576 2129 4586 -
2150 4550 2388 4600 Dirksen
2413 4549 2555 4596 Beitr.
2598 4562 2647 4597 z.
2686 4549 2853 4594 Kunde
2872 4545 2923 4593 d.
2949 4549 3004 4593 R.
3030 4549 3084 4592 R.
3113 4558 3166 4603 p.
3189 4543 3255 4593 57

1868 4613 2013 4661 -59.
2040 4609 2518 4671 (nr.lll.).-Pu99e5
2543 4612 2711 4658 Rhein.
2736 4613 2864 4657 Mus.
2892 4611 2929 4655 l.
2954 4622 3004 4668 p.
3032 4606 3123 4655 1⁴5
3143 4619 3254 4666 sqq.

1875 4701 1935 4710 —
1962 4680 2021 4723 At
2042 4678 2153 4724 vide
2176 4676 2424 4725 Huschke
2454 4676 2654 4722 Studien
2695 4676 2780 4720 des
2809 4675 2862 4718 ll.
2892 4673 2948 4718 R.
2986 4683 3034 4729 p.
3057 4669 3153 4717 240
3174 4682 3255 4729 sq.

1873 4736 2073 4786 not.71.
2098 4738 2411 4787 —Auctoris
2424 4738 2618 4785 Cession
2647 4750 2695 4795 p.
2715 4736 2795 4782 31.
2828 4740 2932 4781 not.
2968 4732 3029 4780 52
3048 4734 3112 4789 (3.
3129 4734 3251 4791 ed.).

1935 4802 1982 4859 2)
1999 4803 2050 4848 L.
2068 4799 2140 4847 15.
2166 4804 2213 4848 in
2235 4804 2268 4847 f.
2293 4801 2345 4848 Ιι.
2367 4805 2405 4847 e.
2431 4800 2477 4856 (ι
2492 4798 2803 4857 proprietatis
2824 4797 3049 4843 dominus
3073 4798 3255 4854 nequi-

1873 4865 1982 4910 dem
2016 4865 2346 4911 consentiente
2387 4863 2655 4910 fructuario
2689 4860 2972 4905 servitutem
3002 4861 3260 4917 imponere

1873 4931 2084 4983 pomum
2101 4927 2209 4973 vid.
2238 4925 2485 4972 Basilicor.
2510 4924 2616 4980 huj.
2641 4925 2674 4968 l.
2694 4923 2896 4979 interpr.
2923 4923 2983 4968 Τ.
3010 4918 3255 4979 tumst.

1875 5014 1925 5021 —
1946 4988 2168 5036 Noodti.
2197 4989 2231 5036 1.
2267 4988 2339 5034 11.
2361 4984 3110 5036 15.—-Fr.Scltoenianflandb.
3134 4985 3174 5032 l.
3197 4983 3254 5033 7.
