3544 5506
515 264 587 320 56
1343 276 1494 318 rans
1532 276 1675 319 can.
1707 278 1822 319 mn.
1851 279 1895 319 1.
1925 278 2001 319 nn
2024 278 2194 322 sums
2230 279 2530 323 remmus.

517 390 772 448 nimiam
798 391 968 447 illam
989 430 1006 455 ,
1038 401 1201 460 quae
1222 387 1565 459 aliquando
1582 387 1969 455 obtinuerat,
2001 392 2357 446 communis
2382 395 2718 449 Doctorum
2747 392 3066 466 opinionis
3087 405 3302 458 aucto·

516 488 767 545 ritatem
794 481 861 557 ⁴),
886 482 1223 561 adjustum
1250 483 1573 556 quendam
1599 484 1863 541 modum
1886 497 2193 542 revocare
2210 485 2420 544 conati
2441 494 2590 544 sunt
2611 490 3001 575 recentiores
3021 488 3088 567 ⁵).

737 682 761 753 §
792 682 884 736 42.
913 680 983 745 C)
1010 680 1159 748 Jus,
1182 678 1351 750 quod
1370 693 1450 734 ex
1474 679 1818 735 communis
1831 680 2005 741 juris
2023 680 2262 737 ratione
2282 683 2776 752 arqumentando
2797 686 3080 757 efficitur.

595 901 683 957 Ad
707 898 869 972 ,iuris
892 912 1025 955 non
1051 896 1267 968 scripti
1292 895 1532 967 species
1562 893 1792 951 merito
1814 893 2004 951 etiam
2036 892 2313 951 refertur
2343 893 2447 966 jus
2478 894 2629 952 illud
2648 936 2665 968 ,
2700 897 2871 968 quod
2895 911 2970 954 ex
2995 897 3144 970 jure
3166 898 3291 971 jam

514 999 758 1072 pridem
783 997 1158 1065 constituto,
1186 995 1315 1053 sive
1338 1009 1413 1052 ex
1437 993 1652 1065 scripti
1675 993 1807 1051 sive
1827 1007 1901 1049 ex
1929 1006 2061 1049 non
2087 993 2301 1065 scripti
2335 1008 2591 1065 genere.
2622 997 3129 1065 argumentando
3150 1011 3298 1054 con-

520 1095 967 1165 cludendoque
999 1088 1271 1149 efficitur
1306 1086 1372 1161 ¹).
1410 1090 1476 1146 Id
1522 1087 1693 1160 quod
1733 1087 1984 1145 duobus
2025 1088 2413 1159 potissimum
2449 1089 2652 1146 modis
2692 1085 2783 1147 fit.
2832 1093 2993 1162 Uno,
3034 1107 3177 1149 cum
3229 1108 3301 1149 ex

512 1194 791 1265 generali
817 1192 1026 1264 aliqua
1037 1190 1199 1263 juris
1223 1189 1450 1255 forma,
1486 1187 1726 1259 legibus
1753 1193 1865 1244 aut
1896 1187 2221 1258 proposita
2238 1194 2348 1245 aut
2375 1188 2608 1259 agnita,
2633 1191 2883 1248 occulta
2907 1193 3218 1263 quaedam
3238 1197 3301 1249 et

514 1290 693 1363 quasi
730 1289 1014 1347 involuta
1046 1298 1345 1342 eruamus
1381 1289 1574 1355 atque
1618 1282 2032 1354 explicemus„
2075 1284 2465 1355 omninoque
2504 1283 2566 1339 in
2603 1284 2856 1355 singulis
2891 1285 3302 1359 dijudicandis

512 1382 982 1458 quaestionibus
1012 1380 1069 1437 ei
1097 1380 1258 1437 adha
1267 1392 1651 1446 crescamus,
1685 1378 1859 1448 quod
1889 1375 1974 1433 illi
1999 1377 2192 1449 magis
2210 1379 2545 1436 conveniat
2568 1399 2587 1455 3
2607 1381 2781 1451 quod
2800 1381 3057 1453 quidem
3076 1383 3304 1441 dicitur

510 1483 614 1540 ree·
628 1484 939 1539 naturam
953 1478 1153 1551 sequi.
1179 1479 1350 1536 Alter
1366 1477 1785 1535 conclusionis
1804 1477 2037 1534 modus
2053 1477 2134 1534 ad
2166 1478 2499 1549 analogiae
2532 1493 2727 1553 genus
2752 1480 3026 1552 pertinet
3043 1500 3062 1556 ς
3079 1482 3158 1539 de
3178 1497 3304 1555 qua

510 1580 674 1639 infra
702 1580 870 1653 (Cap.
900 1577 1025 1649 lll.)
1054 1578 1346 1636 dicentur
1373 1578 1579 1649 plura.
1609 1578 1961 1649 Utrumque
1992 1583 2204 1634 autem
2231 1578 2716 1656 argumentandi
2747 1595 2943 1651 genus
2965 1594 3043 1637 eo
3059 1580 3302 1656 nititur,

514 1677 690 1750 quod
730 1691 860 1733 non
902 1679 1166 1746 possunt
1205 1673 1367 1746 juris
1419 1677 1715 1731 auctores
1742 1717 1757 1744 ,
1805 1671 2182 1744 principium
2242 1672 2500 1744 aliquod
2544 1675 2969 1746 approbantes
2990 1721 3006 1747 ‚
3060 1675 3124 1731 id
3174 1691 3305 1734 non

514 1775 854 1849 probasse,
885 1773 1057 1845 quod
1093 1771 1451 1830 necessario
1483 1786 1560 1829 ex
1600 1772 1707 1830 illo
1743 1772 2177 1843 consequitur.
2218 1775 2321 1829 Est
2352 1778 2605 1847 tamen,
2651 1774 2823 1845 quod
2860 1774 3109 1831 differat
3140 1772 3308 1833 inter

511 1879 880 1941 utrumque,
906 1868 1074 1940 quod
1102 1867 1424 1933 nimirum,
1445 1866 1538 1925 rei
1564 1872 1941 1939 potestatem
1957 1872 2149 1939 atque
2171 1873 2466 1924 naturam
2487 1875 2844 1940 sequentes,
2873 1885 2911 1927 a
2935 1870 3307 1940 generaliori

515 1968 596 2025 ad
615 1982 692 2024 ea
710 1962 1174 2037 progredimur,
1195 1976 1362 2034 quae
1374 1977 1448 2020 ex
1463 1962 1573 2019 illo
1591 1961 1975 2031 efficiuntur,
1999 1968 2221 2019 contra
2235 1977 2390 2020 vero
2409 1963 2471 2019 in
2492 1963 2813 2035 analogica
2831 1966 3307 2036 argumentandi

515 2062 765 2121 ratione
784 2059 906 2116 hoc
928 2058 1108 2116 nobis
1134 2057 1529 2130 propositum
1555 2064 1671 2127 est,
1696 2063 1768 2113 ut
1796 2056 2085 2129 pluribus
2105 2059 2310 2115 causis
2335 2057 2501 2115 inter
2525 2073 2593 2116 se
2612 2057 2996 2131 comparatis
3019 2060 3105 2130 id,
3135 2060 3306 2131 quod

516 2164 600 2220 de
623 2174 753 2218 una
792 2157 1102 2216 sancitum
1130 2162 1226 2215 est
1247 2200 1263 2227 ,
1300 2156 1705 2214 similitudine
1738 2157 2017 2228 quadam
2058 2156 2233 2215 ducti
2267 2158 2352 2214 ad
2381 2158 2646 2215 alteram
2671 2173 2928 2231 quoque
2954 2159 3305 2218 trahamus.

1587 2372 1617 2444 §‘
1636 2375 1728 2430 45.
1758 2376 1825 2443 D)
1846 2373 2148 2447 Aequitas
2173 2373 2269 2443 (⁴¹).

602 2583 940 2654 Aequitatis
953 2588 1019 2640 et
1039 2581 1178 2638 finis
1193 2586 1257 2637 et
1273 2579 1546 2638 officium
1568 2585 1665 2636 est
1685 2577 1998 2650 leqitimae
2008 2580 2077 2636 in
2101 2579 2284 2636 rebus
2304 2578 2637 2651 causisque
2653 2579 2885 2636 civium
2908 2579 3310 2653 aequabilita-

519 2679 601 2734 tis
630 2678 1018 2735 conservatio
1073 2674 1134 2751 ¹).
1172 2678 1371 2753 Quam
1399 2674 1790 2747 aequitatem
1828 2676 2150 2746 quomodo
2180 2673 2322 2731 tuiti
2360 2673 2483 2733 sint
2503 2675 2763 2732 Romani
2784 2674 2949 2748 juris
2984 2682 3317 2743 auctores,

521 2778 874 2850 eademque
888 2778 1212 2850 quomodo
1234 2777 1312 2833 ad
1331 2775 1436 2848 jus
1457 2774 1792 2847 antiquum
1815 2773 1880 2831 in
1907 2774 2128 2831 melius
2147 2773 2625 2831 reformandum
2653 2774 2749 2831 usi
2771 2775 2915 2849 sint,
2945 2789 3140 2848 supra
3175 2773 3322 2832 satis

521 2872 774 2945 copiose
795 2873 1183 2944 disputatum
1208 2871 1409 2928 videri
1440 2875 1652 2943 potest
1691 2865 1759 2941 ²).
1805 2871 1982 2926 Nunc
2002 2870 2346 2927 videndum
2381 2870 2461 2926 de
2490 2869 2834 2941 aequitate,
2869 2886 3061 2943 quam
3093 2870 3321 2928 etiam-

522 2983 677 3025 num
703 2969 767 3024 in
806 2967 1046 3038 legibus
1064 2967 1443 3040 judiciisque
1501 2964 2010 3026 administrandis
2036 2965 2156 3022 coli
2185 2972 2439 3037 oportet
2472 2961 2538 3037 ³).
2576 2965 2757 3037 Cujus
2795 2966 3050 3038 quidem
3088 2966 3317 3037 triplex

522 3067 806 3123 cernitur
833 3081 1080 3123 munus.
1126 3066 1398 3122 Primum
1441 3070 1570 3131 est,
1614 3070 1686 3121 ut
1717 3079 1754 3120 a
1787 3078 2035 3121 summo
2073 3063 2220 3136 jure
2257 3063 2577 3136 paulisper
2614 3065 2985 3139 recedatur,
3021 3063 3128 3120 ubi
3157 3063 3319 3121 illius

522 3180 673 3223 usus
694 3165 974 3239 justitiae
996 3165 1458 3237 aequitatisque
1480 3164 1587 3220 tini
1616 3163 1937 3236 ipsiusque
1970 3164 2343 3235 legislatoris
2365 3160 2674 3222 voluntati
2698 3164 2953 3222 minime
2975 3162 3322 3222 convenire

583 3386 632 3445 4)
653 3386 805 3434 Arth.
838 3387 984 3435 Duck
1005 3388 1065 3433 de
1086 3399 1173 3431 usu
1194 3390 1242 3431 et
1264 3392 1459 3433 auctore
1477 3387 1578 3442 jnr.
1624 3386 1716 3431 civ.
1764 3385 1872 3431 Lib.
2000 3385 2046 3443 1)
2091 3385 2190 3434 Cic.
2222 3386 2283 3432 de
2304 3385 2388 3433 off.
2426 3391 2470 3446 l,
2495 3385 2575 3434 42.
2609 3387 2669 3433 de
2709 3387 2793 3436 off.
2833 3391 2885 3448 1,
2922 3387 2998 3436 19.
3034 3388 3086 3444 (α
3109 3395 3319 3433 servare

524 3451 560 3495 l.
585 3462 630 3494 c.
652 3448 699 3495 8.
723 3453 748 3506 ς
770 3448 801 3494 5
826 3475 879 3481 —-
902 3449 980 3495 16.
1006 3474 1059 3481 —
1102 3447 1310 3503 Rcirlter·
1327 3452 1377 3495 D.
1403 3451 1462 3494 de
1484 3450 1763 3494 remissione
1801 3449 1876 3494 in·
1938 3449 2234 3505 aequitatem
2254 3482 2268 3507 ,
2293 3461 2417 3506 quae
2439 3450 2746 3506 estiustitiae
2768 3453 2977 3497 maxime
3001 3452 3202 3508 propria
3226 3463 3249 3486 n
3276 3448 3315 3504 ).

523 3516 653 3556 vent.
679 3524 705 3558 a
733 3517 960 3557 testatore
981 3536 1035 3543 —
1065 3512 1190 3557 tacta
1211 3513 1331 3565 (Kil.
1357 3511 1496 3558 1690.
1521 3509 1586 3567 4.)
1609 3514 1633 3566 3
1655 3509 1731 3555 18.
1751 3528 1771 3548 α
1786 3512 1878 3555 Ex·
1940 3510 2007 3556 ib.
2033 3512 2098 3564 ll,
2117 3512 2193 3557 12.
2218 3512 2271 3566 (ιι
2289 3512 2372 3556 Jus
2392 3514 2520 3559 enim
2540 3524 2729 3569 semper
2748 3516 3024 3570 quaesitum
3038 3520 3111 3557 est
3132 3521 3326 3570 aequa·

522 3577 598 3619 tra
620 3585 734 3618 vero
757 3573 1134 3619 controversiam
1157 3573 1308 3618 ferme
1329 3579 1403 3620 est
1421 3574 1880 3632 positum,commu-
1942 3572 2057 3630 bile,
2078 3585 2233 3630 neque
2255 3577 2385 3619 euim
2405 3578 2546 3621 aliter
2567 3581 2691 3621 esset
2705 3576 2786 3629 jus
2808 3577 3013 3633 1=.)-Cf.
3041 3576 3168 3632 Top.
3196 3586 3240 3620 c.
3265 3573 3315 3618 2.

524 3647 639 3680 nem
661 3637 938 3694 opinionem
958 3636 1135 3681 habere
1158 3635 1252 3679 vim
1278 3638 1393 3691 legis
1416 3644 1465 3682 et
1482 3637 1875 3694 consuetudinis,
1940 3635 2021 3681 Or.
2048 3647 2135 3692 pro
2156 3637 2359 3682 Caecina
2379 3649 2424 3682 c.
2450 3636 2531 3694 27,
2559 3635 2636 3682 28.
2666 3638 2724 3682 de
2747 3641 2927 3683 invent.
2951 3639 2989 3682 l.
3010 3638 3058 3682 2.
3096 3637 3227 3682 Lael.
3261 3631 3309 3680 5.

524 3709 635 3743 cum
657 3711 686 3744 a
707 3699 869 3744 multis
881 3699 1054 3743 veritas
1077 3698 1237 3754 potius
1272 3697 1436 3744 haberi
1479 3699 1647 3756 possit,
1678 3708 1825 3754 quam
1848 3710 1875 3743 a
1941 3701 1990 3741 et
2012 3698 2073 3742 al.
2101 3722 2157 3729 —-
2182 3699 2232 3744 L.
2259 3696 2337 3744 20.
2364 3701 2412 3745 in
2435 3699 2470 3744 f.
2493 3702 2547 3746 D.
2567 3700 2635 3745 de
2654 3699 2842 3754 rejud.
2868 3701 3003 3753 (xm
3029 3732 3045 3756 ‚
3068 3699 3136 3755 1.)
3154 3723 3215 3730 —
3236 3697 3313 3744 Cf.

524 3761 708 3818 paucis,
731 3767 781 3805 et
798 3763 929 3806 clara
946 3764 1091 3816 atque
1110 3763 1273 3816 aperta
1297 3771 1371 3805 res
1399 3763 1617 3818 dicatur,
1661 3770 1746 3815 pro
1780 3772 1875 3816 qua
1945 3760 2024 3805 W
2021 3759 2197 3805 ele-lter
2217 3760 2298 3804 dic
2323 3762 2501 3807 letzten
2521 3763 2716 3808 Gruude
2741 3774 2832 3808 von
2857 3761 3023 3819 Recht,
3045 3761 3188 3806 Staat
3210 3760 3312 3806 und

524 3825 598 3867 est
636 3824 905 3869 communis
942 3819 1131 3879 opinio.
1171 3823 1564 3880 quandoquidem
1611 3823 1788 3867 veritas
1828 3826 1877 3867 et
1940 3820 2097 3866 Strafe
2111 3834 2156 3879 p.
2183 3818 2278 3868 475
2292 3824 2653 3880 sqq.—-Ejusd.
2679 3824 2991 3883 system,etc.
3012 3824 3049 3868 l.
3075 3835 3124 3880 p.
3151 3818 3304 3876 624-

524 3886 795 3931 communis
817 3885 982 3944 opinio
1000 3884 1393 3941 aequiparantur.
1412 3900 1437 3926 n
1964 3881 2076 3929 650.
2097 3888 2146 3928 et
2168 3883 2232 3931 ibi
2258 3892 2359 3930 not.
2378 3884 2472 3933 485
2494 3912 2549 3919 -
2569 3883 2683 3933 494.

588 3944 990 4003 5)A.D.W'eber
1005 3946 1124 3991 uber
1135 3947 1213 3992 die
1226 3945 1613 4007 Processkostpm
1625 3947 1903 3993 derenver-
2030 3945 2078 3999 Ξ)
2101 3948 2126 4000 s
2147 3943 2196 3991 5.
2218 3945 2265 3992 7.
2290 3944 2368 3993 51.

526 4012 713 4067 gutung
747 4023 798 4055 u.
832 4009 1210 4067 Compensation
1233 4012 1258 4065 ς
1298 4009 1375 4055 10.
1400 4009 1478 4056 11.
1507 4034 1561 4041 -
1584 4009 1658 4054 Cf.
1702 4012 1751 4052 et
1794 4010 1903 4055 Pu·
2030 4005 2077 4064 ὅ)
2099 4008 2150 4053 1..
2172 4006 2252 4054 90.
2276 4010 2332 4054 Ι).
2351 4009 2419 4055 de
2441 4013 2676 4070 re9.jm·.
2703 4023 2728 4052 ιι
2747 4011 2802 4055 ln
2823 4004 3049 4055 omnibus
3068 4040 3083 4066 ,
3101 4006 3319 4053 maxime

526 4070 665 4117 ohta.
708 4073 839 4119 Gew.
866 4073 921 4119 R.
940 4084 988 4130 p.
1015 4068 1107 4117 164
1127 4084 1200 4129 sq.
1695 4087 1733 4126 ο
1971 4075 2133 4115 tamen
2158 4071 2204 4115 in
2219 4071 2350 4128 jure,
2368 4075 2586 4129 aequitas
2608 4072 2868 4128 spectanda
2885 4077 3007 4118 est.»
3024 4066 3323 4115 -1..8.c.de

1950 4130 2168 4187 judiciis
2188 4134 2268 4188 (lu
2283 4168 2297 4190 ,
2319 4134 2384 4191 1.)
2411 4151 2432 4171 κ
2452 4134 2636 4181 Placuit
2653 4170 2669 4189 ,
2692 4134 2742 4179 in
2767 4134 2991 4180 omnibus
3014 4132 3159 4177 rcbus
3183 4143 3323 4188 prae-

1146 4198 1172 4251 s
1193 4193 1272 4242 42.
1961 4197 2153 4252 cipuam
2173 4206 2275 4240 esse
2285 4195 2503 4250 justitiae
2520 4197 2873 4253 aequitatisque
2893 4206 3044 4254 quam
3065 4195 3223 4239 stricti
3239 4193 3322 4247 ju-

1959 4259 2025 4303 ris
2058 4258 2321 4303 rationem.
2345 4273 2370 4299 a»
2405 4258 2709 4315 [Haloand.
2757 4263 2865 4315 post
2916 4255 3325 4316 aequitatisque

590 4318 899 4376 1)J.C.Katl
910 4318 1099 4367 observ.
1117 4321 1294 4376 deiure
1311 4332 1408 4367 non
1426 4315 1892 4378 scripto,etc.p.14t3.
1958 4319 2127 4365 addit:
2147 4318 2393 4375 scriptae.
2419 4321 2528 4366 vid.
2553 4326 2714 4366 tamen
2738 4322 3028 4368 Connanus
3048 4320 3081 4363 l.
3102 4319 3135 4362 l.
3161 4319 3241 4363 Nr.
3265 4315 3322 4364 6.

1146 4414 1173 4467 3
1194 4408 1270 4459 43·
1960 4406 2018 4499 (—
2042 4383 2131 4426 Fr.
2157 4384 2446 4501 Βῗὸιέἶέιῖηε
2466 4383 2644 4490 diffult’.
2658 4384 2956 4491 ann‘ilversarl.
2976 4381 3152 4498 ιέὺηιῐὲ
3169 4376 3314 4487 eigil.

1994 4454 2180 4489 o..
2334 4455 2960 4491 ..-.oneus..
3142 4474 3155 4485 .
3259 4454 3320 4488 ι.

591 4500 651 4557 (⁴)
668 4501 757 4546 Fr.
782 4498 1019 4547 Connani
1055 4505 1390 4550 commentarii
1428 4501 1529 4557 jur.
1569 4504 1661 4549 civ.
1694 4502 1800 4548 Lib.
1852 4506 1888 4549 l.
1955 4455 2342 4565 Spgtr'aeqgnberq.
2369 4505 2428 4551 ad
2451 4505 2500 4552 h.
2521 4506 2554 4552 l.
2597 4512 2700 4553 not.
2719 4504 2838 4563 28.]
2880 4530 2934 4538 —
2979 4506 3057 4551 Cf.
3103 4503 3207 4550 Cic.
3228 4515 3326 4560 pro

526 4577 571 4611 c.
592 4564 672 4607 XI.
688 4564 822 4608 -Η,
850 4562 1098 4608 Donellus
1119 4567 1449 4612 commentarii
1464 4567 1564 4621 jur.
1587 4568 1682 4612 civ.
1711 4565 1819 4612 Lib.
1847 4567 1888 4611 l.
1956 4569 2159 4614 Caecina
2179 4564 2257 4613 28.
2286 4584 2307 4606 α
2327 4569 2483 4624 Nego,
2498 4570 2647 4614 ullam
2665 4581 2769 4615 rem
2785 4580 2887 4614 esse
2902 4603 2917 4625 ,
2938 4577 3063 4626 quae
3085 4570 3172 4610 aut
3186 4577 3329 4612 com-

524 4638 571 4674 c.
596 4625 715 4670 xlll.
740 4627 766 4680 g
788 4621 1108 4670 11-14,-J.
1135 4627 1189 4671 L.
1221 4628 1449 4675 Com-adi
1479 4641 1554 4675 or.
1594 4630 1654 4674 de
1685 4627 1811 4681 juris
1833 4634 1883 4674 et
1947 4629 2186 4688 prehendi
2210 4631 2344 4686 satis,
2369 4634 2455 4676 aut
2472 4633 2650 4688 caveri,
2674 4637 2761 4677 aut
2779 4630 2934 4687 excipi
2973 4627 3146 4687 possit,
3167 4627 3210 4672 si
3230 4634 3333 4676 aut

524 4687 784 4747 aequitatis
805 4688 930 4732 inter
949 4698 998 4733 se
1017 4697 1250 4734 consensu
1272 4690 1453 4748 (opusc.
1478 4692 1583 4737 Vol.
1600 4691 1636 4735 l.
1659 4687 1881 4747 p.517-
1945 4693 2209 4750 praeterito
2234 4693 2400 4751 aliquo
2422 4693 2598 4751 verbo,
2621 4699 2706 4739 aut
2728 4694 2952 4750 ambigue
2975 4690 3137 4748 posito
3162 4723 3178 4747 ‚
3200 4701 3326 4736 seu-

520 4749 1046 4808 566.).—Rapouader
1066 4748 1473 4814 Rechtsgelebrte,
1494 4758 1591 4798 etc.
1607 4752 1882 4810 (ubersetzt
1946 4754 2094 4799 tentia
2119 4758 2167 4800 et
2188 4766 2240 4800 re
2262 4755 2452 4813 cognita
2472 4788 2485 4810 2
2511 4767 2609 4801 non
2632 4755 2680 4802 id
2704 4789 2720 4814 ,
2741 4757 2868 4815 quod
2893 4752 3208 4813 intelligitur,
3229 4756 3324 4802 sed

524 4826 616 4860 von
635 4808 1250 4870 Griesinqer)p.95—107.
1945 4816 2013 4877 id,
2038 4817 2166 4874 quod
2189 4817 2388 4876 dicitur,
2414 4817 2606 4862 valebit.
2643 4832 2668 4859 n
