3544 5506
492 322 604 379 516

493 449 755 506 nomine
799 444 894 522 ¹⁰).
933 452 1267 507 Praeterea
1313 456 1569 522 poterat
1610 452 1804 508 etiam
1852 447 2177 509 vindicare
2207 466 2282 508 ex
2304 451 2455 523 ,iure
2491 446 2836 524 Quiritium
2884 451 3150 526 liberos,
3183 453 3288 525 qui

491 547 593 602 vel
622 545 731 616 ipsi
760 560 827 601 se
849 545 1276 603 subducerent
1303 547 1498 618 patri,
1528 547 1722 604 velab
1742 547 1877 604 aliis
1895 547 2359 604 detinerentur.
2396 550 2534 604 Jam
2574 562 2730 605 vero
2753 542 2916 619 juris
2943 549 3144 607 nostri
3186 565 3288 605 au·

488 641 769 698 ctoribus
798 640 994 712 magis
1028 656 1165 699 esse
1194 644 1575 700 conveniens
1603 644 1807 700 visum
1832 649 1927 700 est
1948 685 1965 716 ,
1994 649 2066 699 ut
2093 658 2224 701 non
2256 644 2432 699 velut
2465 658 2566 700 res
2590 649 2964 715 peterentur
2986 644 3163 701 liberi
3197 642 3282 716 ¹¹),

490 737 603 794 sed
647 743 758 792 aut
797 736 1202 810 praejudiciis
1239 734 1327 810 ¹²),
1363 745 1474 795 aut
1505 739 1869 810 cognitione
1906 739 2259 810 praetoria,
2291 745 2404 796 aut
2438 738 2812 812 interdicto,
2843 738 3083 796 seilicet
3108 741 3193 796 de
3218 739 3288 794 li-

488 834 657 890 beris
681 831 1048 890 exhibendis
1072 839 1138 889 et
1173 833 1484 891 ducendis
1511 835 1528 901 (
1550 840 1685 892 not.
1715 833 1873 902 11.).
1900 833 2081 910 Quod
2106 830 2519 893 interdictum
2539 876 2554 903 ‚
2585 835 2734 892 licet
2767 834 2960 891 etiam
2988 834 3289 906 adjuvan·

488 930 608 986 dae
631 927 1021 986 educationis
1041 930 1245 1000 gratia
1268 929 1641 1002 parentibus
1661 927 2047 1001 competat(§
2060 929 2207 988 548.
2235 932 2319 988 in.
2342 929 2437 1001 1.),
2467 936 2680 986 tamen
2698 936 3024 1001 tamquam
3047 930 3287 1002 patriae

488 1025 817 1096 potestatis
856 1024 1239 1096 praesidium
1273 1042 1306 1082 a
1338 1030 1638 1084 Praetore
1678 1021 1955 1098 primum
1999 1025 2440 1084 introductum
2469 1032 2595 1093 est,
2647 1040 2853 1098 eaque
2881 1040 3134 1098 semper
3160 1025 3287 1083 sere

489 1126 612 1183 erit
644 1126 705 1182 in
735 1125 855 1182 hoc
900 1126 1240 1184 interdicto
1282 1121 1458 1199 prior
1507 1142 1585 1185 ac
1633 1125 1962 1200 potentior
1990 1141 2186 1185 causa
2227 1123 2323 1200 ¹³).
2357 1129 2692 1185 Caeterum
2733 1140 2853 1184 nec
2893 1126 3288 1199 possidentur

488 1222 667 1280 liberi
699 1237 737 1277 a
765 1223 1055 1293 patribus
1087 1217 1178 1296 ι1).

1005 337 1157 378 PARS
1196 336 1351 378 SPEC.
1391 338 1509 380 Lm.
1550 337 1640 380 tv.
1683 339 1758 380 DE
1797 338 1951 380 :mut
1986 337 2319 380 nomnco
2356 338 2428 379 m·
2465 338 2784 379 ruffinam.

839 1417 865 1489 S
891 1418 1038 1478 565.
1069 1421 1142 1476 11.
1169 1415 1410 1486 Qualem
1429 1416 1664 1475 omnino
1674 1426 1839 1494 qerat
1855 1436 2163 1496 personam
2184 1417 2612 1498 filiusfamilias,
2640 1417 2961 1496 quaeritur.

571 1610 1027 1672 Filiusl'amilias
1057 1616 1120 1672 in
1153 1615 1422 1688 publicis
1450 1613 1656 1674 causis
1674 1661 1690 1687 ‚
1720 1616 1996 1673 velutin
2024 1616 2400 1674 muneribus
2430 1615 2741 1674 obeundis
2763 1615 3283 1673 administrandis·

491 1730 642 1786 que,
659 1714 809 1786 jure
831 1713 1294 1786 patrisfamilias
1318 1716 1692 1772 aestimatur
1718 1713 1785 1786 1).
1805 1718 1880 1773 At
1908 1717 2112 1774 necin
2150 1711 2407 1788 privatis
2433 1719 2638 1774 causis
2668 1730 2948 1787 persona
2972 1712 3275 1785 deficitur,

493 1820 808 1885 quatenus
831 1814 1086 1886 quidem
1114 1815 1568 1886 impedimento
1591 1830 1721 1873 non
1751 1822 1848 1873 est
1876 1817 2083 1888 patria
2107 1823 2408 1886 potestas.
2443 1817 2741 1888 Adeoque
2767 1816 2931 1873 tilius
2948 1823 3016 1872 et
3042 1810 3279 1885 negotia

493 1919 671 1970 recte
701 1913 864 1984 gerit
883 1958 901 1988 ‚
933 1921 1000 1972 et
1027 1914 1140 1971 sibi
1162 1914 1426 1986 aliisque
1452 1915 1602 1987 jura
1625 1917 1934 1987 acquirit,
1964 1922 2029 1973 et
2059 1911 2461 1986 obligationis
2482 1931 2645 1973 onus
2664 1956 2680 1982 ‚
2709 1916 3064 1972 dummodo
3092 1913 3277 1986 pubes

493 2009 573 2065 sit
593 2003 663 2081 ²),
683 2008 1001 2067 contrahit
1017 2010 1089 2082 ³),
1112 2005 1386 2082 denique
1398 2010 1640 2083 judicio
1664 2010 1941 2081 legitime
1954 2007 2240 2069 consistit
2260 2012 2310 2082 (S
2331 2010 2533 2086 569.).
2550 2010 2761 2087 Qualis
2784 2017 3001 2067 autem
3027 2012 3090 2066 in
3107 2009 3278 2066 rebus

493 2108 758 2179 privatis
782 2107 1027 2180 patriae
1052 2103 1383 2180 potestatis
1411 2109 1504 2165 vis
1545 2108 1624 2165 sit
1651 2115 1847 2180 atque
1880 2110 2264 2182 auctoritas,
2302 2108 2366 2165 id
2390 2109 2488 2165 vix
2520 2115 2616 2165 est
2645 2113 2718 2164 ut
2748 2108 3035 2179 generali
3077 2106 3278 2164 delini-

491 2203 672 2265 tione
702 2202 1144 2280 contineatur‚
1179 2224 1300 2267 nec
1336 2207 1473 2280 ejus
1503 2206 1596 2265 rei
1638 2209 1815 2266 omni
1859 2215 2149 2281 tempore
2176 2209 2404 2266 eadem
2448 2208 2564 2265 luit
2610 2209 2795 2266 ratio.
2844 2211 3275 2265 Verumtamen

491 2304 710 2375 negari
735 2319 869 2361 non
916 2319 1099 2376 posse
1130 2304 1419 2373 videtur,
1467 2303 1593 2360 hoc
1639 2309 1965 2375 tamquam
1995 2304 2375 2376 principium
2395 2303 2559 2377 juris
2598 2303 2799 2362 nostri
2845 2310 3150 2361 auctores
3178 2316 3277 2373 po·

490 2398 722 2469 wisse,
766 2397 1009 2456 scilicet
1060 2398 1122 2454 in
1153 2391 1362 2454 causis
1392 2397 1785 2469 negotiisque
1829 2396 2127 2470 privatis,
2179 2413 2311 2470 qua
2339 2397 2596 2470 quidem
2630 2399 2711 2455 ad
2743 2411 2882 2454 rem
2923 2395 3270 2454 familiarem

489 2500 890 2568 spectarent,
913 2508 1105 2550 unam
1131 2509 1268 2551 esse
1295 2494 1695 2564 eandemque
1717 2500 1785 2551 et
1809 2493 2008 2566 patris
2034 2499 2354 2551 eteorum
2372 2535 2389 2564 ‚
2421 2493 2531 2565 qui
2561 2508 2696 2552 una
2724 2493 2970 2566 patriae
2994 2485 3268 2564 potestati

489 2590 757 2665 subjecti
789 2588 948 2667 sint,
993 2607 1332 2665 personam
1382 2588 1463 2666 ⁴>3
1510 2609 1703 2665 quam
1732 2593 1992 2666 quidem
2033 2591 2321 2650 unitatem
2337 2608 2721 2668 personarum
2764 2587 3149 2650 recentiores
3178 2605 3271 2646 vo-

488 2699 641 2750 cant
664 2689 736 2766 5).
757 2695 938 2771 Quod
955 2734 971 2760 ,
998 2694 1540 2767 quemadmodum
1568 2710 1644 2751 ex
1662 2710 1742 2753 eo
1761 2696 1901 2753 solo
1923 2738 1938 2765 ‚
1963 2701 2293 2767 tamquam
2316 2709 2394 2751 ex
2419 2693 2599 2752 sonte
2625 2694 2908 2751 manavit
2928 2738 2946 2765 ‚
2971 2693 3131 2766 quod
3147 2703 3260 2746 non

491 2793 606 2850 nisi
629 2794 890 2851 unicum
912 2791 1060 2852 olim
1087 2796 1337 2851 esset-in
1359 2795 1714 2853 domestica
1738 2796 2041 2854 societate
2060 2789 2519 2867 patrimonium
2543 2793 2862 2867 huJ’usque
2882 2800 2947 2852 et
2964 2793 3261 2851 modi-ator

492 2895 560 2947 et
597 2890 889 2948 dominus
919 2890 1372 2963 paterfamilias
1401 2911 1417 2948 ε
1444 2896 1533 2949 sic
1562 2892 1625 2948 in
1656 2892 1811 2950 alias
1841 2906 2064 2949 causas
2083 2936 2098 2962 ‚
2126 2891 2242 2947 nisi
2282 2905 2449 2962 quae
2480 2891 2541 2947 in
2571 2891 2688 2947 ista
2729 2891 2975 2948 ratione
2998 2885 3254 2946 contine·

492 2993 752 3062 rentur,
788 2987 1046 3045 minime
1087 2989 1302 3045 valere
1329 2987 1539 3060 potuit
1574 2984 1641 3061 ⁶).
1686 2991 1826 3046 Jam
1858 2983 2048 3058 igitur
2090 2986 2148 3059 1)
2194 2985 2348 3043 nihil
2380 2985 2618 3043 habere
2656 2981 2899 3059 proprii
2945 2977 3261 3056 antiquitus

555 3178 631 3236 10)
661 3178 752 3231 §9-
780 3181 816 3225 1.
840 3178 907 3226 de
929 3180 1054 3242 obl„
1075 3192 1216 3239 quae
1233 3192 1304 3227 ex
1321 3181 1424 3228 del.
1451 3208 1512 3217 —-
1546 3181 1697 3231 1..14.
1722 3180 1848 3239 915.

489 3242 542 3287 D.
566 3241 632 3288 de
651 3238 780 3293 sure.
816 3266 879 3279 -
911 3245 1104 3290 caeter.
1147 3244 1244 3289 vid.
1293 3245 1345 3290 1..
1382 3243 1464 3294 58.
1506 3248 1532 3301 S
1571 3244 1617 3293 1.
1655 3248 1708 3291 D.
1732 3245 1851 3291 eod.

490 3319 516 3345 ιι
540 3306 830 3351 Liberat-um
852 3318 1167 3365 personarum
1191 3319 1388 3353 nomine
1411 3341 1426 3363 ,
1451 3309 1563 3354 licet
1585 3309 1700 3354 furti
1724 3310 1854 3353 actio

489 3368 570 3424 sit,
591 3370 837 3414 condictio
863 3375 1026 3414 tamen
1048 3381 1285 3428 nusquam
1303 3371 1601 3416 esim—vid.
1618 3368 1854 3417 Vinm'tes

494 3433 543 3475 in
566 3437 830 3478 comment.
852 3433 913 3476 ad
947 3432 1033 3485 §9-
1053 3433 1188 3478 Leit.
1213 3440 1259 3476 et
1274 3433 1589 3483 Heineccius
1605 3436 1652 3478 in
1670 3441 1776 3479 not.
1792 3434 1855 3479 ad

492 3498 641 3538 eund.
669 3493 948 3539 Vinnium.

558 3554 710 3612 ml..
737 3557 780 3600 1.
810 3556 978 3611 52.st
1003 3555 1069 3600 de
1093 3557 1154 3600 R.
1179 3556 1368 3611 V.(Vl
1393 3590 1409 3613 ‚
1440 3555 1485 3602 1.
1510 3559 1526 3607 )
1569 3571 1595 3599 ιι
1617 3558 1706 3602 Per
1727 3557 1857 3604 hanc

492 3625 659 3664 autem
694 3619 939 3664 actionem
962 3619 1145 3664 liberae
1166 3630 1427 3675 personae,
1451 3631 1577 3677 quae
1598 3625 1713 3665 sunt
1731 3621 1856 3674 juris

500 3683 651 3726 nostri
680 3716 693 3736 ,
730 3687 903 3737 utputa
930 3680 1068 3726 uberi
1096 3713 1111 3737 ,
1143 3680 1226 3737 qui
1248 3688 1359 3725 suut
1381 3684 1429 3725 in
1451 3687 1690 3738 potestate
1714 3715 1729 3737 ,
1753 3695 1850 3728 non

491 3747 741 3798 petuntur.
778 3744 1012 3790 Petuntur
1036 3745 1180 3799 igitur
1204 3748 1288 3788 aut
1311 3743 1644 3803 praejudiciis,
1668 3751 1753 3790 aut
1774 3747 1849 3792 in-

492 3807 706 3851 terdictis
730 3840 745 3863 ‚
773 3812 856 3851 aut
878 3807 1151 3862 cognitione
1175 3807 1440 3867 praetoria3
1460 3812 1509 3852 et
1534 3810 1603 3852 ita
1630 3809 1745 3854 Pom
1757 3820 1847 3865 po-

491 3867 598 3911 uius
615 3869 697 3917 lib.
723 3869 945 3915 xxxvii.
970 3884 980 3913 :
1012 3869 1101 3913 nisi
1122 3868 1267 3921 Forte..
1290 3867 1467 3925 inquit,
1489 3870 1678 3925 adjecta
1697 3881 1850 3917 causa

488 3931 596 3984 quis
620 3933 856 3977 vendicet.
882 3932 929 3975 Si
952 3933 1060 3987 quis
1088 3932 1154 3975 ita
1175 3932 1296 3986 petit
1320 3931 1474 3977 lilium
1495 3944 1635 3978 suum
1670 3933 1777 3989 [vel
1800 3933 1850 3979 in

492 3993 805 4052 potestate?]
850 4004 920 4040 ea:
945 3994 1078 4050 ,fure
1119 3994 1384 4051 Romano,
1425 3994 1615 4040 videtur
1646 3995 1764 4041 mihi
1803 4002 1855 4041 et

489 4053 782 4112 Pomponius
806 4057 1244 4108 consentire,recte
1267 4067 1381 4102 eum
1398 4058 1552 4114 egisse
1576 4071 1587 4100 ε
1613 4059 1681 4103 ait
1700 4060 1853 4114 enim,

489 4116 678 4172 adJecta
701 4131 843 4163 causa
870 4130 925 4163 ex
955 4120 1057 4177 lege
1082 4118 1345 4171 Quiritium
1378 4115 1624 4165 vindicare
1646 4133 1802 4179 posse.
1829 4135 1854 4161 ι»

1914 3183 1968 3229 1..
1993 3179 2071 3227 15.
2091 3180 2111 3232 ς
2132 3179 2187 3228 5.
2206 3183 2257 3227 1..
2281 3179 2357 3228 14.
2385 3194 2433 3239 p.
2459 3183 2513 3229 n.
2538 3181 2614 3228 aa
2645 3184 2753 3230 sce.
2788 3182 2934 3230 που.
2960 3174 3265 3238 ‹xxxvia›

1916 3268 1972 3277 -
2000 3246 2051 3291 1..
2090 3243 2140 3290 ὅ.
2170 3245 2223 3289 D.
2248 3244 2510 3301 deadopt.
2557 3245 2719 3304 (1,7.
2744 3249 2760 3302 )
2785 3246 2995 3292 -1..ῑ’ὶ.
3021 3239 3262 3295 υ.άευ[1“.

1916 3308 2099 3353 Praet.
2124 3307 2183 3361 (1,
2211 3306 2424 3363 14)-1..
2451 3309 2498 3353 4.
2521 3308 2575 3354 C.
2598 3319 2667 3355 ne
2696 3308 2773 3363 sil.
2793 3319 2896 3364 pro
2934 3311 3105 3364 patre.
3148 3304 3234 3359 (lv
3255 3333 3270 3357 v

1919 3367 2078 3427 15.)-
2101 3370 2291 3415 Caeter.
2327 3370 2421 3413 vid.
2454 3371 2502 3414 1..
2530 3368 2609 3414 20.
2633 3370 2660 3425 s
2679 3369 2728 3416 6.
2754 3371 2806 3415 D.
2829 3369 2966 3422 sam.
2989 3368 3166 3417 ercisc.
3189 3367 3271 3421 (x,

1918 3432 2104 3487 2.)—1..
2132 3430 2176 3476 1.
2196 3433 2221 3486 s
2245 3431 2325 3478 16.
2352 3433 2406 3478 D.
2429 3430 2496 3477 de
2517 3433 2696 3479 collat.
2719 3433 2970 3491 (xxxvii,
2992 3430 3173 3488 (1.)-1..
3194 3441 3271 3473 un.

1917 3495 1970 3540 C.
1989 3493 2055 3539 de
2068 3491 2234 3549 peric.
2254 3506 2547 3542 successor.
2567 3505 2690 3550 par.
2710 3497 2789 3551 tx,
2810 3491 2913 3549 61.)

1980 3556 2029 3613 ⁴2)
2066 3558 2186 3600 Nam
2212 3562 2329 3616 «iqui
2355 3561 2404 3603 in
2429 3562 2666 3613 potestate
2703 3559 2918 3615 parentis
2943 3561 3016 3601 est
3037 3554 3268 3611 impubes,

1919 3632 2008 3665 nec
2032 3622 2227 3662 auctore
2249 3622 2446 3676 quidem
2472 3625 2606 3674 patre
2625 3619 2892 3675 obligatur.
2918 3635 2943 3660 n
2971 3619 3022 3662 1..
3048 3615 3199 3669 141.5
3226 3615 3270 3658 2.

1922 3682 1975 3727 D.
1999 3681 2066 3726 de
2090 3679 2156 3724 V.
2182 3683 2421 3740 0.(Χ1Ν.
2444 3682 2513 3736 1.)
2538 3704 2591 3712 —-
2616 3682 2721 3727 vid.
2742 3684 2768 3736 3
2786 3678 2899 3727 178.
2923 3686 3025 3726 not.
3048 3678 3123 3726 10.
3148 3687 3192 3723 et
3222 3677 3274 3720 de

1914 3742 2233 3789 filiofamilias
2260 3746 2448 3790 minore
2472 3743 2600 3788 iufra
2621 3744 2647 3797 S
2672 3740 2785 3789 574.

1974 3807 2023 3862 3)
2059 3802 2174 3859 Gaje'
2210 3806 2323 3852 inst.
2351 3808 2430 3852 111.
2451 3807 2477 3860 S
2503 3802 2612 3850 11-1.
2641 3829 2697 3838 -
2719 3806 2771 3850 1..
2795 3802 2842 3850 8.
2872 3817 2949 3863 pr.
2975 3804 3023 3850 in
3060 3804 3095 3850 f.
3136 3805 3189 3848 D.
3209 3799 3267 3845 de

1908 3879 2059 3924 proc.
2095 3867 2195 3919 (ltl.
2215 3869 2283 3926 5.)
2310 3896 2367 3905 -
2390 3870 2441 3913 1..
2466 3865 2545 3913 57.
2577 3867 2626 3912 in
2649 3868 2684 3913 t.
2712 3870 2763 3912 1).
2788 3869 2858 3913 de
2879 3865 3001 3921 jud.
3026 3866 3100 3922 (V.
3133 3865 3195 3920 1.)
3217 3886 3269 3895 --

1915 3934 1940 3985 S
1959 3932 2007 3975 6.
2035 3932 2084 3973 in
2109 3928 2145 3973 l'.
2171 3930 2208 3974 1.
2230 3930 2296 3977 de
2317 3928 2490 3979 inum.
2510 3929 2683 3985 stipiti.
2713 3954 2768 3962 —
2796 3931 2847 3975 L.
2870 3927 2954 3974 59.
2977 3930 3031 3974 D.
3054 3928 3123 3973 de
3147 3931 3200 3974 0.
3223 3927 3269 3970 el

1915 3992 2189 4049 A.(x1.tV‚
2210 3990 2339 4047 7.)-
2363 3990 2667 4049 1..141.32.
2691 3991 2759 4037 de
2782 3993 2853 4038 V.
2879 3991 3095 4042 0.-(31.
3120 3994 3149 4048 s
3167 3987 3267 4035 178.

1917 4060 2021 4102 not.
2045 4053 2093 4101 9.
2120 4057 2172 4101 et
2197 4057 2223 4110 s
2242 4053 2337 4104 570
2361 4066 2469 4113 sqq.

1982 4116 2030 4174 4)
2064 4119 2088 4173 S
2130 4114 2177 4162 4.
2220 4120 2254 4164 Ι.
2300 4120 2369 4166 de
2408 4116 2576 4163 inum.
2620 4115 2801 4171 stipat.
2846 4140 2909 4148 —
2949 4117 3003 4162 1..
3040 4115 3128 4161 ult.
3163 4114 3209 4159 in
3244 4110 3276 4155 f.

493 4202 554 4210 —-
589 4181 663 4225 Ct‘.
705 4183 773 4227 H.
816 4181 1020 4227 Donelli
1052 4189 1316 4226 comment.
1335 4180 1374 4234 j.
1399 4183 1493 4226 civ.
1521 4183 1580 4228 11.
1606 4195 1650 4229 c.
1677 4183 1755 4229 25.
1781 4185 1806 4237 ς
1828 4181 1859 4228 7
1921 4180 1975 4224 C.
2020 4178 2087 4225 de
2129 4180 2327 4234 inumb.
2371 4182 2423 4227 et
2452 4180 2522 4224 al.
2544 4178 2709 4225 subsc.
2736 4179 2835 4236 (Vl,
2858 4176 2964 4237 26.)
2986 4202 3045 4210 —-
3065 4177 3137 4222 cf.
3161 4176 3277 4221 infra

493 4255 599 4301 sqq.
636 4250 684 4288 et
713 4243 972 4293 Gebaueri
1022 4245 1075 4289 D.
1102 4245 1137 4288 1.
1176 4254 1219 4290 c.
1245 4245 1293 4288 2.
1329 4243 1429 4302 52.
1462 4270 1521 4278 —
1555 4247 1858 4291 Caeter.v1d.

489 4304 760 4351 Zimmern
784 4307 923 4352 Rom.
955 4307 1008 4351 R.
1025 4308 1081 4351 G.
1102 4306 1128 4360 ς
1149 4301 1262 4351 179.
1283 4310 1388 4351 not.
1402 4304 1484 4352 28.

559 4367 635 4424 12)
660 4369 766 4415 vid.
793 4380 939 4427 supra
968 4371 992 4424 S
1016 4366 1125 4414 185.
1154 4372 1260 4412 not.
1282 4366 1330 4414 5.

1924 4247 2036 4356 ηοξ)
2056 4243 2339 4353 ιέἐεῗὲνῖἶὶ.
2361 4303 2531 4355 Andr.
2558 4306 2699 4352 mor.
2721 4303 2895 4351 nivini
2916 4298 3280 4363 (resp.110eter)

1928 4368 1982 4412 D.
2007 4370 2067 4412 de
2090 4370 2322 4426 figmento
2345 4370 2552 4414 fictionis
2580 4370 2782 4414 unitatis
2809 4369 2938 4413 inter
2957 4376 3147 4426 patrem
3167 4368 3215 4408 et
3232 4361 3280 4406 fi·

564 4430 635 4485 15)
660 4432 760 4489 Dig.
781 4431 937 4487 (thtl
959 4467 973 4487 ,
997 4430 1096 4486 50.)
1115 4428 1184 4479 de
1207 4428 1385 4476 tiber-Is
1406 4430 1717 4479 exhibendis
1741 4432 1863 4479 item
1926 4431 2064 4475 lium.
2090 4433 2216 4489 Lips.
2247 4430 2385 4479 1760.

492 4493 780 4541 ducendis.
807 4520 865 4527 —-
888 4494 962 4540 Cf.
987 4505 1132 4551 supra
1157 4493 1182 4545 S
1207 4490 1320 4538 548.
1347 4499 1449 4538 not.
1475 4493 1592 4550 15.).

568 4555 637 4612 14)
660 4555 895 4616 Savt'qny
922 4559 1076 4602 Besitz
1099 4558 1124 4611 s
1147 4554 1200 4601 9.
1221 4559 1314 4612 ets
1340 4555 1420 4602 26.
1457 4556 1556 4611 (ed.
1579 4558 1675 4615 V.).
1706 4582 1763 4591 —-
1788 4558 1862 4604 Cf.

499 4618 613 4674 Gaji
634 4625 748 4663 inst.
773 4622 808 4665 tl
828 4653 842 4673 .
862 4618 943 4667 00.
979 4626 1026 4665 et
1068 4620 1119 4665 1..
1145 4616 1226 4665 50.
1269 4631 1340 4679 pr.
1369 4621 1423 4664 D.
1445 4619 1513 4667 de
1536 4630 1655 4678 aeq.
1683 4632 1730 4666 υ.
1756 4631 1864 4667 am.

488 4693 643 4741 pos-5.
669 4683 802 4740 (xm,
827 4683 895 4738 2.)

1094 4807 1119 4860 S
1143 4803 1267 4855 ¹565.

1990 4494 2037 4551 6)
2074 4495 2182 4539 vid.
2206 4506 2250 4538 v.
2276 4507 2320 4539 c.
2346 4491 2443 4550 §8-
2468 4494 2505 4539 1.
2530 4493 2598 4538 de
2620 4493 2736 4538 test.
2757 4490 2934 4537 ordin.
2959 4518 3017 4525 —
3035 4492 3278 4553 Caeterum

1930 4555 2030 4615 ipse
2052 4556 2185 4601 abuti
2210 4558 2399 4602 videtur
2422 4557 2661 4613 principio
2698 4555 3003 4600 Justinianus
3037 4556 3155 4608 imp.
3171 4584 3186 4606 ‚
3204 4559 3278 4605 <ml

1929 4620 1977 4662 lu
2001 4631 2142 4663 causa
2169 4619 2217 4664 t..
2240 4620 2328 4664 ult.
2351 4617 2483 4664 C.de
2499 4615 2690 4675 impub.
2715 4619 2771 4663 et
2789 4616 2866 4661 al.
2888 4614 3174 4669 subitost,
3191 4609 3283 4679 265)

1929 4684 2177 4738 proposita
2205 4688 2332 4726 reete
2352 4682 2548 4738 quidem
2565 4681 2754 4734 judicat
2780 4694 2790 4723 ε
2817 4681 3001 4725 Titium
3037 4688 3147 4723 cum
3183 4676 3282 4718 filus

1927 4744 2135 4797 junctim
2157 4746 2374 4802 accipere
2395 4742 2681 4788 hereditatis
2705 4747 2914 4798 partem.
2937 4742 2998 4786 ad
3022 4749 3166 4797 quam
3194 4746 3281 4779 nna

1934 4806 2089 4852 vocati
2111 4814 2226 4864 sint,
2248 4811 2299 4851 at
2324 4808 2560 4851 rationem
2580 4804 2719 4849 addit
2742 4805 2939 4849 minime
2962 4796 3281 4861 aptamzquod

1941 4885 1962 4904 a
1994 4875 2132 4924 pater
2152 4876 2199 4914 et
2223 4869 2347 4915 tilius
2369 4870 2538 4915 eadem
2562 4877 2666 4913 esse
2688 4878 2897 4923 persona
2932 4876 3078 4925 paene
3111 4861 3283 4907 intelli·

565 4928 610 4989 ’1)
646 4930 701 4978 t..
722 4930 772 4977 9.
799 4931 851 4977 D.
876 4929 928 4977 Ιι.
950 4933 984 4977 l.
1011 4930 1065 4986 (1
1092 4964 1105 4991 ‚
1128 4928 1281 4991 6.)-(
1302 4930 1448 4981 Gellia·
1472 4932 1525 4978 N.
1548 4935 1605 4980 A.
1631 4932 1688 4993 ll,
1711 4932 1867 4991 2)-
1934 4935 2128 4989 gantur.
2163 4948 2187 4973 υ
