3544 5506
554 362 668 420 624
1277 373 1429 415 raas
1465 373 1623 417 sne.
1662 375 1781 417 ue.
1822 375 1887 418 ν.
1924 375 2004 417 ne
2038 358 2461 417 mamurtini
2498 370 2674 413 man.

558 486 944 541 testamento
964 477 1410 549 conserantur,
1439 493 1517 538 ea
1539 480 1730 537 etiam
1751 494 1971 539 coram
1995 479 2245 538 duobus
2265 479 2549 546 testibus,
2575 474 2867 548 legitimis
2885 475 3007 534 illis
3032 477 3280 549 quidem
3297 474 3334 550 ⁸)

558 584 736 638 recte
765 576 1240 636 constituantur
1260 568 1334 648 ⁶).

1758 775 1991 832 CAPUT
2032 775 2131 832 lv,

1445 967 1520 1009 nn
1545 966 1947 1018 acoummrs
1972 936 2470 1009 nnanmrumm.

555 1141 675 1191 lust.
716 1136 827 1198 (ll,
851 1136 972 1193 19.)
1015 1132 1084 1181 de
1125 1131 1381 1180 ker-edum
1422 1130 1685 1189 qualitate
1725 1134 1783 1177 et
1822 1129 2150 1187 differentia.
2174 1154 2233 1163 —
2259 1130 2367 1188 ⁰¹8·
2410 1129 2617 1185 (xxix,
2648 1129 2717 1187 2.)
2758 1128 2830 1176 de
2869 1124 3209 1186 acquirenda
3240 1123 3346 1180 (vel

617 1211 949 1269 omittenda)
989 1209 1307 1257 hereditate.
1333 1232 1392 1242 —
1416 1207 1536 1254 Cod.
1556 1206 1574 1265 (
1595 1208 1655 1254 Vl
1673 1240 1689 1267 ,
1707 1206 1828 1264 50.)
1865 1207 1931 1253 de
1957 1209 2087 1264 jure
2106 1204 2463 1266 deliberandi,
2485 1207 2539 1252 el
2558 1204 2626 1250 de
2643 1203 2904 1253 adeunda
2924 1204 3015 1250 vel
3031 1201 3345 1262 acquir-ends

615 1288 931 1338 hereditate.

1146 1449 1248 1485 ⁴1'1'1'.
1283 1448 1322 1487 1.
1355 1449 1419 1483 D!
1438 1447 1865 1496 sequanmur!
1888 1446 2242 1482 antonna!
2262 1446 2477 1482 antone
2499 1446 2559 1483 AC
2581 1446 2766 1482 ΙΟΙΙΑ.

556 1610 582 1684 §
606 1606 748 1665 690.
784 1606 833 1662 1.
857 1603 941 1658 De
969 1594 1317 1675 acquirenda
1352 1594 1659 1655 hereditate
1682 1595 2002 1672 qeneratim
2028 1594 2361 1671 amponitur.
2389 1594 2457 1669 A)
2487 1592 2836 1672 Aequirendi
2866 1612 3096 1654 summa
3130 1593 3278 1652 ratio
3301 1600 3345 1649 ct

1585 1694 1929 1754 necessariae
1954 1693 2322 1753 conditiones.

638 1901 1003 1976 Aequis-itur
1038 1897 1359 1957 hereditas
1390 1901 1504 1953 aut
1532 1893 1704 1953 lacto
1733 1894 1985 1955 heredis
2017 1894 2296 1963 aliusve,
2342 1893 2453 1965 qui
2494 1893 2660 1951 illius
2709 1893 2974 1952 nomine
3020 1899 3207 1967 agat,
3249 1898 3343 1949 aut

557 1999 848 2073 ipsojure
879 1998 925 2075 (ς
953 1993 1146 2069 693.).
1177 1990 1261 2050 Et
1294 1992 1465 2051 facto
1485 1986 1744 2064 quidem
1775 1991 2112 2063 dupliciter
2138 2007 2154 2046 ε
2188 1996 2299 2047 aut
2321 1986 2483 2048 civili
2504 1991 2674 2063 jure,
2705 1996 2820 2048 aut
2845 1990 3203 2063 praetorio,
3222 1990 3259 2045 i.
3291 2002 3338 2046 e.

557 2097 876 2155 bonorum
900 2086 1307 2166 possessionis
1326 2084 1648 2160 agnitione
1675 2088 1722 2161 (§
1739 2088 1888 2145 696.
1903 2085 1942 2158 ).
1980 2086 2249 2145 Omnino
2271 2093 2486 2143 autem
2508 2086 2776 2145 idoneus
2804 2101 2942 2144 esse
2962 2087 3165 2144 debet
3187 2086 3345 2143 here-

558 2197 863 2257 ditatibus
892 2188 1293 2267 capessendis
1313 2232 1329 2257 ‚
1363 2192 1473 2263 qui
1501 2190 1795 2262 acquirat
1817 2189 2240 2246 hereditatem
2267 2183 2333 2260 ¹),
2370 2193 2506 2245 tum
2534 2203 2688 2245 vere
2715 2187 3001 2245 delatum
3019 2187 3126 2259 jus
3144 2183 3213 2257 ²),
3242 2199 3344 2243 nec

560 2293 910 2365 legitimum
928 2289 1184 2363 aliquod
1209 2281 1373 2346 adsit
1395 2286 1826 2358 acquirendae
1850 2284 2219 2343 hereditatis
2242 2283 2761 2355 impedimentum
2785 2282 2858 2353 ³).
2882 2287 3021 2358 Quo
3043 2284 3109 2339 in
3131 2295 3343 2354 genere

560 2393 751 2452 etlam
779 2397 1112 2464 postumus
1138 2394 1236 2446 est
1259 2430 1277 2461 ,
1310 2387 1418 2459 qui
1448 2385 1738 2459 quidem,
1778 2384 1931 2441 dum
1960 2378 2133 2442 nasci
2159 2388 2457 2453 speratur
2478 2429 2494 2455 ‚
2529 2398 2775 2440 moram
2804 2381 3001 2440 insert
3029 2381 3342 2439 hereditati

459 2526 470 2533 -
560 2488 1019 2563 acquirendae,
1049 2487 1178 2545 sive
1198 2486 1277 2543 ad
1311 2500 1457 2543 eum
1484 2485 1688 2543 solum
1715 2483 2036 2556 pertineat
2057 2477 2381 2541 hereditas
2410 2477 2484 2555 ⁴),
2508 2483 2637 2540 sive
2660 2498 2807 2539 cum
2838 2478 2976 2539 aliis
3001 2484 3061 2539 in
3086 2481 3331 2540 eandem

559 2584 983 2650 hereditatem
1013 2586 1146 2658 ipse
1174 2590 1523 2643 concurrat
1546 2584 1630 2657 ⁵);
1656 2584 1878 2656 utique
1913 2590 2047 2641 tum
2070 2625 2087 2655 ‚
2118 2598 2267 2641 cum
2294 2578 2577 2654 parentis
2605 2588 2996 2641 testamento
3018 2579 3340 2658 praeter-im

561 2691 658 2743 est
684 2689 1016 2758 postumus
1036 2678 1100 2753 ⁶).
1137 2683 1352 2753 Neque
1391 2674 1585 2752 ipsius
1629 2679 1887 2752 quidem
1936 2678 2213 2750 postumi
2265 2678 2523 2736 nomine
2567 2678 2822 2736 interim
2868 2674 3107 2751 acquiri
3146 2680 3339 2749 potest

560 2777 888 2838 hereditas
912 2821 929 2850 ‚
963 2778 1074 2834 sed
1108 2772 1308 2848 magis
1337 2776 1394 2833 ei
1429 2778 1852 2849 prospicitur,
1896 2776 2004 2847 qui
2034 2775 2096 2831 in
2138 2782 2326 2834 utero
2360 2782 2487 2842 est,
2511 2776 2674 2849 juris
2710 2776 2913 2834 futuri
2947 2770 3331 2834 conservandi

562 2890 791 2948 causa,
822 2888 903 2931 ne
939 2878 1128 2931 natus
1164 2872 1552 2945 quandoque
1577 2872 1884 2929 damnum
1917 2871 2206 2929 incurrat
2234 2870 2309 2945 ⁷).
2341 2874 2671 2930 Caeterum
2714 2873 2825 2945 qui
2854 2872 2976 2929 sub
3001 2869 3331 2930 conditione

562 2975 747 3032 heres
775 2967 1096 3029 institutus
1118 2977 1239 3039 est,
1266 2976 1334 3028 et
1360 2976 1705 3043 antequam
1738 2985 1816 3028 ea
1846 2967 2092 3039 existat,
2120 2971 2420 3030 cautione
2442 2973 2682 3038 oblata,
2708 2971 3120 3031 hereditatem
3136 2972 3335 3042 potest

563 3069 882 3142 accipere,
900 3068 1012 3126 vel
1037 3068 1356 3126 bonorum
1388 3068 1849 3140 possessionem
1875 3060 1950 3140 ⁸).

623 3239 672 3299 5)
705 3253 750 3287 c.
780 3241 858 3289 11.
878 3243 938 3288 Χ.
963 3241 1030 3290 de
1052 3246 1400 3291 testam—At
1421 3256 1536 3290 vero
1558 3249 1692 3303 sunt,
1714 3245 1802 3302 qui
1830 3256 1927 3291 non

561 3305 708 3350 modo
732 3305 969 3362 legitimos
990 3311 1131 3352 testes
1158 3312 1172 3361 t
1196 3309 1230 3352 i.
1250 3318 1295 3352 e.
1323 3309 1443 3352 tales
1468 3341 1482 3363 ‚
1504 3309 1671 3365 quales
1688 3306 1767 3362 jus
1791 3308 1930 3353 civile

562 3366 785 3413 adbiberi
808 3370 1110 3414 testamentis
1130 3369 1368 3426 permittit
1393 3402 1408 3425 ,
1427 3368 1737 3424 Parendort'
1747 3370 1853 3415 obs.
1879 3370 1928 3426 1,

565 3426 716 3484 172.)
770 3429 973 3475 minime
1015 3433 1196 3489 requiri
1237 3436 1493 3477 autument
1532 3430 1789 3489 (Preilrer
1829 3434 1862 3477 l.
1896 3433 1929 3476 l.

565 3502 616 3547 p.
639 3488 734 3537 340
755 3503 861 3550 sqq.
887 3491 902 3548 )
927 3526 942 3549 .,
980 3504 1149 3539 verum
1185 3495 1334 3539 etlam
1368 3495 1569 3540 omnino
1592 3495 1930 3540 necessitatem

568 3554 769 3598 testium
819 3554 1206 3602 adhibendorum
1257 3557 1568 3601 testatoribus
1633 3559 1893 3602 remittant
1915 3589 1931 3615 ‚

569 3614 838 3661 dummodo
878 3630 905 3663 e
942 3618 1120 3675 scripto
1161 3623 1348 3664 constet
1389 3619 1631 3665 testatoris
1667 3620 1890 3664 voluntas
1915 3651 1930 3676 ‚

563 3677 697 3722 velut
719 3679 776 3724 J.
802 3680 867 3723 H.
896 3679 1155 3726 Boelzmer
1188 3681 1233 3726 J.
1273 3679 1325 3725 C.
1366 3680 1443 3725 Pr.
1490 3681 1592 3727 Lib.
1620 3682 1700 3727 ΙΙΙ.
1725 3681 1823 3726 Tit.
1850 3678 1929 3727 26.

566 3738 593 3793 S
644 3738 701 3785 2¹
747 3751 818 3797 sq.
860 3742 946 3788 Cui
989 3742 1188 3799 quidem
1231 3741 1620 3799 interpretationi
1670 3743 1930 3788 verborum

563 3802 805 3846 sententia
846 3804 1138 3861 refragatur,
1180 3816 1208 3850 a
1243 3815 1338 3861 qua
1364 3805 1592 3851 recedere
1632 3805 1780 3862 ipsius
1816 3806 1931 3862 legis

567 3865 969 3973 naturi‘iominime
993 3867 1178 3922 patitur
1199 3866 1284 3924 (cr.
1308 3865 1334 3919 S
1356 3863 1436 3913 62.
1463 3875 1567 3914 not.
1592 3864 1641 3913 8.
1688 3873 1737 3913 et
1781 3869 1806 3923 s
1848 3864 1928 3913 64.

573 3929 680 3971 not.
773 3957 784 3970 .
811 3927 833 3970 1
877 3929 928 3985 .).

628 3985 677 4042 6)
710 3988 842 4043 Quae
880 3989 1123 4035 extraneis
1158 3989 1439 4044 huiusmodi
1464 3993 1758 4037 testamento
1780 3992 1935 4037 relin-

564 4055 782 4106 quuntur
804 4053 1039 4107 personis,
1062 4064 1117 4098 ea
1139 4063 1237 4097 non
1259 4053 1420 4098 valere
1439 4052 1548 4108 ,iure
1573 4054 1849 4098 testamenti
1871 4054 1933 4099 ad

566 4113 670 4168 pias
685 4123 854 4158 causas
869 4114 1072 4171 conditi,
1090 4116 1310 4172 plerique
1323 4120 1453 4160 recte
1471 4121 1710 4161 statuunt.
1726 4117 1929 4162 Dissent.

565 4178 675 4290 {⁰1⁸3
676 4175 806 4282 §3¹⁰⁸
818 4174 1089 4229 ΗοΙαοΙεεν
1108 4177 1459 4235 principiajur.
1486 4178 1578 4223 civ.
1603 4179 1741 4224 Rom.
1765 4178 1933 4225 Germ.

1161 4362 1188 4416 S
1218 4359 1333 4409 690.

632 4480 677 4538 1)
713 4482 766 4528 1..
792 4484 839 4529 1.
862 4486 888 4540 S
907 4481 954 4529 4.
979 4485 1032 4530 D.
1052 4483 1254 4531 adSCt.
1285 4487 1505 4533 Tertull.
1528 4486 1810 4544 (xxxviii,
1837 4484 1937 4545 17.)

569 4544 656 4598 —S
676 4543 724 4592 4.
749 4546 785 4591 1.
807 4544 859 4591 Ιι.
880 4547 1037 4591 t.-L.
1060 4545 1109 4592 6.
1130 4549 1156 4603 s
1179 4548 1227 4592 2.
1254 4549 1306 4594 D.
1329 4548 1399 4595 de
1422 4549 1538 4596 her.
1563 4548 1685 4595 ins-l.
1710 4551 1935 4609 (xxvlll‚

568 4602 640 4662 5.)
660 4605 745 4660 (cf.
771 4619 916 4663 supra
939 4609 965 4662 S
986 4605 1100 4654 618.
1130 4610 1178 4653 in
1202 4610 1278 4666 1.).

629 4668 676 4723 2)
713 4668 764 4712 t..
787 4668 865 4714 21.
887 4670 915 4722 S
950 4669 1000 4715 2.
1029 4672 1078 4716 t..
1116 4668 1195 4717 27.
1222 4673 1276 4716 D.
1299 4671 1350 4716 Ιι.
1377 4675 1416 4719 l.
1440 4672 1538 4728 (cf.
1561 4686 1703 4732 supra
1727 4676 1751 4729 S
1772 4671 1924 4730 616.).

567 4752 626 4760 -
650 4731 703 4775 L.
728 4727 777 4774 3.
803 4732 857 4776 D.
881 4731 1069 4779 eod.—
1092 4734 1347 4780 Caeterum
1360 4735 1426 4781 cf.
1452 4736 1504 4781 L.
1527 4734 1607 4782 35.
1635 4749 1707 4794 pr.
1733 4735 1851 4781 eod.
1873 4761 1928 4769 —

567 4792 701 4844 Quae
714 4793 956 4849 quomodo
975 4795 1276 4842 concilianda
1295 4798 1359 4842 sit
1379 4808 1491 4844 cum
1504 4800 1554 4845 L.
1577 4796 1656 4846 80.
1679 4798 1763 4854 82.
1787 4799 1927 4860 eod.‚

569 4853 665 4898 vid.
696 4854 875 4909 eujac.
900 4855 1005 4901 obs.
1033 4856 1135 4910 ΧΗ,
1160 4855 1240 4903 14.

626 4912 679 4972 δ)
700 4916 853 4970 Quale
872 4920 1015 4979 erat,
1038 4918 1169 4976 quod
1189 4919 1438 4969 Silaniano
1459 4922 1583 4970 SCto
1607 4923 1929 4972 estconstitu-

1996 3247 2119 3289 tum.
2143 3245 2324 3292 Paulli
2345 3251 2469 3293 sent.
2493 3258 2590 3294 rec.
2613 3246 2719 3294 Lib.
2747 3248 2833 3294 lll.
2856 3248 2956 3295 Tit.
2977 3248 3035 3294 V.
3058 3247 3083 3301 S
3105 3246 3266 3312 1-123
3288 3267 3342 3277 -

1997 3304 2074 3351 Cf.
2111 3318 2255 3365 supra
2297 3311 2322 3363 S
2353 3307 2465 3356 655.
2500 3314 2603 3356 not.
2634 3307 2683 3356 3.
2728 3310 2818 3365 (et
2836 3310 2898 3355 de
2937 3323 3029 3356 usu
3066 3309 3202 3366 hujus
3235 3309 3344 3363 iuris

1995 3365 2233 3416 hodierno
2255 3372 2438 3428 Stttrck
2463 3384 2549 3416 usu
2586 3372 2718 3418 mod.
2746 3373 2903 3420 Pand.
2937 3373 3002 3419 ad
3042 3373 3135 3417 Tit.
3175 3371 3271 3428 οἱς.
3290 3370 3346 3415 de

1997 3429 2124 3476 SCto
2156 3432 2404 3480 Silaniano
2446 3435 2471 3489 S
2493 3434 2580 3488 2.).
2618 3461 2679 3470 —
2707 3434 2819 3481 Vid.
2844 3441 2897 3481 et
2918 3433 3099 3481 Paulli
3113 3440 3231 3479 sent.
3253 3445 3344 3479 ree.

1997 3492 2100 3540 Lib.
2125 3494 2204 3541 ΙΙΙ.
2232 3496 2327 3541 Tit.
2352 3498 2406 3542 V.
2426 3496 2451 3550 S
2474 3493 2550 3543 17.
2573 3496 2657 3546 (cf.
2683 3498 2736 3542 L.
2760 3494 2809 3543 5.
2831 3498 2884 3543 C.
2904 3498 2979 3544 de
2999 3494 3086 3541 ed.
3110 3498 3168 3541 D.
3190 3497 3347 3541 Bm.

1999 3555 2108 3601 toll.
2136 3556 2193 3601 Vl
2220 3590 2234 3613 ‚
2257 3555 2376 3612 35.).
2411 3582 2471 3590 -
2504 3559 2681 3604 Contra
2721 3571 2838 3606 vero
2867 3561 3116 3617 provisum
3147 3565 3276 3612 erat,
3294 3569 3351 3602 ne

1996 3615 2177 3663 diutius
2199 3621 2471 3666 cunctando
2511 3632 2649 3667 mora
2694 3620 2835 3667 fleret
2864 3629 2953 3668 aut
2970 3622 3218 3668 honoratis
3239 3654 3255 3676 ,
3271 3625 3351 3665 ant

1996 3681 2203 3727 aerario.
2232 3706 2291 3718 —
2312 3682 2492 3729 Paulli
2514 3688 2642 3729 sent.
2666 3690 2765 3729 rec.
2799 3683 2903 3729 Lib.
2932 3687 3014 3730 lv.
3048 3684 3145 3729 Tit.
3165 3685 3241 3729 vt.
3262 3682 3347 3738 33.

1995 3739 2078 3794 (cf.
2105 3748 2153 3787 et
2182 3744 2294 3800 Ulp.
2319 3746 2397 3790 Fr.
2420 3745 2583 3792 xxiv.
2607 3746 2633 3800 ς
2654 3743 2923 3792 31.-t..3.
2946 3749 2998 3793 in
3022 3745 3060 3790 ἱ.
3085 3748 3137 3791 C.
3159 3744 3351 3800 dejure

1993 3800 2217 3852 del1'ber.
2239 3806 2345 3864 (vl,
2368 3804 2468 3863 50.)
2505 3831 2565 3840 -
2604 3809 2655 3853 t..
2698 3820 2783 3854 un.
2820 3809 2846 3862 S
2872 3810 2917 3854 1.
2942 3810 2998 3854 C.
3022 3809 3092 3855 de
3110 3806 3225 3855 cad.
3249 3806 3346 3853 toll.

1994 3864 2093 3919 (xl,
2114 3864 2216 3925 51.)
2251 3892 2307 3899 —
2335 3871 2516 3925 cujac.
2540 3875 2591 3916 et
2607 3869 2890 3931 Sclaultinq
2920 3873 2983 3918 ad
3004 3870 3181 3918 Paulli
3201 3875 3249 3915 et
3271 3869 3349 3915 ct·

1990 3925 2146 3982 plani
2167 3931 2261 3975 loc.
2285 3933 2430 3976 modo
2451 3933 2639 3988 excit.).

2057 3986 2180 4046 4)1..
2209 3989 2405 4046 5031.
2428 4000 2475 4039 et
2496 3993 2544 4040 4.
2581 3995 2635 4041 D.
2659 3993 2713 4041 Ιι.
2735 3997 2781 4040 t.
2803 3992 3124 4052 -1..1.38.
3144 3995 3196 4040 D.
3220 3990 3351 4039 unde

1996 4060 2147 4110 coqu.
2170 4054 2436 4114 (xxxviii,
2456 4053 2526 4113 8.)

2062 4113 2183 4172 5)1..
2204 4113 2283 4162 84.
2306 4119 2359 4162 D.
2383 4117 2434 4163 Ιι.
2458 4121 2495 4165 l.
2521 4119 2565 4176 (3
2583 4115 2695 4165 595.
2718 4126 2820 4164 not.
2847 4116 2938 4177 5.).

2068 4177 2114 4235 6)
2146 4179 2199 4222 1..
2222 4176 2301 4224 50.
2347 4179 2437 4233 82.
2481 4183 2536 4228 n,
2559 4181 2611 4227 Ιι.
2636 4185 2674 4226 Ι.
2713 4205 2769 4212 -
2804 4182 2857 4226 1..
2882 4179 2933 4227 5.
2977 4181 3005 4236 S
3031 4183 3079 4229 1.
3102 4182 3159 4227 D.
3178 4179 3354 4237 sipara

2002 4239 2222 4286 heredit.
2243 4243 2350 4296 pel.
2375 4242 2453 4303 (V,
2476 4241 2543 4299 4.)
2565 4268 2619 4276 -
2642 4243 2716 4288 ef.
2742 4244 2997 4290 Foersler
3013 4247 3076 4291 de
3099 4245 3152 4292 B.
3171 4244 3224 4291 P.
3243 4243 3354 4289 libe-

2005 4314 2105 4348 ror.
2130 4305 2437 4360 praeteritor.
2457 4306 2510 4350 P.
2536 4306 2774 4364 posterior
2795 4311 2821 4364 ς
2843 4303 2925 4352 46.
2949 4303 3032 4352 47.

2070 4363 2120 4422 7)
2143 4366 2197 4410 L.
2220 4363 2265 4414 1.
2288 4363 2380 4420 35.
2406 4368 2457 4412 L.
2481 4365 2531 4414 3.
2555 4366 2603 4414 4.
2628 4368 2680 4412 D.
2702 4366 2894 4425 sipara
2924 4368 3042 4414 laer.
3062 4371 3171 4424 pet.
3189 4366 3272 4424 (V,
3290 4362 3358 4419 4.)

2001 4429 2118 4473 ——L.
2142 4425 2224 4475 28.
2245 4433 2270 4486 ς
2290 4425 2337 4473 5.
2361 4430 2413 4474 D.
2437 4428 2691 4485 dejudlc.
2711 4430 2788 4488 (V,
2805 4432 2872 4488 1.)
2895 4431 2979 4485 (ef.
3002 4432 3030 4486 ς
3054 4428 3166 4477 177.
3187 4436 3285 4476 not.
3306 4424 3352 4473 7.

1998 4491 2091 4545 ets
2114 4487 2226 4538 518.
2251 4495 2349 4537 not.
2378 4489 2493 4548 14.).
2531 4517 2588 4525 -
2623 4493 2877 4538 Caeterum
2900 4492 2997 4539 vid.
3023 4493 3173 4539 Lao.
3196 4494 3221 4547 ς
3242 4490 3356 4558 6.D3

2000 4552 2052 4598 Ιι.
2078 4555 2176 4598 t.—-
2197 4554 2272 4600 Cf.
2295 4553 2698 4613 Smallenburqii
2718 4560 2821 4600 not.
2848 4556 2927 4601 21.
2962 4579 3026 4588 —-
3057 4549 3357 4610 &humanit

1992 4620 2093 4661 not.
2113 4613 2195 4666 21.
2220 4617 2281 4662 ad
2307 4616 2357 4661 1..
2382 4614 2433 4662 ὅ.
2477 4620 2531 4664 D.
2562 4616 2610 4663 sl
2637 4628 2768 4673 pars
2806 4615 2991 4665 aer-ed.
3029 4621 3141 4672 pel.
3172 4618 3355 4670 adjecta

1992 4677 2069 4732 (Τ.
2095 4677 2155 4722 ll.
2190 4692 2239 4736 p.
2266 4676 2354 4723 136
2377 4688 2469 4736 sq.)
2496 4714 2510 4734 ,
2530 4691 2619 4725 nec
2641 4690 2736 4724 non
2755 4681 2962 4727 Schull.
2996 4685 3103 4725 not.
3127 4679 3189 4726 ad
3212 4680 3264 4726 1..
3277 4674 3353 4723 3⁰.

1993 4739 2021 4794 ς
2041 4737 2089 4784 6.
2118 4739 2171 4784 D.
2194 4740 2245 4786 Ιι.
2274 4744 2311 4788 l.
2335 4740 2410 4796 (T.
2441 4742 2495 4787 V.
2522 4754 2570 4799 p.
2596 4742 2745 4792 133).

2057 4799 2106 4858 8)
2132 4802 2183 4849 L.
2208 4803 2295 4856 25
2322 4802 2368 4849 1.
2410 4803 2459 4847 L.
2478 4801 2526 4849 5.
2572 4816 2647 4860 pr.
2694 4806 2744 4849 L.
2765 4800 2815 4850 6.
2863 4804 2916 4849 L.
2944 4803 3024 4850 10.
3047 4804 3104 4849 D.
3126 4802 3194 4849 de
3214 4803 3270 4848 B.
3292 4801 3353 4847 P.

1994 4875 2102 4910 sec.
2141 4865 2249 4911 lab.
2278 4863 2528 4925 (xxxvii.
2556 4864 2774 4922 11.)-1..
2795 4865 2875 4911 23.
2899 4879 2976 4925 pr.
3006 4867 3060 4911 D.
3087 4864 3157 4912 de
3175 4862 3353 4913 hered-

1995 4926 2121 4975 insl.
2145 4928 2370 4989 (xxviii,
2393 4926 2461 4987 5.)
2486 4928 2570 4984 (cl.
2594 4940 2738 4987 supra
2758 4929 2783 4983 3
2805 4925 2919 4976 649.
2941 4934 3047 4977 not.
3076 4925 3167 4985 3.).
