3544 5506
2981 344 3091 398 325

290 466 469 525 Unde
510 480 760 523 summa
799 464 1085 524 nascitur
1115 465 1619 523 conventionum
1648 464 1874 522 divisio
1916 465 1981 521 in
2019 458 2426 536 obligatorias
2469 470 2534 521 et
2559 463 2994 532 liberatorias‚
3027 471 3092 522 et

292 566 414 623 hae
439 565 698 638 quidem
729 571 843 622 aut
883 565 947 622 in
974 579 1113 622 rem
1143 559 1343 622 autin
1374 579 1716 637 personam
1739 562 2194 636 concipiuntur
2220 561 2290 634 ¹).
2319 562 2664 620 Universim
2699 570 2912 621 autem
2940 577 3096 621 con-

294 659 666 722 ventionum
695 664 786 721 vis
818 677 898 722 eo
928 663 1297 723 continetur
1340 670 1728 736 praecepto:
1757 678 1896 721 esse
1916 664 2229 721 servanda
2255 657 2440 735 pacta
2465 658 2533 735 ²).
2567 666 2690 720 Nec
2726 663 2916 733 igitur
2943 664 3089 721 resi-

292 760 408 818 lire
432 765 824 817 acontractu
851 754 1035 816 alteri
1058 758 1208 816 licet
1230 759 1426 817 invito
1456 761 1664 818 altero
1692 755 1766 830 ³),
1794 773 1876 816 ne
1903 764 2040 815 tum
2059 757 2316 831 quidem
2334 801 2350 827 ‚
2378 757 2428 815 si
2459 773 2573 830 per
2596 759 2870 814 alterum
2891 757 3088 832 stetit,

294 871 425 929 quo
457 856 666 912 minus
694 856 1072 926 impleretur
1108 850 1487 926 promissum
1512 851 1591 928 ⁴),
1621 854 1738 913 nisi
1780 854 1887 911 ubi
1922 850 1984 910 id
2011 860 2122 910 aut
2146 869 2262 928 per
2292 853 2482 926 ipsius
2508 859 2805 910 naturam
2833 859 3084 910 contra-

292 958 433 1009 ctus
460 951 701 1009 licitum
720 957 815 1008 est
836 951 1019 1029 (utin
1048 952 1356 1008 mandato
1374 992 1389 1018 ‚
1416 957 1490 1008 ut
1520 951 1583 1008 in
1616 952 1914 1022 precario
1938 986 1956 1017 ,
1980 956 2054 1006 ut
2081 945 2156 1007 iis
2184 949 2247 1006 in
2270 949 2495 1019 causis,
2520 948 2747 1021 quibus
2767 944 3088 1006 condictio

293 1066 487 1108 causa
516 1051 669 1107 data
691 1065 884 1108 causa
922 1065 1053 1107 non
1085 1052 1549 1109 secuta·locum
1591 1045 1872 1122 habet)⁵)
1894 1092 1912 1125 ,
1944 1055 2059 1106 aut
2106 1064 2182 1106 ex
2224 1050 2434 1119 legum
2487 1049 2752 1106 decreto
2769 1047 2863 1123 (ut
2890 1049 2953 1104 in
2982 1063 3087 1105 so·

294 1145 578 1218 cietate),
613 1152 723 1204 aut
743 1161 821 1204 ex
845 1147 1047 1218 pactis
1077 1143 1364 1222 adjectiS.
1394 1150 1535 1205 Jam
1561 1162 1754 1217 vero,
1784 1162 1931 1205 cum
1957 1162 2034 1204 ex
2064 1141 2376 1203 bilatcrali
2409 1151 2744 1203 contractu
2772 1147 3094 1216 agitur‚ut

293 1245 637 1319 impleatur
680 1240 1018 1318 obligatio,
1050 1247 1103 1305 is
1126 1288 1142 1316 ‚
1191 1247 1301 1320 qui
1328 1246 1457 1318 agit
1496 1254 1610 1304 aut
1640 1244 2028 1305 solutionem
2059 1245 2240 1302 alteri
2279 1243 2512 1303 offerre
2556 1259 2816 1301 necesse
2861 1243 3089 1309 habet,

297 1353 410 1404 aut
449 1362 566 1406 sua
606 1362 674 1406 se
712 1347 1004 1420 implesse
1052 1348 1262 1407 officia
1300 1349 1540 1410 docere
1564 1344 1646 1425 ⁶),
1695 1347 1813 1407 nisi
1853 1361 2037 1406 secus
2083 1346 2208 1405 sert
2255 1350 2488 1404 natura
2530 1345 2902 1418 indolesque
2943 1359 3095 1402 con-

297 1454 545 1507 tractus
565 1445 631 1516 ⁷).

1121 356 1254 398 cAP.
1296 357 1368 398 11.
1408 358 1485 399 ΒΕ
1522 355 1978 399 ΟΒῙᾸΕΑΤΙΟΒὌΜ
2024 356 2257 398 ΟΑῙΙ818.

297 1617 498 1697 5555.
531 1624 603 1699 E)
646 1622 820 1682 Ratio
855 1621 1233 1686 contrahendi
1262 1623 1321 1698 1)
1363 1640 1439 1682 σω
1479 1623 1795 1686 cmnmunis
1810 1622 1969 1701 juris
1997 1620 2206 1699 requie
2231 1627 2517 1700 spectata:
2546 1620 2605 1697 a)
2650 1619 2924 1698 quomodo
2954 1628 3102 1680 recto

1341 1721 1618 1783 ineantur
1640 1722 2051 1783 conventiones.

382 1930 565 1989 Ratio
604 1945 679 1989 ex
695 1931 845 2005 jnre
865 1932 1149 2004 gentium
1166 1939 1345 1992 recte
1374 1932 1804 1992 ineundarum
1826 1933 2326 1993 conventionum
2356 1947 2524 2006 quae
2551 1932 2631 1992 sit
2647 1975 2664 2003 ‚
2700 1930 2851 1990 satis
2874 1944 3097 2002 super-

302 2044 429 2102 que
453 2046 528 2088 ex
556 2031 629 2089 iis
659 2032 895 2104 poterit
917 2033 1246 2107 cognosci,
1278 2049 1447 2107 quae
1478 2035 1560 2091 de
1593 2033 1915 2093 factorum
1942 2040 2177 2091 natura
2201 2039 2267 2090 et
2289 2032 2597 2106 qualitate
2616 2075 2634 2108 ,
2666 2030 2875 2104 deque
2897 2042 3098 2100 nego—

302 2125 541 2183 tiorum
589 2125 1180 2185 contrahendorum
1233 2127 1484 2186 ratione
1526 2143 1721 2200 supra
1762 2144 1803 2185 a
1841 2128 2025 2185 nobis
2073 2132 2422 2199 praccepta
2467 2131 2617 2184 sunt
2660 2123 2725 2198 ¹).
2777 2124 2827 2179 E
2872 2122 3101 2196 quibus

303 2224 565 2295 paulum
595 2225 788 2283 etiam
816 2225 1351 2285 adhaerescamus
1374 2227 1432 2284 ei
1460 2228 1606 2285 loco
1630 2270 1647 2304 ‚
1673 2221 1784 2299 qui
1809 2232 1906 2285 est
1926 2228 2009 2284 de
2036 2226 2239 2283 libero
2263 2225 2455 2284 animi
2481 2224 2718 2298 judicio
2740 2219 2892 2298 (592
2923 2237 3041 2294 sqq
3057 2220 3101 2292 .)

301 2319 541 2394 quippe
566 2321 674 2394 qui
701 2317 988 2395 inprimis
1012 2323 1407 2383 necessarius
1437 2319 1518 2380 sit
1546 2323 1611 2381 in
1639 2323 2139 2382 conventionum
2164 2317 2482 2381 doctrina.

775 2513 801 2587 §
830 2518 975 2577 556.
1007 2516 1071 2592 b)
1100 2516 1332 2579 Liberae
1355 2517 1671 2582 voluntatis
1696 2518 2121 2598 impedimenta.
2157 2524 2210 2587 a)
2244 2517 2337 2577 Vis
2355 2524 2410 2575 et
2434 2525 2636 2576 metus.

385 2711 525 2769 Jam
540 2724 698 2772 vero
719 2751 737 2782 ‚
763 2725 913 2772 cum
937 2711 996 2770 vi
1014 2717 1320 2785 metuque
1346 2709 1629 2769 adhibito
1651 2710 2061 2773 contrahitur
2083 2757 2099 2783 ‚
2125 2708 2532 2769 liberatoriae
2553 2709 2812 2782 quidem
2833 2722 3101 2767 conven-

303 2804 508 2866 tiones
529 2823 663 2868 non
695 2808 812 2867 nisi
853 2824 973 2881 per
1000 2808 1063 2865 in
1094 2809 1416 2880 integrum
1445 2807 1919 2869 restitutionem
1957 2806 2263 2869 infirmari
2293 2815 2560 2879 possunt
2580 2805 2621 2880 ¹)
2647 2848 2663 2875 ‚
2698 2807 3103 2878 obligatorias

302 2910 558 2976 autem,
591 2904 878 2979 quamvis
901 2911 969 2963 et
995 2904 1169 2977 ipsae
1205 2920 1323 2976 per
1351 2919 1419 2961 se
1454 2903 1714 2976 quidem
1756 2906 2136 2978 plerumque
2166 2905 2380 2967 valent
2395 2900 2474 2975 2),
2516 2910 2734 2965 tamen
2779 2902 3103 2961 ordinaria

305 2996 562 3061 actione
581 3043 600 3076 ‚
625 3017 678 3063 s.
710 3016 787 3060 ex
823 3006 1164 3064 contractu
1186 3000 1457 3059 oriunda
1481 3042 1498 3070 ,
1531 3000 1908 3072 impugnare
1933 3000 2081 3058 licet
2103 2994 2170 3062 ⁵).
2200 3003 2356 3063 Nam
2378 3013 2523 3057 cum
2553 2999 2763 3059 nullus
2791 2999 2962 3069 apud
2987 3012 3104 3054 nos

890 3186 917 3240 s
933 3178 1050 3228 554.
2323 3181 2348 3234 S
2370 3177 2481 3226 355.

367 3305 416 3367 1)
450 3305 505 3352 L.
529 3304 581 3353 7.
605 3304 697 3363 38.
717 3309 771 3355 L.
795 3307 875 3354 21.
896 3307 924 3361 s
941 3307 990 3352 1.
1010 3305 1061 3352 2.
1077 3309 1126 3352 et
1139 3303 1190 3353 5.
1213 3307 1267 3353 L.
1297 3306 1377 3352 22.
1402 3308 1454 3352 L.
1481 3303 1563 3353 28.
1584 3306 1674 3360 62.
1806 3306 1853 3364 1)
1884 3304 2001 3361 Chs
2024 3299 2248 3350 90—98.
2272 3307 2323 3349 et
2344 3304 2370 3357 S
2389 3301 2500 3349 102.
2534 3312 2673 3349 vers.
2700 3317 2711 3347 :
2736 3301 2910 3357 “Quod
2932 3306 3099 3348 autem

308 3367 363 3415 1..
379 3368 445 3418 57
450 3401 465 3416 .
489 3369 517 3423 S
538 3370 588 3414 1.
610 3371 665 3417 D.
684 3369 751 3416 de
777 3370 925 3427 pact.
955 3368 1035 3427 (ll,
1060 3365 1159 3427 14.)
1185 3392 1245 3402 -
1266 3368 1343 3414 Cf.
1378 3379 1524 3427 supra
1545 3366 1673 3428 379.
1739 3368 1804 3414 ad
1827 3368 2088 3416 voluntatis
2107 3366 2512 3424 significationem
2534 3366 2787 3423 attinet‚—
2820 3364 3100 3421 ——intelligi

307 3436 412 3479 not.
437 3432 488 3478 2.
508 3457 564 3464 —
579 3432 755 3483 Noodl
771 3434 808 3479 l.
833 3434 869 3478 l.
893 3442 937 3477 c.
960 3431 1042 3477 lV.
1731 3431 1937 3488 possit.-

369 3496 419 3553 2)
451 3496 506 3541 L.
532 3495 582 3540 1.
606 3507 682 3553 pr.
704 3497 760 3541 D.
782 3494 1010 3550 depact.

368 3559 419 3616 3)
451 3558 508 3604 L.
530 3555 580 3602 5.
603 3558 657 3603 C.
678 3556 746 3605 de
767 3560 826 3604 0.
850 3558 904 3602 et
924 3559 994 3603 A.
1019 3552 1120 3615 (lv,
1139 3553 1242 3614 10.)
1264 3581 1320 3589 -
1340 3556 1392 3602 1..
1420 3552 1497 3604 19.
1519 3557 1572 3603 C.
1600 3556 1671 3605 de
2356 3556 2383 3608 S
2404 3551 2517 3600 556.

310 3620 574 3667 transact.
599 3620 681 3678 (tl,
703 3621 772 3678 4.)
792 3644 846 3652 -
863 3619 916 3664 L.
944 3618 1023 3664 12.
1049 3617 1102 3661 in
1123 3618 1160 3664 f.
1181 3621 1233 3665 C.
1257 3618 1326 3665 de
1341 3622 1515 3665 contr.
1541 3624 1664 3667 emt.

429 3680 533 3741 58.)
555 3705 616 3715 -
634 3683 841 3729 Dissent.
865 3679 1292 3730 Schmimaenner
1311 3683 1345 3726 Ι.
1365 3681 1400 3727 Ι.

460 3746 513 3791 L.
548 3747 598 3791 8.
634 3747 685 3792 C.
710 3744 779 3791 de
796 3746 969 3792 contr.
992 3745 1116 3790 emt.
1138 3742 1238 3803 (lv,
1254 3740 1356 3801 58.)
1370 3744 1486 3794 -1..
1514 3740 1589 3790 11.
1610 3745 1666 3791 C.

308 3808 376 3855 de
393 3819 535 3855 rese.
558 3806 718 3855 vend.
740 3807 840 3864 (lv,
861 3803 966 3861 44.)

370 3870 424 3928 5)
457 3871 569 3916 vid.
593 3870 721 3916 infra
743 3871 770 3924 ς
791 3866 905 3918 544.
923 3871 1012 3923 ets
1032 3865 1147 3916 382.

370 3934 422 3991 6)
455 3933 509 3979 L.
537 3929 617 3977 15.
638 3929 728 3986 §8-
758 3932 806 3975 1..
833 3929 914 3978 25.
935 3933 992 3977 D.
1013 3931 1080 3977 de
1099 3942 1151 3976 a.
1175 3942 1224 3976 e.
1245 3942 1296 3977 v.
1331 3926 1482 3985 (xlx,
1505 3931 1583 3988 1.)
1606 3955 1666 3964 -

312 3998 367 4048 L.
388 3995 473 4043 51.
495 3996 546 4040 in
569 3994 610 4040 f.
632 3996 690 4040 D.
723 3991 790 4041 de
823 3996 885 4041 R.
913 3996 972 4040 C.
993 3994 1113 4051 (ΧΙΙ,
1152 3994 1221 4049 1.)
1245 4016 1301 4023 -
1324 3992 1374 4037 L.
1400 3990 1480 4039 57.
1512 3994 1563 4037 D.
1600 3994 1668 4040 de

308 4059 473 4107 aedit.
495 4055 583 4103 ed.
613 4057 756 4110 (xxi,
788 4056 859 4113 1.)
878 4080 936 4088 —-
959 4059 1014 4103 J.
1040 4058 1100 4101 F.
1129 4054 1298 4103 lValzl
1315 4055 1375 4099 de
1396 4059 1563 4103 nat.et
1600 4057 1671 4101 in-

306 4123 420 4169 dole
476 4119 775 4176 exceptionis
819 4118 1124 4176 implementi
1168 4129 1267 4163 non
1323 4118 1494 4163 secuti.
1532 4121 1665 4164 Gott.

311 4182 603 4231 1751.-ne
623 4181 857 4238 probandi
875 4192 1041 4241 onere,
1064 4180 1259 4227 cuinam
1278 4179 1546 4236 incumbat,
1570 4186 1673 4226 tum

309 4248 462 4293 etiam
484 4243 547 4290 de
567 4243 868 4299 discrimine,
891 4246 1023 4301 quod
1045 4245 1190 4301 vulgo
1202 4246 1424 4287 statuunt
1444 4245 1568 4287 inter
1588 4254 1677 4287 ex-

309 4310 591 4368 ceptionem
625 4318 722 4352 non
746 4306 933 4362 impleti
955 4312 1004 4353 et
1044 4318 1145 4353 non
1167 4305 1258 4350 rite
1282 4305 1534 4360 adimpleti
1556 4316 1676 4350 con-

310 4376 522 4425 tractus,
543 4381 643 4416 non
663 4372 757 4424 est,
768 4369 898 4424 quod
912 4367 990 4416 bic
1007 4383 1066 4418 ex
1090 4367 1309 4426 proiesso
1330 4367 1436 4411 dica
1445 4371 1542 4411 tur.
1562 4365 1672 4411 vid.

309 4438 499 4489 umen,
538 4442 664 4489 quae
701 4429 793 4481 hac
829 4430 890 4475 de
926 4443 978 4477 re
1022 4433 1224 4481 collecta
1261 4435 1370 4474 sunt
1402 4439 1430 4472 a
1465 4427 1676 4474 Glz'c‘ckz'o

306 4496 467 4543 Pand.
492 4495 634 4541 xvu.
661 4505 710 4551 p.
743 4486 837 4537 228
874 4505 980 4554 sqq.
1008 4522 1067 4529 —
1091 4493 1214 4538 Add.
1249 4494 1310 4537 B.
1354 4488 1519 4537 Linde
1549 4492 1669 4536 Aba.

307 4570 399 4606 ans
438 4558 491 4604 d.
532 4553 756 4603 deutsch.
802 4565 930 4610 gem.
977 4559 1233 4612 Civilproc.
1273 4554 1330 4610 (l.
1355 4554 1487 4597 Bonn
1513 4552 1675 4610 1825.)

307 4621 491 4669 Num.
513 4616 637 4678 p.88
655 4618 1114 4675 sqq.-Heerwart
1135 4618 1278 4663 Arch.
1303 4617 1340 4661 f.
1365 4616 1458 4661 civ.
1480 4617 1673 4663 Pr.th.

307 4686 394 4731 Ut.
418 4680 501 4731 18.
521 4695 572 4741 p.
595 4678 692 4727 555
711 4690 885 4737 sqq.—-·
906 4679 1151 4730 Auctoris
1175 4680 1430 4737 Civilproc.
1451 4677 1476 4730 S
1496 4676 1674 4725 561.-

306 4749 377 4793 A.
403 4747 559 4805 Lana
576 4744 701 4790 uber
718 4744 800 4788 die
818 4742 949 4790 Einr.
973 4748 1058 4791 des
1082 4744 1216 4790 nicht
1245 4741 1475 4786 erfullten
1501 4742 1670 4787 Contr.

309 4807 559 4865 Regensb.
606 4801 749 4855 2829.
800 4832 855 4840 —
891 4807 1129 4858 Scloenck
1147 4808 1195 4851 in
1217 4804 1388 4850 Archiv
1418 4802 1454 4848 f.
1475 4806 1569 4851 civ.
1593 4805 1675 4852 Pr.

309 4872 537 4921 T.lel.
571 4867 687 4913 diss.
714 4867 795 4912 lv.
823 4877 874 4916 et
892 4871 972 4915 lx.

372 4930 424 4991 7)
457 4933 571 4981 vid.
594 4943 640 4979 v.
662 4942 707 4977 c.
732 4930 783 4976 ι..
806 4933 888 4981 so.
913 4933 966 4979 n.
988 4932 1086 4983 loc.
1108 4928 1264 4983 cond.
1288 4927 1430 4989 (xix,
1452 4929 1520 4985 2.)

1798 3679 1843 3736 1)
1877 3681 1929 3725 t..
1964 3680 2044 3727 21.
2066 3680 2092 3734 S
2116 3677 2161 3724 4.
2187 3678 2243 3724 D.
2266 3678 2416 3736 quod
2430 3681 2553 3725 mee.
2573 3674 2865 3733 causauv,
2884 3676 2970 3732 9.),
3012 3674 3095 3732 (cf.

1733 3735 1754 3787 S
1774 3740 1882 3790 165.
1904 3748 2007 3789 not.
2032 3740 2080 3787 5.
2102 3746 2150 3786 et
2169 3740 2329 3793 Gltfe'clt
2356 3743 2410 3786 V.
2434 3753 2484 3798 p.
2508 3737 2602 3787 475
2621 3742 2715 3797 sq.)

1795 3807 1843 3863 2)
1876 3806 2193 3861 Excipiuntur
2215 3808 2261 3861 a)
2285 3803 2411 3849 dotis
2435 3802 2691 3860 promissio
2713 3798 2787 3855 (L.
2811 3798 2890 3850 2¹.
2914 3802 2940 3855 g
2960 3798 3009 3845 5.
3032 3800 3088 3843 D.

1731 3868 1884 3929 quod
1906 3871 2023 3919 met.
2049 3877 2200 3917 caus.
2216 3866 2260 3922 )‚
2283 3866 2332 3922 b)
2358 3867 2534 3910 tutoris
2552 3862 2817 3910 auctoritas
2840 3871 2918 3920 ea,
2946 3871 3093 3918 quam

1734 3933 1780 3976 vi
1802 3936 2028 3988 metuque
2052 3932 2248 3973 coactus
2280 3929 2571 3985 interposuit
2603 3931 2734 3971 tutor
2757 3924 2828 3978 (L.
2853 3923 2899 3968 1.
2922 3924 2947 3977 3
2970 3924 3015 3969 1.
3043 3925 3096 3968 D.

1730 3993 1797 4039 de
1835 3996 1977 4041 auct.
2010 3994 2111 4036 lut.
2142 3990 2305 4035 xxvt.
2334 3987 2420 4045 8.).
2450 4014 2510 4022 —-
2530 3989 2603 4035 Cf.
2644 3983 2805 4044 3165.
2842 3990 2944 4031 not.
2972 3984 3018 4031 1.
3038 4010 3097 4018 —-

1733 4059 1992 4101 Caeterum
2017 4052 2194 4103 rationi
2232 4056 2610 4101 consentaneum
2637 4054 2732 4104 est,
2765 4053 2820 4093 ut
2840 4048 2988 4093 etiam
3022 4059 3101 4094 so·

1736 4119 1884 4163 cietas
1908 4117 2195 4172 excipiatur.
2216 4117 2329 4170 Arg.
2348 4113 2398 4159 L.
2414 4112 2462 4158 5.
2480 4113 2566 4166 83.
2582 4116 2635 4159 D.
2651 4124 2752 4168 pro
2764 4111 2924 4156 socio,
2939 4112 3101 4167 (lel‚

1740 4181 1809 4237 2.)
1831 4186 1880 4225 et
1904 4180 1956 4225 1..
1977 4176 2057 4223 57.
2084 4178 2131 4222 in
2157 4175 2191 4220 f.
2218 4179 2272 4222 n.
2292 4176 2361 4223 de
2386 4177 2442 4221 0.
2467 4180 2524 4221 et
2542 4177 2609 4221 A.
2628 4175 2806 4231 (xciv,
2827 4170 2899 4230 7.)
2920 4173 2962 4228 (S
2983 4171 3094 4219 558.

1741 4246 1845 4287 not.
1874 4242 1941 4297 1.)
1961 4242 2086 4297 (Vid.
2111 4240 2135 4293 S
2160 4236 2269 4283 164.
2293 4245 2397 4285 not.
2424 4236 2490 4295 1.)

1801 4300 1850 4360 5)
1885 4304 1960 4349 Cf.
1987 4306 2040 4348 L.
2060 4301 2140 4347 23.
2160 4303 2184 4355 S
2208 4302 2251 4345 1.
2273 4302 2326 4346 D.
2345 4299 2495 4359 quod
2514 4303 2633 4347 met.
2659 4310 2707 4345 c.
2732 4298 2856 4343 etl..
2883 4295 2928 4342 1.
2951 4297 3005 4342 C.
3028 4295 3096 4341 de

1741 4377 1875 4412 rese.
1913 4366 2070 4411 vend.
2093 4363 2191 4418 (lv.
2213 4361 2430 4419 44.)-Ι..
2453 4363 2544 4408 ult.
2576 4365 2629 4407 C.
2654 4361 2721 4407 de
2744 4360 2848 4419 liis,
2873 4370 3015 4417 quae
3049 4358 3102 4405 vi

1739 4433 1980 4475 metusve
2002 4438 2172 4475 causa
2189 4430 2338 4484 qesta
2355 4428 2506 4470 sunt.
2530 4450 2583 4456 —
2610 4425 2701 4479 (Cf.
2722 4427 2747 4479 3
2774 4419 2880 4469 165.
2906 4426 3008 4467 not.
3029 4422 3102 4479 2.)

1742 4495 1863 4537 -At
1887 4503 1913 4536 a
1931 4492 2174 4548 plerisque
2208 4487 2500 4543 affirmatur,
2535 4488 2640 4544 ipso
2666 4487 2778 4541 jure
2800 4485 2960 4530 nullas
2982 4495 3104 4543 esse,

1738 4565 1864 4611 quae
1883 4554 1927 4597 vi
1949 4558 2180 4608 metuque
2204 4554 2588 4607 extorqueantur
2610 4549 2977 4595 conventiones.
3002 4550 3097 4593 Vc·

1738 4627 1848 4661 rum
1862 4617 1994 4661 enim
2008 4625 2123 4660 vero
2139 4624 2264 4669 quae
2278 4613 2452 4666 injure
2464 4618 2632 4657 nostro
2654 4613 2833 4669 passim
2850 4611 3098 4665 leguntur:

1738 4679 1842 4725 vim
1864 4681 1918 4724 ee
1940 4679 2158 4735 meeum,
2180 4674 2411 4733 ilemque
2448 4674 2648 4733 dolum,
2673 4672 2946 4720 contraria
2986 4684 3104 4719 esse

1739 4740 1912 4790 bonae
1921 4739 2050 4796 fidei
2072 4737 2313 4798 ηθῃοίὶἱε,
2334 4744 2437 4782 tum
2452 4738 2601 4782 etiam
2618 4736 2795 4783 :ir-rita
2806 4747 2944 4785 esse.
2962 4746 3106 4792 quac

1739 4802 1841 4850 isto
1863 4804 2016 4849 modo
2043 4805 2327 4860 yet-antur,
2363 4812 2628 4857 eorumque
2667 4799 2864 4849 similia.
2899 4800 2991 4842 nisi
3032 4800 3102 4842 di-

1741 4871 1868 4911 serte
1909 4865 2170 4921 adjiciatur
2196 4878 2208 4909 ε
2234 4863 2412 4908 nullius
2454 4873 2558 4907 esse
2597 4863 2832 4908 momenti
2857 4861 3100 4916 eiusmodi

1741 4928 1958 4988 negotia,
1992 4927 2150 4983 adjus
2171 4926 2329 4985 potius
2344 4924 2470 4985 eius,
2490 4924 2573 4983 qui
2591 4927 2747 4971 laesus
2766 4929 2839 4970 est
2853 4957 2869 4984 ‚
2888 4922 3061 4967 referri
3086 4955 3100 4977 ‚
