3544 5506
922 377 1055 419 car.
1099 376 1189 419 nv.
1228 377 1307 420 mi·
1343 377 1741 432 aequamus
1780 378 2274 424 mannitus.
2891 367 3005 424 6025

194 546 219 619 ς
244 540 390 598 691.
419 538 479 612 Β)
533 536 852 597 Voluntatis
878 538 1221 620 siqnificatio
1254 541 1545 620 animique
1564 540 1810 601 intentio
1835 541 1980 620 ejus,
2009 540 2110 620 qui
2130 539 2277 618 facto
2307 541 2572 621 acquirat
2615 542 3001 615 hereditatem,

284 740 492 796 Potest
532 738 719 796 heres
750 743 817 796 et
853 736 1162 809 expressis
1205 738 1417 795 verbis
1453 738 1875 797 hereditatem
1918 739 2257 813 adquirere
2279 781 2295 807 ‚
2327 745 2392 796 et
2426 741 2619 797 tacita
2661 740 3009 799 voluntatis

202 829 663 904 significatione
696 829 762 905 ¹).
792 837 995 907 Atque
1025 840 1305 906 utroque
1339 837 1532 893 modo
1563 850 1725 907 pure
1755 835 1865 892 ssat
1889 835 2260 893 hereditatis
2289 836 2484 893 aditio
2518 830 2590 911 ²),
2616 836 3008 911 omninoque

202 930 291 993 ita
310 981 326 1004 ‚
359 936 452 993 uti
482 937 763 993 delatum
798 944 892 995 est
906 936 1014 1010 jus
1035 933 1100 1001 ³).
1136 936 1367 1013 Quodsi
1399 934 1684 994 conditio
1716 936 2014 1012 adjicitur
2035 983 2050 1009 ‚
2075 931 2226 995 nihil
2258 939 2456 1004 valet,
2485 939 2660 1010 quod
2688 941 2900 1010 agitur
2927 935 3008 1015 ⁴);

201 1037 297 1093 sin
319 1051 437 1108 pro
463 1042 646 1108 parte
676 1041 928 1093 tantum
945 1035 1050 1110 jus
1080 1037 1404 1108 cognoscit
1431 1036 1617 1093 heres
1635 1080 1650 1103 ,
1673 1041 1882 1094 totum
1901 1080 1918 1111 ,
1952 1037 2124 1109 quod
2148 1036 2261 1094 sibi
2288 1036 2570 1093 delatum
2597 1044 2724 1108 est,
2751 1053 3010 1097 necesse

200 1135 398 1194 habet
435 1151 782 1208 agnoscere
826 1132 896 1208 ⁸).
945 1136 1058 1214 Qui
1102 1137 1162 1194 vi
1212 1144 1518 1210 metuque
1558 1144 1820 1195 coactus
1862 1136 2283 1196 hereditatem
2332 1136 2522 1204 adiit,
2577 1139 2639 1195 in
2689 1133 3009 1211 integrum

201 1235 561 1294 restituitur
585 1230 652 1308 ὅ).
700 1236 930 1312 Quodsi
962 1237 1114 1294 dolo
1150 1237 1336 1294 heres
1366 1237 1674 1309 deceptus
1702 1238 1890 1312 adiit,
1923 1239 2005 1296 de
2036 1238 2186 1296 dolo
2214 1243 2325 1294 aut
2355 1237 2524 1297 actio
2563 1245 2677 1296 aut
2717 1241 3011 1313 exceptio

203 1336 417 1393 locum
441 1335 632 1394 habet
661 1331 709 1407 ⁷)
724 1353 742 1411 ;
773 1338 1011 1394 erroris
1032 1343 1245 1395 autem
1272 1339 1447 1396 nulla
1475 1333 1640 1396 ratio
1664 1333 1943 1396 habetur
1969 1333 2492 1410 ⁸)‚praeterquam
2515 1334 2564 1396 si
2590 1345 2704 1396 aut
2725 1341 2805 1397 de
2829 1346 3012 1411 parte

205 1435 417 1492 delata
452 1451 636 1494 error
666 1436 747 1495 sit
768 1432 840 1509 ⁹),
871 1443 984 1493 aut
1012 1437 1091 1495 de
1122 1453 1315 1496 causa
1347 1438 1681 1497 delationis
1711 1437 1859 1509 (not
1887 1439 1985 1495 11.
2005 1440 2042 1503 ).
2079 1431 2242 1494 Nam
2285 1451 2415 1495 non
2439 1437 2645 1495 solum
2682 1453 2835 1497 vere
2873 1454 3013 1498 esse

208 1531 494 1589 delatum
516 1532 619 1606 jus
639 1574 656 1598 .
690 1527 852 1590 scire
875 1539 1131 1604 oportet
1155 1532 1459 1591 heredem
1484 1528 1577 1610 ¹⁰),
1605 1548 1828 1591 verum
1855 1533 2046 1591 etiam
2071 1547 2328 1589 causam
2352 1547 2536 1590 nosse
2557 1532 2892 1591 delationis
2918 1532 2958 1565 ¹¹
2965 1533 3010 1611 )‚

205 1632 348 1685 tum
396 1643 552 1686 vero
585 1627 821 1701 justam
860 1644 1004 1686 eam
1034 1644 1111 1687 ac
1162 1629 1504 1701 legitimam
1566 1631 1927 1687 existimare
1959 1625 2062 1700 ¹²).
2122 1634 2456 1700 praeterea
2504 1644 2633 1687 non
2677 1630 3008 1704 ignorare,

208 1743 373 1800 pure
401 1728 587 1787 heres
618 1727 945 1787 institutus
968 1729 1082 1802 sit,
1126 1743 1210 1794 an
1261 1731 1380 1787 sub
1404 1728 1772 1788 conditione
1799 1725 1888 1802 ¹³),
1917 1723 2101 1796 item,
2142 1722 2534 1787 exstiteritne
2565 1729 2848 1787 conditio
2867 1774 2883 1799 ‚
2926 1746 3011 1788 an

205 1827 416 1885 adhuc
437 1829 753 1897 pendeat,
777 1829 877 1886 vel
907 1829 1097 1887 etiam
1126 1825 1428 1887 defecerit
1447 1825 1515 1901 ¹⁴)
1534 1835 1558 1886 ἲ
1579 1834 1911 1888 Caeterum
1944 1827 2104 1885 falso
2133 1827 2492 1884 existimare
2525 1871 2540 1894 .
2573 1830 3010 1888 conditionem

204 1936 343 1980 esse
385 1923 698 1995 adjectam
730 1919 1106 1981 institutioni
1130 1966 1145 1989 ,
1177 1923 1441 1997 impleta
1466 1939 1541 1982 ea
1565 1968 1583 1992 ‚
1613 1924 1766 1982 nihil
1803 1928 1996 1983 nocet
2032 1918 2439 1995 adquisitioni
2481 1920 2571 1997 ¹³),
2610 1939 2744 1983 non
2772 1926 3008 1998 magis,

206 2032 404 2089 quam
434 2024 684 2090 partem
704 2062 720 2086 ‚
749 2034 915 2092 quae
938 2020 1150 2076 delata
1180 2019 1292 2092 sit,
1318 2020 1616 2092 ignorare
1652 2019 1751 2084 ¹⁶).

530 2224 557 2297 §
583 2224 728 2283 692.
755 2225 815 2297 C)
847 2221 1188 2299 Sinqularia
1211 2221 1428 2301 dejure
1452 2223 1834 2284 hereditatum
1855 2222 2338 2301 acquirendarum
2355 2233 2678 2303 praecepta.

287 2414 446 2471 Sunt
466 2418 683 2469 tamen
707 2410 770 2468 in
794 2411 1333 2485 acquirendarum
1356 2410 1788 2469 hereditatum
1805 2410 1950 2491 jure
1968 2414 2310 2486 singularia
2335 2417 2646 2489 quaedam
2666 2417 3012 2482 constituta

207 2527 433 2572 eorum
465 2528 656 2570 causa
681 2557 696 2579 ,
728 2513 836 2585 qui
869 2513 965 2570 vel
1001 2513 1247 2585 patriae
1270 2513 1570 2584 potestati
1600 2513 2059 2587 subjiciuntur,
2096 2518 2193 2573 vel
2217 2523 2289 2573 ut
2314 2517 2678 2590 impuberes
2701 2523 2766 2574 et
2789 2512 3010 2576 furiosi

206 2614 325 2669 sub
341 2614 540 2670 tutela
572 2617 719 2669 sunt
743 2618 853 2668 aut
878 2613 996 2669 sub
1039 2628 1221 2670 cura.
1254 2607 1509 2670 Etenim
1532 2611 1591 2684 1)
1618 2613 2071 2682 hereditatem,
2118 2615 2518 2674 bonorumve
2555 2617 3011 2690 possessionem

211 2711 609 2771 filiofamilias
639 2713 951 2782 delatam,
973 2712 1159 2786 eique
1184 2712 1411 2771 infanti
1429 2757 1445 2783 ‚
1475 2713 1639 2787 patri
1661 2714 1874 2773 licebit
1903 2714 2065 2773 illius
2089 2719 2349 2775 nomine
2375 2717 2710 2790 acquirere
2736 2714 2802 2789 ¹).
2832 2720 3012 2795 Quod

208 2812 258 2870 si
292 2812 548 2881 fecerit,
583 2813 709 2872 [ilio
759 2821 982 2887 postea
1018 2816 1080 2871 in
1113 2816 1431 2887 integrum
1470 2815 1873 2874 restitutione
1905 2816 2247 2889 impetrata
2298 2820 2607 2876 adversus
2643 2817 3013 2877 hereditatis

209 2909 554 2967 aditionem
577 2953 592 2978 ‚
625 2917 809 2983 pater
850 2909 1258 2969 nibilominus
1289 2910 1567 2982 illigatur
1609 2907 1912 2969 oneribus
1960 2912 2396 2989 hereditariis3
2431 2920 2660 2973 contra
2690 2930 2846 2972 vero
2891 2930 3012 2973 nec

211 3016 406 3067 nocet
430 3004 559 3066 filio
576 3054 593 3084 ‚
612 3010 1016 3081 repudiatam
1036 3026 1172 3069 esse
1199 3028 1236 3068 a
1260 3018 1442 3083 patre
1465 3006 1892 3070 hereditatem
1909 3008 1979 3082 ²).
2008 3017 2149 3071 Post
2171 3014 2466 3084 impletos
2487 3011 2790 3072 infantiae
2810 3030 3012 3075 annos

208 3115 320 3165 aut
347 3114 530 3181 pater
560 3116 771 3181 potest
804 3108 931 3167 [ilio
971 3111 1447 3179 consentiente,
1484 3117 1597 3168 aut
1625 3112 1787 3169 filius
1819 3112 2265 3170 consentiente
2297 3119 2514 3186 patre,
2554 3114 2733 3170 adire
2759 3112 3011 3171 heredi—

207 3214 410 3265 tatem
437 3204 503 3283 ³)‚
533 3208 657 3266 hoc
686 3218 900 3281 pacto,
948 3216 1057 3279 ut,
1091 3211 1141 3267 si
1174 3209 1337 3268 filius
1383 3225 1685 3269 recusare
1736 3226 1880 3268 eam
1924 3209 2260 3287 maluerit,
2292 3213 2456 3285 patri
2492 3228 2633 3271 eam
2659 3212 2772 3271 sibi
2803 3214 3016 3285 acqui-

212 3306 516 3381 rendijus
542 3308 653 3384 sit,
694 3309 791 3369 sin
837 3325 992 3369 vero
1022 3316 1206 3384 pater
1240 3325 1619 3369 consensum
1658 3327 1845 3371 suum
1887 3309 2215 3385 impertire
2258 3312 2570 3379 noluerit,
2619 3312 2747 3369 filio
2782 3307 3008 3379 liceat,

807 3539 834 3593 S
865 3535 981 3585 091.
1703 3534 1785 3589 19)
1805 3537 1852 3593 a)
1877 3538 1928 3582 L.
1946 3532 2027 3582 82.
2048 3537 2074 3591 ς
2094 3534 2144 3582 9.
2174 3537 2226 3582 D.
2255 3536 2306 3582 Ιι.
2332 3536 2490 3590 t.-b)
2514 3538 2562 3582 L.
2590 3533 2669 3582 50.
2695 3533 2786 3591 38.
2813 3533 2932 3581 eod.
2952 3557 3010 3566 —

1641 3600 1693 3647 L.
1718 3597 1795 3646 ¹⁷.
1818 3612 1889 3656 pr.
1915 3598 2034 3645 eod.
2072 3623 2133 3632 --
2171 3599 2221 3644 L.
2263 3596 2342 3645 46.
2372 3598 2489 3645 eod.
2528 3622 2587 3632 -
2619 3601 2664 3654 c)
2708 3599 2759 3644 L.
2796 3595 2876 3643 51.
2921 3607 2993 3655 pr.

277 3663 326 3717 1)
350 3664 378 3717 S
396 3661 444 3710 7.
474 3664 510 3709 l.
535 3662 588 3708 Ιι.
614 3665 649 3707 t.
671 3659 754 3718 (ef.
782 3659 983 3718 5694).
1641 3664 1694 3708 D.
1716 3662 1834 3708 eod.
1851 3661 1956 3719 —d)
1980 3664 2028 3707 L.
2050 3660 2131 3708 50.
2157 3664 2184 3718 ς
2205 3662 2250 3709 1.
2279 3659 2328 3706 δ.
2352 3667 2402 3707 et
2419 3658 2468 3707 5.
2492 3662 2544 3707 D.
2564 3662 2617 3708 Ιι.
2640 3664 2676 3707 t.
2713 3660 2813 3718 (cf.
2836 3660 2863 3714 ς
2881 3657 2992 3711 690.

274 3724 323 3778 2)
345 3727 396 3770 t..
423 3723 504 3771 77.
527 3726 583 3770 D.
601 3723 671 3771 de
693 3726 928 3781 νος-ΙΨ.
972 3728 1022 3769 et
1061 3724 1127 3770 ibi
1150 3726 1274 3771 Jac.
1297 3723 1575 3778 Gothori-e-
1642 3730 1746 3770 uot.
1772 3723 1862 3779 5.).

207 3787 316 3832 dm
337 3789 386 3831 tn
401 3800 514 3844 opp.
536 3788 659 3831 min.
684 3799 733 3843 p.
752 3784 867 3832 941.
888 3798 965 3832 nr.
988 3787 1037 3833 3.
1064 3809 1120 3819 —-
1142 3784 1422 3843 Hoepsner
1437 3788 1583 3834 Com-
1714 3785 1794 3842 125)
1818 3788 1869 3832 L.
1891 3784 1972 3834 52.
1998 3789 2025 3843 ς
2045 3787 2092 3833 1.
2114 3788 2168 3833 D.
2195 3786 2249 3832 Ιι.
2274 3790 2309 3831 t.

209 3857 426 3896 mentar.
449 3850 475 3903 ς
495 3847 670 3896 545.-
687 3850 799 3893 Vld.
819 3854 870 3894 et
890 3855 991 3895 not.
1014 3847 1062 3896 4.
1712 3847 1789 3903 14)
1829 3850 1880 3895 1..
1903 3848 1983 3896 21.
2029 3851 2082 3894 D.
2107 3849 2174 3896 de
2205 3846 2362 3896 cond.
2388 3850 2440 3893 et
2459 3846 2748 3892 demonstr.
2776 3845 2977 3900 (xxxv
2996 3879 3012 3901 .‚

273 3913 325 3962 3)
346 3913 397 3957 L.
420 3912 467 3956 1.
490 3917 539 3956 et
562 3912 608 3955 2.
635 3912 688 3956 L.
713 3908 791 3956 80.
818 3923 893 3969 pr.
921 3913 976 3958 D.
1004 3914 1062 3957 L.
1079 3911 1226 3957 mc.
1248 3910 1300 3957 Ιι.
1324 3913 1359 3956 t.
1649 3911 1693 3959 1.
1719 3910 1837 3970 ).‘cf.
1861 3912 2179 3957 Endenmnn
2226 3913 2280 3957 D.
2323 3912 2383 3955 de
2425 3911 2701 3967 implendae
2724 3908 3015 3954 conditionis

278 3973 329 4023 4)
357 3975 410 4019 L.
433 3971 514 4019 51.
535 3973 562 4027 S
581 3975 627 4018 2.
656 3974 709 4017 D.
735 3973 788 4018 Ιι.
816 3978 852 4019 t.
1649 3982 1867 4030 tempore
1907 3987 1952 4031 p.
1973 3971 2050 4020 5⁷.
2077 3972 2197 4032 58.).
2237 3998 2291 4007 -
2327 3976 2579 4018 Caeterum
2602 3970 2799 4017 obstare
2821 3970 3012 4014 videtur

278 4034 327 4092 5)
348 4038 400 4081 L.
428 4036 504 4082 10.
542 4036 595 4083 L.
616 4032 698 4081 55.
742 4047 817 4093 pr.
859 4042 908 4081 et
949 4038 975 4091 ς
996 4034 1044 4082 2.
1077 4037 1131 4081 L.
1166 4032 1246 4082 56.
1282 4036 1334 4081 L.
1368 4032 1450 4082 80.
1486 4037 1514 4092 S
1534 4038 1581 4084 1.
1649 4040 1700 4084 L.
1726 4037 1807 4083 31.
1832 4034 1922 4093 33.
1950 4037 2002 4082 Ιι.
2027 4038 2064 4081 l.
2086 4036 2475 4094 (quacnmetiam
2498 4035 2562 4080 εἴ.
2590 4032 2734 4078 L.80.
2759 4034 2785 4086 ς
2805 4030 2854 4078 2.
2871 4033 3017 4085 eod..

210 4101 271 4147 D.
300 4099 354 4144 Ιι.
381 4100 419 4144 t.
1647 4112 1792 4158 supra
1820 4096 1974 4154 5691.
2018 4106 2121 4144 not.
2142 4098 2230 4154 9.).
2271 4122 2326 4131 -
2364 4097 2470 4143 vid.
2500 4098 2554 4143 J.
2578 4094 2885 4146 Gothori-edi
2906 4096 3013 4139 ani-

272 4158 326 4216 6)
351 4162 403 4206 L.
429 4158 508 4206 21.
545 4160 571 4213 S
596 4158 645 4206 5.
670 4161 722 4207 D.
746 4161 896 4218 quod
926 4162 1045 4207 met.
1081 4171 1269 4207 causa.
1293 4160 1392 4217 (lv,
1416 4159 1486 4212 2.)
1520 4187 1581 4196 —
1644 4164 1810 4208 madv.
1828 4161 1926 4214 jur.
1948 4159 2041 4207 civ.
2067 4172 2112 4208 c.
2138 4159 2215 4208 17.
2239 4162 2384 4218 (opp.
2431 4160 2551 4204 min.
2592 4170 2640 4215 p.
2667 4155 2760 4203 512
2783 4155 2926 4214 sqq).
2954 4182 3014 4191 -·

208 4224 263 4270 1..
289 4220 372 4269 85.
402 4224 457 4267 D.
484 4222 535 4268 Ιι.
560 4226 600 4268 t.
625 4223 726 4274 (De
748 4225 841 4281 leg.
868 4222 916 4269 6.
941 4224 966 4277 S
998 4225 1046 4267 7.
1074 4224 1126 4268 D.
1150 4223 1199 4268 Ιι.
1225 4226 1261 4268 t.
1307 4227 1358 4267 et
1377 4223 1582 4270 lectione
1646 4228 1714 4271 A.
1749 4222 2025 4284 Schultinq
2060 4227 2161 4270 not.
2209 4223 2272 4269 ad
2318 4224 2423 4279 Dig.
2448 4223 2528 4268 ed.
2561 4218 2844 4267 Smallenb.
2869 4220 2926 4264 Τ.
2953 4221 3012 4267 V.

205 4292 260 4331 et
283 4297 426 4331 sensu
453 4285 550 4330 vid.
574 4287 640 4330 A.
663 4285 936 4344 Schultmq
954 4291 1013 4333 ad
1039 4286 1179 4331 Prota
1203 4285 1354 4331 Pand.
1381 4284 1481 4329 Lib.
1502 4286 1579 4332 lv.
1646 4299 1694 4346 p.
1721 4287 1832 4334 130.

207 4349 313 4393 Tit.
336 4349 384 4393 Β.
408 4349 435 4402 S
452 4346 499 4393 6.
529 4369 591 4383 —
614 4347 699 4393 Id.
725 4349 775 4393 in
797 4354 900 4393 not.
924 4350 983 4393 ad
1008 4348 1112 4405 Dig.
1138 4347 1196 4394 Τ.
1220 4348 1277 4391 V.
1298 4359 1348 4406 p.
1374 4344 1483 4393 125.
1522 4371 1583 4382 —-
1709 4347 1790 4404 15)
1812 4350 1864 4393 L.
1891 4345 1970 4393 3⁴.
1996 4350 2024 4405 s
2043 4350 2089 4396 1.
2113 4350 2166 4394 D.
2192 4348 2244 4394 Ιι.
2271 4351 2306 4393 t.

207 4410 523 4467 Dompierre
573 4410 641 4456 de
700 4409 1031 4469 Jonquteres
1093 4409 1154 4455 de
1204 4415 1320 4455 rest.
1375 4410 1426 4454 ln
1480 4409 1573 4456 int.
1705 4410 1785 4469 10)
1811 4413 1861 4457 L.
1886 4408 1965 4457 21.
1989 4412 2016 4465 ς
2039 4410 2086 4458 5.
2121 4412 2176 4457 D.
2199 4411 2254 4457 Ιι.
2279 4415 2317 4456 t.
2357 4433 2416 4442 -
2451 4408 2502 4454 L.
2527 4404 2578 4454 δ.
2609 4409 2637 4464 ς
2658 4404 2703 4452 1.
2726 4407 2782 4451 D.
2805 4403 2854 4451 ei
2877 4419 3010 4463 pare

208 4470 496 4591 ¹’'·1’⁷)¹1.⁸.‘¹‹io.
524 4535 575 4578 n.
600 4531 668 4579 de
690 4533 811 4580 doto
831 4536 985 4582 mato.
1009 4534 1114 4591 (w,
1133 4535 1204 4589 s.)
1642 4473 1827 4521 hored.
1852 4474 1930 4530 (γ’
1952 4471 2020 4520 ⁴³

268 4594 319 4650 8)
345 4597 396 4641 L.
420 4594 501 4643 34.
525 4608 600 4667 pr.
636 4597 689 4642 L.
707 4594 787 4643 96.
825 4599 879 4645 D.
925 4598 977 4643 Ιι.
1014 4601 1051 4642 t.
1088 4620 1143 4629 -
1178 4596 1254 4643 Cf.
1274 4600 1324 4642 et
1348 4596 1399 4641 L.
1425 4596 1474 4643 8.
1498 4607 1573 4653 pr.
2236 4600 2261 4653 s
2292 4594 2402 4644 692.

206 4658 404 4775 affl.
424 4718 505 4768 75.
530 4721 587 4765 D.
611 4720 662 4765 Ιι.
688 4723 723 4766 t.
1702 4723 1747 4777 1)
1767 4723 1819 4767 L.
1845 4719 1921 4767 18.
1948 4733 2022 4779 pr.
2046 4722 2096 4767 C.
2122 4720 2174 4767 Ιι.
2197 4723 2235 4767 t.
2260 4746 2314 4753 —
2337 4721 2402 4765 De
2425 4720 2523 4765 filio
2545 4717 2839 4777 reipublicae
2855 4728 3002 4765 causa

274 4785 352 4839 10)
378 4786 429 4829 L.
459 4781 534 4828 19.
563 4784 614 4828 L.
638 4781 719 4827 52.
746 4794 820 4839 pr.
844 4784 896 4829 D.
918 4783 969 4829 Ιι.
993 4784 1149 4829 t.-L.
1177 4780 1253 4829 13.
1272 4786 1299 4839 ς
1324 4784 1369 4829 1.
1394 4783 1578 4831 eod.—
1641 4784 1841 4830 absente
1860 4796 2015 4842 eoque
2034 4788 2230 4829 mortuo
2247 4785 2344 4830 vid.
2371 4784 2421 4828 L.
2445 4781 2528 4828 30.
2551 4794 2625 4839 pr.
2651 4781 2707 4826 D.
2732 4781 2782 4827 Ιι.
2808 4784 2848 4825 t.

204 4847 464 4892 Contraria
487 4856 585 4891 non
604 4850 680 4890 est
700 4845 750 4890 L.
777 4843 855 4891 33.
882 4848 936 4892 D.
952 4846 1005 4894 Ιι.
1030 4846 1288 4906 e.‚qulp1·e
1306 4858 1365 4893 ex
1389 4847 1578 4894 fictione
1705 4849 1751 4902 2)
1776 4849 1826 4893 L.
1851 4848 1942 4892 ult.
1968 4848 1993 4901 ς
2019 4843 2068 4892 0.
2090 4846 2147 4892 C.
2170 4844 2396 4905 debon„
2420 4855 2560 4904 quae
2580 4842 2666 4890 tib.
2690 4843 2790 4899 (Vl,
2815 4839 2916 4896 61.)

208 4910 330 4967 legis
346 4908 602 4955 Corneliae
622 4908 926 4965 explicanda.
1704 4909 1755 4962 ὅ)
1784 4911 1834 4955 L.
1855 4908 1902 4956 4.
1929 4910 1981 4955 L.
2005 4905 2078 4954 18.
2107 4910 2132 4964 S
2163 4906 2210 4954 4.
2233 4909 2285 4953 C.
2309 4908 2358 4955 Ιι.
2386 4911 2421 4956 t.
2460 4934 2514 4941 —
2549 4907 2625 4954 Ci'.
2650 4907 2702 4954 L.
2729 4907 2817 4953 ult.
2842 4902 2930 4961 §5-
2954 4904 3008 4951 C.

278 4973 356 5027 n)
384 4972 434 5016 1..
462 4971 540 5016 22.
564 4971 622 5014 n.
646 4969 697 5015 ιι.
725 4972 760 5014 e.
1645 4970 1712 5019 de
1732 4974 1877 5032 bon„
1903 4982 2047 5028 quae
2067 4969 2263 5019 libem.

2620 5066 2695 5124 79
