3544 5506
491 368 603 420 514
1101 380 1252 438 uns
1291 377 1446 419 senc.
1488 378 1607 418 Lm.
1645 377 1717 418 11.
1760 376 1835 418 nn
1874 377 2060 418 mus
2097 377 2372 427 manno.
2417 376 2693 419 nonium.

491 495 721 554 offerat
743 537 759 564 ‚
796 498 861 551 et
893 492 945 550 si
969 491 1020 549 is
1049 504 1193 548 eam
1224 488 1514 564 accipere
1550 484 1746 559 nolit,
1776 485 2056 542 oblatam
2107 484 2390 556 legitimo
2420 486 2614 543 modo
2642 480 2924 559 deponat
2949 507 2966 564 ;
2996 502 3127 561 quo
3156 491 3299 561 qui-

493 592 640 648 dem
664 589 832 648 sacto
862 587 926 644 in
963 585 1195 644 dimissi
1221 586 1435 642 iocum
1482 581 1767 639 succedit
1812 581 1951 652 ipso
1966 580 2117 654 jure
2150 587 2344 654 atque
2368 582 2479 649 ita,
2507 582 2686 654 quasi
2723 584 2805 640 ad
2836 598 2983 641 eum
3013 585 3300 644 cessione

491 686 870 744 translatum
898 689 1063 740 esset
1097 675 1328 753 prioris
1362 677 1696 737 creditoris
1730 677 1836 750 ius
1863 672 1950 749 ¹⁴).
1977 676 2270 752 Quamvis
2298 684 2514 735 autem
2550 677 2827 737 offerens
2852 680 3137 739 creditor
3163 697 3297 740 non

491 784 554 839 in
576 781 950 854 ampliorem
965 777 1327 851 pecuniam,
1355 790 1549 848 quam
1574 774 1706 846 ipse
1734 773 1916 831 alteri
1934 774 2223 840 exsolvit,
2248 773 2312 830 in
2331 773 2519 847 hujus
2549 774 2762 832 locum
2780 776 3186 836 substituitur
3201 778 3292 852 ¹⁵),

490 878 686 939 nihilo
724 886 942 939 tamen
988 877 1197 936 minus
1230 877 1337 950 jus
1364 890 1553 934 suum
1596 874 1876 947 pignoris
1923 874 2058 946 ipse
2085 869 2202 931 sibi
2250 869 2588 932 confirmat
2615 874 2921 934 offerendi
2947 876 3090 951 jure
3121 894 3292 949 usus,

491 992 621 1050 quo
651 976 714 1032 id
741 975 1011 1032 maxime
1040 973 1480 1045 consequitur,
1505 977 1578 1027 ut
1595 975 1707 1027 aut
1725 970 1902 1026 nulia
1932 970 2123 1027 rebus
2145 969 2494 1028 vendendis
2517 986 2700 1029 mora
2724 972 2833 1029 fiat
2856 970 2949 1046 ιε),
2966 979 3080 1030 aut
3112 990 3297 1047 prae—

491 1086 770 1145 propera
794 1071 1137 1144 pignorum
1164 1068 1447 1126 venditio
1471 1065 1881 1143 impediatur,
1901 1070 2012 1121 aut
2040 1064 2500 1136 possessionem
2519 1066 2611 1123 rei
2624 1067 2996 1139 pigneratae
3021 1062 3298 1127 offerens

490 1177 924 1244 consequatur
946 1213 963 1240 ,
1003 1170 1279 1246 aliaque,
1309 1183 1477 1241 quae
1522 1165 1886 1225 accuratius
1914 1178 2423 1223 commemorare
2453 1180 2583 1223 non
2607 1161 2836 1224 attinet
2866 1165 2957 1238 ¹⁷).
2984 1169 3110 1225 Nec
3132 1169 3298 1228 adeo

492 1276 608 1342 est,
637 1269 813 1343 quod
839 1268 1225 1334 dubitemus,
1251 1261 1407 1339 quin
1432 1265 1623 1323 etiam
1651 1263 1849 1337 priori
1879 1264 2182 1322 creditori
2207 1265 2513 1323 adversus
2538 1266 2955 1338 posteriorem
2983 1266 3296 1326 offerendi

485 1371 590 1445 jus
612 1367 1018 1442 profuturum
1051 1367 1130 1424 sit
1159 1363 1255 1440 ¹⁸),
1284 1362 1435 1423 licet
1470 1380 1699 1423 eorum
1739 1364 1841 1422 vel
1882 1358 2190 1438 maxime,
2225 1364 2333 1437 qui
2376 1360 2742 1424 inferiorem
2796 1368 3008 1424 iocum
3034 1372 3294 1437 tenent,

492 1470 793 1528 inserviat
815 1467 1189 1540 commodis,
1220 1467 1302 1524 ad
1332 1471 1494 1538 quos
1517 1467 1738 1534 etiam,
1769 1471 2100 1537 tamquam
2130 1464 2211 1521 ad
2244 1479 2431 1539 unos,
2460 1479 2646 1522 usum
2680 1465 2846 1523 iliius
2873 1464 3112 1524 referre
3132 1462 3296 1539 juris

494 1570 695 1628 nostri
713 1575 1009 1627 auctores
1024 1566 1189 1624 soliti
1212 1572 1363 1624 sunt
1379 1562 1471 1640 ¹⁹).
1489 1567 1825 1623 Caeterum
1847 1579 1977 1623 non
1993 1565 2238 1622 utendo
2258 1566 2485 1622 eodem
2502 1566 2811 1637 temporis
2829 1560 3036 1639 spatio
3057 1566 3295 1625 miin-

493 1668 709 1738 guitur
726 1665 832 1739 jus
863 1657 1216 1732 offerendi,
1249 1677 1379 1736 quo
1402 1662 1595 1720 etiam
1620 1661 2081 1734 hypothecaria
2109 1662 2279 1720 actio
2310 1662 2555 1720 tollitur
2574 1657 2669 1735 ²⁰).

557 1842 635 1902 14)
670 1845 723 1889 Ι..
747 1845 798 1891 2.
822 1845 874 1892 1..
899 1841 950 1890 ὅ.
974 1845 1000 1898 ς
1024 1845 1072 1890 1.
1095 1845 1150 1889 D.
1173 1843 1243 1890 de
1264 1843 1418 1891 distr.
1437 1841 1580 1903 piqn.
1601 1868 1661 1876 -
1686 1843 1738 1890 L.
1777 1839 1855 1890 18.
1918 1843 2000 1898 jus
2022 1840 2258 1889 offerendi
2292 1841 2508 1888 exerceri
2547 1854 2685 1901 posse
2707 1846 2865 1900 putat.
2892 1843 3043 1898 Quem
3068 1852 3294 1888 errorem

493 1908 548 1952 D.
571 1907 622 1953 Ιι.
646 1910 683 1952 t.
714 1930 773 1938 —
797 1907 848 1952 L.
873 1905 918 1953 1.
947 1909 999 1952 C.
1024 1906 1116 1964 qui
1134 1909 1247 1963 pot.
1268 1906 1323 1952 in
1338 1907 1484 1967 piqn.
1509 1930 1571 1939 —
1594 1907 1645 1951 L.
1671 1903 1792 1958 123
1808 1901 1857 1951 li.
1924 1904 2328 1962 redarguimusin
2348 1905 2568 1952 :Cession
2580 1906 2665 1951 der
2683 1901 3292 1961 Forderungsr.§57.nr.2.

496 1970 550 2013 Ι).
564 1969 618 2016 Ιι.
640 1967 1053 2027 l.—Gesterdin9
1075 1980 1123 2027 p.
1137 1967 1470 2016 261—268.-
1486 1967 1738 2015 Auctoris
1752 1969 1862 2014 Ces·
1991 1965 2070 2025 18)
2104 1966 2285 2014 Paulli
2306 1971 2429 2013 sent.
2454 1979 2552 2013 rec.
2576 1969 2638 2022 ii.
2655 1966 2737 2013 13.
2758 1970 2784 2022 s
2802 1964 3125 2012 8.-Dissent.
3147 1967 3294 2014 Zim-

496 2032 618 2077 sion.
644 2046 692 2090 p.
710 2027 805 2077 469
824 2055 884 2063 -
902 2030 1013 2078 472.
1927 2040 2085 2075 mern
2133 2029 2368 2074 zeitschr.
2408 2030 2491 2074 fur
2531 2029 2697 2076 Civilr.
2743 2041 2792 2074 u.
2834 2029 2972 2074 Proc.
3002 2030 3038 2073 Ι.
3059 2039 3110 2084 p.
3134 2026 3196 2073 53
3220 2039 3292 2085 sq.

561 2092 639 2152 15)
673 2095 725 2143 Ι..
759 2090 838 2140 16.
864 2094 1000 2140 verb.
1030 2107 1040 2138 :
1064 2093 1228 2149 plane
1248 2105 1367 2140 cum
1408 2093 1685 2139 tertius.—
1705 2092 1755 2136 Ι..
1781 2088 1861 2137 20.
1926 2091 2022 2144 (nr.
2045 2088 2132 2149 4.).
2172 2094 2221 2134 ct
2244 2087 2403 2137 Linde
2448 2091 2500 2135 in
2532 2091 2648 2137 diss.
2673 2091 2805 2137 laud.
2829 2090 2948 2135 etin
2987 2087 3221 2136 zeitschr.
3257 2091 3293 2137 i'.

498 2156 552 2200 D.
578 2157 631 2203 Ιι.
658 2159 694 2203 t.
717 2182 777 2189 —
795 2157 847 2201 Ι..
884 2156 962 2203 12.
986 2152 1080 2209 86.
1099 2156 1215 2202 eod.
1238 2180 1293 2189 -
1315 2158 1365 2201 1..
1388 2154 1469 2202 22.
1495 2157 1548 2200 C.
1568 2153 1641 2200 *de
1655 2153 1800 2212 piyn.
1928 2153 2090 2200 Civiir.
2113 2165 2166 2198 u.
2192 2154 2333 2199 Proz.
2355 2154 2413 2198 T.
2440 2153 2520 2197 vl.
2545 2154 2661 2199 diss.
2684 2152 2935 2199 V.—Sed.
2957 2151 3069 2197 vid.
3104 2150 3300 2199 Miiuci-

566 2219 645 2276 16)
673 2220 899 2273 Quamvis
911 2218 1042 2264 enim
1063 2219 1459 2274 omniscreditor,
1481 2215 1718 2275 posterior
1740 2227 1866 2272 quo-
1933 2216 2103 2261 Archiv
2144 2215 2181 2261 i.
2240 2216 2333 2261 civ.
2370 2215 2450 2259 Pr.
2475 2216 2553 2259 xi.
2577 2228 2625 2272 p.
2648 2212 2742 2261 586
2785 2227 2892 2272 sqq.
2916 2214 3016 2269 (Nr.
3055 2215 3137 2267 ll.)
3158 2221 3211 2260 et
3227 2217 3292 2269 ej.

497 2294 614 2340 que,
632 2288 760 2327 recte
773 2291 858 2338 per
875 2293 924 2326 se
941 2279 1138 2338 quidem
1148 2281 1319 2339 pignus
1332 2280 1498 2326 vendit
1516 2280 1559 2338 (S
1573 2275 1682 2323 518.
1700 2277 1869 2323 not.3.
1934 2275 2310 2323 civii.Abhandl.
2335 2278 2369 2322 N
2381 2277 2704 2324 r.ii.-—-1='ul²r
2723 2278 2770 2323 in
2793 2276 3294 2335 ephemerid.Eriang.

500 2345 551 2390 in
575 2345 650 2402 1.),
677 2350 839 2390 tamen
862 2343 1136 2400 negandum
1156 2347 1360 2398 nonest,
1382 2343 1524 2388 atteri
1547 2352 1634 2399 per
1657 2343 1870 2385 alterum
1935 2341 1994 2384 T.
2018 2342 2141 2386 xix.
2168 2353 2215 2397 p.
2241 2336 2333 2385 118
2355 2350 2530 2397 sqq.——
2552 2341 2697 2397 Bopp
2718 2340 2768 2386 in
2789 2339 3037 2386 Rosslu'rt
3053 2340 3294 2387 zeitschr.

501 2417 689 2453 moram
713 2405 1167 2464 controversiasque
1201 2405 1547 2464 impediendae
1581 2402 1871 2448 venditionis
1935 2403 1993 2447 T.
2019 2403 2056 2448 1.
2077 2415 2126 2460 p.
2143 2398 2238 2447 575
2259 2414 2367 2460 sqq.

499 2479 648 2515 causa
667 2468 774 2513 fleri
802 2478 959 2523 posse.
1999 2463 2076 2522 19)
2109 2465 2230 2510 Nam
2262 2467 2454 2522 praeter
2480 2463 2633 2510 Pautti
2655 2465 2818 2510 locum
2844 2461 2992 2510 modo
3014 2461 3153 2518 (not.
3191 2463 3296 2522 18.)

564 2527 642 2587 17)
677 2530 727 2577 1..
765 2530 812 2574 1.
851 2532 906 2575 D.
947 2528 1013 2574 de
1042 2526 1196 2575 distr.
1236 2529 1382 2588 ptqn.
1424 2526 1541 2586 (vid.
1586 2524 1878 2581 W‘euplzat
1935 2527 2213 2585 laudatum,
2232 2527 2420 2574 nulium
2441 2525 2829 2583 invenimus.qui
2848 2527 2910 2572 ad
2933 2525 3109 2584 prioris
3143 2529 3298 2574 credi·

504 2594 529 2646 ς
550 2589 662 2638 291.
693 2594 796 2637 not.
821 2589 972 2648 2110.
1000 2615 1056 2624 -
1079 2590 1132 2636 L.
1154 2588 1203 2637 5.
1226 2604 1304 2648 pr.
1330 2589 1447 2636 eod.
1472 2614 1528 2623 —
1552 2589 1605 2634 L.
1627 2579 1675 2633 8.
1698 2590 1751 2635 C.
1774 2586 1871 2645 qui
1932 2589 2049 2636 toris
2065 2587 2146 2650 jus
2164 2589 2335 2636 referri
2356 2591 2526 2648 possit.
2547 2588 2707 2645 Neque
2718 2587 2817 2634 huc
2838 2589 3053 2645 pertinet
3066 2589 3122 2634 1..
3143 2587 3233 2645 ἃς
3249 2589 3295 2638 1.

493 2657 606 2710 pol.
632 2655 689 2700 in
705 2652 973 2713 ptyra—1..
1000 2654 1047 2698 3.
1073 2651 1193 2699 C.si
1206 2652 1381 2710 antiq.
1401 2651 1590 2699 credit.
1606 2651 1660 2706 (V
1666 2652 1746 2709 iii,
1765 2649 1867 2707 20.)
1931 2653 1986 2698 D.
2015 2651 2070 2697 Ιι.
2095 2656 2132 2698 e.
2158 2677 2218 2686 —-
2236 2653 2346 2697 vid.
2372 2652 2535 2698 Gls'c‘ck
2555 2652 2675 2697 xix.
2697 2664 2747 2709 p.
2767 2647 2863 2697 35ss
2884 2662 2991 2709 sqq.

500 2739 560 2748 —-
574 2717 649 2763 ef.
675 2720 724 2762 et
745 2714 995 2763 Haubold
1013 2716 1048 2761 1.
1072 2714 1108 2760 i.
1127 2727 1171 2762 c.
1193 2713 1244 2763 6.
1264 2749 1281 2777 ‚
1301 2715 1383 2774 qui
1407 2714 1603 2774 quidem
1624 2717 1672 2759 et
1695 2715 1864 2772 pigno·
1992 2711 2073 2771 20)
2111 2717 2163 2762 1..
2183 2713 2236 2762 7.
2262 2716 2348 2771 §5-
2374 2716 2425 2761 C.
2449 2716 2518 2762 de
2536 2725 2779 2771 praescr.
2813 2711 2877 2761 50
2898 2712 2984 2761 vel
2998 2708 3064 2760 ⁴0
3097 2725 3297 2763 annor.

501 2779 565 2824 ris
596 2779 660 2825 ob
702 2777 1153 2837 chirographarium
1186 2779 1412 2827 debitum
1443 2776 1685 2824 retinendi
1721 2786 1868 2823 causa
1933 2778 2054 2838 (vii,
2071 2776 2237 2836 59)-
2260 2777 2513 2825 Haubold
2527 2778 2562 2825 Ι.
2590 2779 2624 2823 Ι.
2647 2788 2691 2823 c.
2717 2778 2818 2823 vii.
2840 2778 2866 2831 s
2885 2777 2935 2822 5.
