3544 5506
523 333 640 392 606

525 464 912 518 testamento
960 464 1073 515 aut
1113 458 1376 518 omnino
1401 460 1784 533 quicquam,
1829 466 1942 519 aut
1968 467 2210 528 totum,
2248 461 2424 534 quod
2452 460 2541 520 eis
2581 456 2882 520 relictum
2926 466 3026 519 est
3049 503 3066 526 ‚
3114 475 3337 533 capere

1221 348 1372 391 Pus
1409 348 1570 392 SPBC·
1611 351 1729 392 Lus.
1769 349 1834 393 V·
1875 351 1952 393 DE
1988 350 2426 393 HEREDITATUH
2463 350 2637 393 mnn-

529 558 958 632 prohibentur
990 557 1058 630 ¹).
1108 561 1235 618 Nec
1274 574 1536 619 necesse
1583 561 1778 619 habet
1821 568 2005 633 pater
2027 607 2043 633 ‚
2092 561 2520 633 legitimorum
2566 561 2920 630 heredum,
2965 562 3020 619 si
3054 561 3172 634 qui
3207 568 3339 619 sunt
3439 577 3448 600 ⁴

530 654 819 727 pupillo,
869 653 1186 711 rationem
1226 654 1499 724 habere,
1541 671 1624 714 ne
1668 671 1891 714 eorum
1920 653 2233 729 'quidem,
2288 657 2516 730 quibus
2574 656 2859 728 alioquin
2901 657 3012 730 jus
3079 662 3220 725 est,
3270 657 3337 715 de

528 749 882 809 inofficioso
910 749 1222 822 querendi
1246 756 1634 810 testamento
1669 747 1739 824 ²).
1776 755 2117 810 Praeterea
2144 767 2309 825 quos
2337 752 2471 826 ipse
2504 753 2696 810 habet
2728 752 3143 811 necessarios
3170 751 3339 809 here-

526 851 953 922 des,eosdem
989 850 1182 908 etiam
1210 851 1452 923 pupillo
1490 850 1705 910 facere
1747 858 1993 924 potest,
2034 848 2073 909 i.
2107 867 2164 910 e.
2199 852 2494 927 efficere,
2524 841 2596 910 ut
2623 852 2764 926 ipso
2790 852 2942 925 ,iure
2981 852 3205 910 eidem
3234 850 3340 908 sint

529 945 799 1005 heredes
823 943 895 1019 8).
948 949 1164 1019 Neque
1198 963 1354 1005 vero
1384 949 1763 1020 plerumque
1801 948 1950 1006 licet
1989 948 2193 1021 patri,
2223 950 2441 1021 legare
2470 949 2552 1006 ab
2593 949 2988 1007 exheredato
3019 948 3339 1021 impubere

526 1042 744 1116 ejusve
763 1043 1107 1101 substituto
1130 1039 1196 1117 ⁴),
1223 1058 1372 1101 cum
1396 1044 1565 1101 duae
1588 1043 1714 1101 sint
1742 1043 2143 1103 hereditates
2161 1087 2180 1122 ‚
2208 1050 2275 1103 et
2304 1044 2502 1118 patris
2524 1049 2590 1102 et
2614 1044 2720 1101 sslii
2738 1086 2758 1119 ‚
2792 1043 3100 1117 quamvis
3124 1059 3204 1103 ex
3226 1057 3337 1101 uuo

528 1137 863 1210 profectae
886 1145 1275 1199 testamento
1301 1138 1375 1211 ⁵).

1025 1339 1050 1412 §
1080 1334 1156 1393 67
1161 1336 1225 1393 5.
1246 1333 1301 1408 ιγ)
1323 1330 1612 1410 Simplex,
1633 1332 1850 1412 duplex
1873 1332 2203 1393 substitutio
2222 1339 2393 1411 atque
2416 1331 2711 1410 utriusque
2736 1331 2850 1392 eis.

614 1530 678 1592 Si
707 1535 1010 1595 heredem
1033 1542 1221 1609 pater
1241 1534 1553 1609 pupillum
1582 1528 1889 1606 instituit,
1926 1541 2065 1592 tum
2103 1530 2167 1592 in
2212 1531 2595 1595 alterutrum
2618 1549 2842 1594 casum
2878 1532 2941 1591 ei
2970 1531 3339 1591 substituere

532 1636 745 1703 potest
765 1671 781 1698 ,
803 1631 843 1690 i.
872 1647 931 1689 e.
959 1641 1072 1688 aut
1092 1631 1157 1688 in
1185 1632 1460 1704 primum
1488 1645 1599 1688 seu
1625 1631 1953 1707 vulgarem
1973 1674 1991 1702 ‚
2021 1636 2133 1688 aut
2158 1631 2222 1690 in
2246 1633 2597 1690 secundum
2618 1647 2731 1691 seu
2769 1630 3194 1703 pupillarem,
3221 1635 3336 1686 tum

530 1741 687 1785 vero
722 1728 784 1784 in
807 1734 1186 1803 utrumque3
1217 1744 1387 1802 quae
1410 1728 1671 1801 quidem
1693 1730 1931 1801 duplex
1955 1735 2226 1787 vocatur
2253 1730 2619 1787 substitutio
2645 1773 2662 1800 ‚
2689 1728 3039 1787 contrario
3060 1726 3336 1800 simplicis

535 1826 793 1885 nomine
819 1823 1111 1901 opposito
1147 1826 1208 1901 ¹).
1233 1832 1366 1906 Qua
1388 1828 1453 1886 in
1484 1844 1557 1887 re
1582 1834 1723 1901 post
1752 1835 2047 1887 veterum
2072 1824 2523 1889 altercationes
2549 1826 2591 1895 ²)
2614 1825 2895 1887 obtinuit
2914 1869 2933 1897 ‚
2968 1835 3045 1886 ut
3065 1869 3085 1898 ‚
3115 1841 3256 1886 eum
3282 1822 3334 1883 iu

538 1929 810 1987 alterum
837 1944 1054 1988 casum
1086 1936 1270 2004 pater
1302 1930 1431 1989 filio
1472 1929 1870 1989 substituerit
1891 1973 1908 2004 ‚
1945 1930 2009 1988 in
2056 1937 2406 2004 utrumque
2433 1927 2827 1990 substituisse
2855 1930 3258 2001 intelligatur
3273 1922 3330 2000 ³),

1126 2184 1155 2238 ς
1183 2179 1297 2230 672.
1965 2180 2177 2239 (xxxv,
2200 2179 2270 2233 2.)
2288 2184 2339 2226 et
2369 2180 2499 2226 intra
2535 2179 2813 2226 doctrinam
2833 2178 2898 2224 de
2931 2182 3122 2235 quarta
3151 2173 3329 2223 Falci&

599 2301 649 2359 1)
664 2303 717 2350 1..
738 2301 787 2351 6.
813 2306 867 2350 D.
890 2305 942 2351 lt.
968 2308 1005 2351 l.
1028 2330 1085 2339 —
1110 2306 1162 2351 1..
1180 2305 1261 2354 ⁴3.
1277 2310 1304 2362 ς
1324 2305 1373 2355 3.
1396 2305 1515 2354 eod.
1546 2322 1569 2344 α
1590 2305 1749 2352 Julius
1772 2305 1901 2351 Lon-

539 2364 685 2422 ginus
703 2371 841 2424 pater
861 2379 944 2413 eos
960 2401 974 2425 ,
995 2380 1118 2427 quos
1138 2370 1228 2417 sibi
1248 2370 1451 2416 heredes
1471 2370 1749 2415 instituerat
1768 2402 1784 2420 ,
1801 2369 1905 2414 filio

534 2427 605 2472 ita
626 2429 910 2475 substituit:
940 2433 1161 2490 quisquis
1206 2432 1297 2478 sibi
1339 2432 1479 2478 heres
1509 2437 1663 2490 esset;
1688 2443 1814 2476 unus
1835 2441 1895 2476 ex

538 2487 798 2536 heredibus
820 2493 1052 2539 institutis
1075 2528 1090 2552 ‚
1115 2494 1200 2551 qui
1222 2495 1421 2541 tacitam
1446 2495 1590 2540 tidem
1623 2505 1898 2540 accommo-

538 2551 761 2609 daverat,
784 2559 836 2597 ut
856 2567 954 2600 non
978 2557 1188 2613 capienti
1209 2562 1398 2614 partem
1417 2569 1476 2602 ex
1490 2568 1577 2608 eo,
1598 2556 1728 2614 quod
1751 2568 1891 2601 acce-

538 2616 1000 2673 perat‚daret(Ulp.
1019 2619 1089 2664 Fr.
1113 2619 1256 2676 xxv,
1272 2617 1390 2675 l7.)‚
1414 2620 1474 2664 ad
1498 2619 1896 2664 substitutionem

543 2678 806 2732 impuberis
827 2680 1067 2725 admissus
1095 2713 1110 2735 ‚
1141 2685 1324 2727 utrum
1362 2693 1463 2737 pro
1490 2692 1557 2727 ea
1586 2684 1744 2735 parte
1760 2714 1778 2741 ‚
1797 2692 1897 2736 pro

537 2748 649 2795 qua
667 2738 893 2796 scriptus
913 2739 1033 2794 fuit,
1052 2742 1231 2790 veniat
1241 2778 1259 2805 ,
1284 2756 1355 2790 an
1380 2756 1508 2790 vero
1525 2778 1540 2800 ‚
1559 2756 1718 2800 quam
1738 2742 1894 2803 cepit,

542 2801 618 2845 ita
639 2832 657 2860 ,
694 2805 756 2847 ut
790 2809 1058 2861 auyeatur
1086 2807 1202 2861 ejies
1238 2818 1366 2861 pars
1390 2807 1445 2852 in
1469 2805 1845 2851 substitutione
1872 2807 1898 2851 ?

541 2862 778 2920 Respondi
803 2900 818 2914 .
840 2869 922 2922 qui
945 2869 992 2911 in
1018 2867 1243 2913 fraudem
1265 2871 1426 2924 legum
1449 2868 1595 2913 tidem
1619 2879 1898 2914 accommo-

539 2925 655 2981 dat,
680 2928 903 2974 adeundo
946 2928 1085 2974 heres
1122 2929 1333 2975 efficitur
1356 2964 1371 2986 ‚
1398 2942 1486 2975 uec
1524 2931 1714 2975 desinet
1759 2931 1898 2975 heres

540 2996 674 3041 esse,
700 2991 810 3036 licet
830 3003 935 3045 res,
957 3003 1082 3049 quae
1103 2992 1172 3038 ita
1195 2995 1394 3039 relictae
1416 2996 1530 3038 sunt
1553 3024 1569 3049 ‚
1591 2993 1895 3038 auferantur.

540 3049 679 3095 Unde
702 3058 831 3098 etex
853 3053 1076 3099 secundis
1096 3055 1271 3100 tabulis
1314 3057 1365 3101 in
1406 3061 1596 3100 tantum
1636 3055 1775 3100 bei-es
1796 3067 1899 3100 esse

541 3116 720 3171 potest,
740 3114 789 3160 in
810 3123 1044 3172 quantum
1067 3118 1275 3174 scriptus
1294 3124 1417 3163 esset
1438 3133 1448 3164 :
1475 3118 1591 3162 satis
1605 3119 1736 3163 enim
1760 3118 1902 3174 puni-

541 3178 622 3222 tus
640 3182 711 3221 est
733 3177 783 3223 in
805 3178 943 3233 eo,in
965 3190 1062 3236 quo
1085 3180 1204 3226 fecit
1221 3186 1391 3226 contra
1413 3182 1563 3238 leges.
1584 3179 1708 3233 Quin
1729 3180 1900 3237 immo,

541 3238 632 3283 etsi
661 3240 907 3299 desineret
926 3240 1068 3287 heres
1082 3254 1215 3297 esse,
1241 3242 1368 3288 idem
1390 3244 1607 3289 dicei-em
1633 3257 1643 3285 :
1668 3243 1899 3300 quemad-

541 3301 743 3347 modum
761 3303 1129 3360 intelligendum
1152 3309 1223 3349 est
1244 3307 1291 3349 in
1311 3316 1370 3350 eo
1390 3339 1404 3362 ‚
1425 3305 1539 3364 qui,
1557 3315 1669 3349 cum
1694 3306 1903 3362 scriptus

542 3370 669 3409 essct
709 3364 849 3410 heres
869 3399 885 3421 ,
924 3372 1183 3424 postquam
1218 3369 1414 3414 adiisset
1452 3367 1776 3413 hereditatem
1801 3399 1817 3419 .,
1855 3368 1903 3411 in

540 3427 821 3472 servitutem
845 3429 1069 3474 redactus
1087 3435 1159 3474 est
1181 3435 1229 3473 et
1251 3436 1413 3487 postea
1435 3432 1659 3476 libertate
1671 3430 1900 3487 donatus3

540 3490 618 3534 cui
644 3493 930 3545 permissum
951 3496 1045 3546 est,
1068 3492 1129 3537 ad
1152 3492 1544 3538 substitutionem
1569 3492 1753 3542 venire,
1776 3502 1904 3548 quae

541 3550 587 3594 ei
612 3556 899 3599 testamento
924 3555 1081 3599 fuerat
1105 3556 1314 3600 relicta.·
1347 3579 1406 3588 —
1438 3555 1513 3601 Cf.
1540 3565 1589 3599 v.
1611 3552 1679 3599 de
1702 3554 1906 3600 lVater

546 3612 651 3660 obs.
678 3615 737 3671 ΙΙ,
760 3613 1102 3661 2.-Μαάὶ1ιη
1128 3616 1160 3659 l.
1184 3618 1218 3661 l.
1239 3617 1265 3670 S
1283 3614 1332 3660 9.
1358 3629 1405 3674 p.
1431 3614 1522 3673 105
1543 3627 1650 3673 sqq.

607 3675 656 3732 2)
690 3677 742 3722 L.
761 3675 810 3723 8.
830 3678 855 3731 S
876 3675 924 3722 5.
971 3680 1024 3722 D.
1068 3678 1136 3723 de
1173 3677 1318 3734 ittoff.
1355 3681 1471 3725 test.
1496 3679 1551 3734 (V
1576 3710 1591 3733 ‚
1614 3677 1682 3734 Ξ.)
1703 3676 1717 3719 (
1740 3680 1765 3733 ς
1788 3676 1900 3726 674.

547 3737 873 3786 ηοι.’7.).-ε.
901 3737 948 3785 1.
968 3741 1017 3784 in
1032 3738 1068 3785 f.
1092 3740 1159 3784 de
1177 3743 1297 3786 test.
1322 3742 1371 3787 in
1396 3742 1472 3786 v1.
1496 3741 1601 3795 (tlt,
1619 3737 1908 3792 11.)-Μα·’

545 3799 676 3847 ditm
698 3804 731 3847 l.
755 3803 787 3847 1.
812 3803 838 3856 S
858 3799 908 3846 8.
933 3813 1009 3848 nr.
1033 3802 1132 3847 vlt.
1159 3814 1207 3858 p.
1231 3800 1292 3849 89
1309 3814 1490 3862 sqq.—
1515 3804 1720 3849 Dissent.
1745 3806 1903 3852 [Ves-

546 3863 765 3923 tenberq
808 3865 928 3910 Diss.
971 3865 1028 3908 ll.
1068 3864 1129 3909 de
1169 3868 1392 3920 portione
1428 3867 1562 3922 tegit.
1601 3878 1648 3912 c.
1665 3864 1715 3911 ὅ.
1735 3871 1761 3924 ς
1781 3865 1830 3913 8.
1854 3872 1905 3913 et

543 3924 819 3972 Zimmern
842 3927 891 3971 in
911 3928 977 3983 ej.
1001 3931 1051 3971 et
1084 3927 1390 3974 Neustelelii'
1431 3933 1557 3974 rom.
1603 3928 1776 3976 recbtl.
1803 3930 1902 3975 Un-

548 3988 909 4045 tersucbungen
930 3991 967 4034 1.
1006 3999 1053 4044 p.
1079 3986 1141 4034 85
1165 4013 1220 4020 -
1243 3987 1324 4036 88.
1357 4013 1418 4023 --
1449 3990 1542 4036 Sed
1560 3990 1657 4036 vid.
1687 3990 1908 4038 Thibaut

548 4050 721 4159 Archgv
764 4051 848 4096 fur
897 4051 1095 4115 cirilist.
1161 4052 1325 4097 Praxis
1368 4054 1447 4100 V..
1476 4066 1524 4111 p.
1564 4050 1659 4100 545
1696 4078 1755 4088 -
1787 4051 1899 4100 549.

548 4120 644 4166 (nr.
702 4114 755 4168 .).

610 4176 660 4232 3)
686 4177 734 4220 Ι..
761 4175 809 4221 2.
833 4176 859 4229 S
880 4174 927 4221 ⁴.
956 4176 1008 4222 Ι..
1034 4172 1112 4220 10.
1136 4176 1162 4227 S
1185 4173 1307 4222 1.D.
1327 4176 1381 4223 11.
1401 4179 1440 4223 1.
1474 4202 1536 4213 —
1569 4177 1621 4225 Ι..
1644 4175 1721 4225 18.
1744 4189 1818 4237 pr.
1844 4178 1899 4222 D.

547 4235 616 4283 de
630 4236 793 4284 rebus
820 4237 1006 4284 dubiis.
1030 4239 1257 4296 (xxxiv,
1276 4237 1345 4296 5.)

608 4297 656 4355 4)
678 4301 727 4346 Ι..
752 4298 831 4346 ΔΙ.
854 4301 881 4354 3
900 4301 950 4345 3.
976 4302 1029 4345 Ι).
1052 4300 1106 4346 li.
1143 4304 1181 4348 t.
1216 4307 1267 4347 et
1305 4303 1357 4346 1..
1380 4298 1461 4347 41.
1503 4299 1595 4356 93.
1616 4303 1672 4348 D.
1694 4301 1763 4348 de
1786 4304 1904 4347 test.

550 4362 698 4407 milit.
722 4363 737 4414 (
760 4364 901 4407 xxix
926 4397 940 4416 ,
966 4360 1009 4408 1.
1035 4365 1052 4420 )
1085 4387 1145 4395 —-
1180 4364 1372 4420 Except.
1399 4364 1496 4407 vid.
1532 4366 1585 4411 Ι..
1633 4363 1706 4410 ll.
1742 4365 1768 4419 S
1789 4363 1837 4409 8.
1857 4368 1908 4409 et

550 4424 603 4468 1..
628 4421 709 4470 87.
732 4423 824 4479 37.
849 4425 903 4470 Ι).
926 4424 1004 4472 ad
1023 4427 1142 4484 Leq.
1168 4426 1369 4472 Falcid.
1392 4426 1606 4484 (xxxv,
1630 4427 1698 4483 2.)
1735 4451 1791 4460 -
1826 4427 1901 4472 (ΣΙ.

547 4486 877 4543 Papillonius
899 4488 959 4532 de
983 4489 1177 4534 substit.
1212 4490 1437 4547 pupillari
1467 4500 1512 4533 c.
1535 4486 1585 4535 7.
1621 4490 1738 4548 (ap.
1765 4491 1907 4536 Otto·

549 4559 669 4594 nem
694 4548 815 4595 thes.
836 4550 913 4595 tv.
939 4562 987 4607 p.
1009 4548 1105 4597 743
1126 4553 1270 4607 ηιμ).

612 4607 660 4664 5)
682 4613 707 4666 s
729 4612 775 4656 2.
801 4613 835 4657 l.
857 4611 908 4657 Ιι.
935 4616 972 4658 1.
997 4614 1134 4657 «-in
1157 4612 1385 4669 pupillari
1405 4612 1827 4660 substitutione—
1847 4637 1907 4647 --

550 4670 649 4716 duo
670 4675 1026 4730 quodammodo
1047 4680 1482 4731 sunttestamenta,
1503 4678 1711 4721 alterum
1732 4678 1906 4735 patris,

549 4735 761 4779 alterum
783 4737 868 4781 lilii
894 4770 908 4790 ,
930 4743 1179 4795 tamquam
1217 4738 1255 4783 si
1289 4738 1391 4795 ipse
1413 4737 1539 4783 filius
1561 4738 1652 4784 sibi
1676 4739 1904 4785 heredem

551 4795 859 4856 instituisset,
882 4803 968 4844 aut
986 4806 1117 4857 certe
1141 4811 1295 4845 unum
1317 4805 1390 4845 est
1411 4804 1758 4848 testamcutum
1782 4803 1905 4847 dua-

552 4869 661 4903 rum
684 4871 939 4907 causarum
964 4896 979 4921 ‚
1001 4863 1034 4908 i.
1058 4875 1103 4909 e.
1126 4864 1336 4908 duarum
1354 4862 1704 4910 hereditatum.
1730 4879 1755 4906 υ
1776 4863 1904 4919 (Ma-

1968 2243 2169 2303 ejusque
2187 2243 2546 2302 computandae
2567 2242 2757 2288 ratione
2779 2241 2921 2300 (Cap.
2951 2241 3010 2287 V.
3045 2273 3060 2286 .

2233 2327 2238 2328 f
2562 2368 2590 2422 ς
2619 2363 2734 2414 673.

2025 2492 2070 2550 1)
2091 2492 2144 2538 1..
2168 2491 2215 2537 1.
2239 2493 2265 2549 S
2287 2488 2333 2538 1.
2358 2487 2477 2538 1..4.
2498 2492 2525 2546 ς
2545 2488 2595 2537 2.
2621 2491 2672 2537 1..
2697 2485 2777 2536 ⁴5.
2797 2500 2876 2548 pr.
2898 2490 2956 2535 D.
2979 2487 3038 2535 Ιι.
3062 2492 3179 2535 1.—
3203 2485 3314 2532 Phi.

1959 2555 2082 2603 eod.

2024 2617 2070 2671 2)
2094 2616 2324 2672 Exemplo
2336 2615 2397 2660 sit
2417 2615 2685 2660 clarissima
2709 2614 2792 2660 Μ’.
2817 2613 2957 2659 Curii
2981 2624 3158 2670 causa,
3177 2612 3223 2656 in
3241 2619 3319 2666 qua

1960 2678 2205 2727 laudanda
2236 2678 2437 2723 mirifice
2456 2678 2547 2723 sibi
2570 2680 2727 2735 placet
2750 2677 2934 2723 Cicero
2952 2709 2968 2734 ,
2994 2680 3059 2721 de
3078 2687 3155 2722 or.
3177 2675 3226 2730 1,
3253 2669 3318 2717 5⁹.

1972 2743 2041 2798 lt,
2059 2740 2139 2787 52.
2164 2742 2370 2800 aliisque
2393 2741 2443 2786 in
2470 2742 2607 2794 locis.

2023 2805 2070 2850 3)
2096 2805 2148 2850 Ι..
2174 2800 2223 2849 4.
2250 2816 2324 2861 pr.
2347 2808 2396 2848 et
2417 2804 2442 2857 S
2465 2803 2511 2848 1.
2539 2804 2593 2849 D.
2616 2803 2669 2849 li.
2691 2801 2732 2848 1.
2757 2801 2890 2858 (rid.
2913 2805 2971 2847 et
3001 2798 3236 2855 Galliust.
3258 2797 3309 2842 ΙΙ.

1962 2868 1988 2922 S
2011 2867 2120 2921 119.
2147 2865 2362 2919 180.).-
2386 2867 2440 2912 V
2440 2865 2622 2912 innius
2642 2867 2730 2909 set.
2746 2866 2850 2920 jur.
2875 2870 3076 2921 quaest.
3102 2863 3154 2913 lt,
3176 2857 3308 2928 145—

1965 2932 2015 2976 C.
2039 2931 2095 2975 G.
2116 2927 2435 2975 Schweilzer
2471 2940 2559 2985 pro
2581 2927 2934 2973 substitutione
2960 2926 3138 2982 vulgari
3157 2927 3310 2967 tacita.

1960 2994 2069 3038 Jen.
2095 2992 2449 3046 test-Negat
2471 2991 2669 3047 quidem
2691 2988 2761 3035 de
2787 2988 2867 3035 W
2866 2988 3037 3047 eumq
3060 2988 3315 3047 ,vulgarem

1962 3067 2067 3100 esse
2101 3054 2503 3112 praesumendam
2544 3053 2953 3099 substitutionem
2997 3047 3252 3107 (zeitschr.
3282 3047 3316 3092 t.

1963 3117 2125 3163 Civilr.
2150 3129 2198 3163 u.
2223 3118 2417 3163 Process
2440 3116 2520 3161 ln.
2542 3116 2624 3161 Nr.
2660 3116 2740 3161 Vl.
2775 3120 2826 3159 et
2859 3115 2962 3160 vlt.
3000 3120 3146 3171 atque
3167 3111 3228 3156 ibi
3254 3111 3318 3155 vet

1965 3181 2177 3225 maxime
2211 3180 2294 3224 Nr.
2333 3179 2411 3225 vt.
2456 3178 2481 3232 S
2524 3176 2576 3224 9.
2612 3190 2663 3236 p.
2690 3174 2783 3222 1⁴4
2805 3198 2866 3210 —
2891 3175 3094 3237 ¹529*
3137 3172 3318 3220 tii-,vlt

1965 3253 2012 3298 p.
2050 3239 2356 3299 153-167.).
2395 3242 2489 3287 Nos
2509 3246 2673 3287 autem
2695 3274 2711 3297 ‚
2737 3245 2791 3285 ut
2814 3252 2877 3286 ne
2903 3252 2930 3284 a
2951 3239 3201 3284 communi
3223 3245 3320 3305 seu·

1966 3306 2117 3350 tentia
2143 3304 2427 3349 recedamus
2452 3337 2468 3359 ‚
2489 3304 2566 3349 bis
2589 3305 2803 3349 maxime
2843 3311 3107 3347 movemur
3131 3300 3318 3345 rationi·

1967 3366 2090 3412 bus:
2118 3366 2164 3422 1)
2202 3367 2345 3412 Omni
2377 3366 2518 3411 nobis
2550 3365 2700 3411 (lubio
2722 3376 2892 3410 carere
2919 3365 3116 3408 videtur
3139 3397 3154 3417 ,
3195 3361 3241 3404 in
3269 3369 3317 3403 a

1969 3432 2252 3485 quaestione
2296 3434 2541 3473 versatum
2584 3427 2735 3473 fuisse
2789 3428 3064 3474 Cui-tanum
3103 3425 3322 3491 judiciuin

1966 3495 2088 3545 (not.
2109 3490 2178 3544 Ξ.)
2205 3506 2216 3535 ε
2241 3502 2357 3536 num
2376 3491 2422 3534 in
2442 3490 2668 3547 pupillari
2703 3490 3061 3535 substitutione
3102 3488 3241 3531 tacite
3259 3494 3324 3527 in·

1966 3560 2093 3598 esset
2115 3554 2356 3610 vulgaris?
2397 3553 2515 3598 Nam
2539 3563 2651 3598 cum
2676 3558 2933 3609 postumus
2954 3561 3096 3605 suus,
3119 3549 3322 3593 simutst·

1966 3627 2063 3673 que
2086 3621 2228 3660 natus
2248 3621 2343 3669 est,
2365 3614 2596 3672 ipsojure
2618 3613 2759 3659 bei-es
2781 3618 2845 3658 sit
2864 3644 2881 3666 ,
2900 3612 3153 3657 testatoris
3171 3611 3322 3679 decre·

1967 3683 2071 3723 tum
2097 3678 2335 3731 eiusmodi
2353 3692 2364 3722 :
2382 3677 2429 3721 si
2447 3676 2592 3732 filius
2613 3675 2738 3723 milii
2754 3674 3000 3738 qenitur,
3021 3672 3173 3728 isque
3186 3680 3318 3726 prins

1966 3738 2383 3799 moritui-,quam
2406 3738 2460 3786 in
2482 3750 2633 3785 suam
2655 3740 2877 3786 tutelam
2900 3735 3322 3803 veneriqproptet

1967 3805 2234 3859 posteriora
2294 3802 2438 3846 vei-ba
2478 3814 2573 3847 nou
2606 3801 2669 3846 ad
2715 3800 2929 3859 vulgaris
2973 3798 3317 3864 substitutionis

1967 3865 2297 3909 conditionem
2321 3864 2492 3909 reterri
2515 3868 2674 3922 potest
2703 3898 2718 3921 ‚
2739 3866 2825 3909 sed
2847 3861 3148 3920 pupillarem
3167 3858 3318 3903 substi-

1970 3927 2206 3972 tutionem
2228 3927 2478 3972 contineat
2496 3960 2512 3981 ,
2536 3937 2732 3971 necesse
2748 3932 2838 3971 est.
2863 3923 2914 3977 ἰ)
2958 3923 3062 3967 Nee
3079 3924 3314 3981 quicquam

1967 4000 2140 4034 causae
2163 3994 2240 4034 est
2264 4022 2279 4044 ,
2318 4000 2405 4034 cur
2439 3999 2536 4034 nou
2574 3989 2789 4045 generali
2824 3996 2971 4032 sensu
3015 3985 3318 4039 accipiantur.

1965 4062 2092 4109 quae
2111 4052 2377 4108 generatim
2400 4052 2658 4097 edicuntur
2696 4052 2745 4097 Ι..
2767 4049 2815 4097 4.
2841 4060 2919 4106 pr.
2944 4048 3000 4092 b.
3029 4047 3100 4093 de
3119 4046 3186 4092 V.
3203 4048 3253 4091 et
3266 4055 3316 4098 p.

1963 4114 2017 4159 S.
2043 4127 2064 4157 .·
2089 4129 2114 4155 ii
2137 4120 2190 4159 ut
2209 4148 2224 4171 ,
2247 4124 2359 4159 cum
2384 4119 2521 4170 pater
2542 4113 2784 4170 impuberi
2803 4113 2906 4157 titio
2938 4110 2989 4155 in
3030 4114 3321 4177 alterumu-

1966 4187 2074 4220 sum
2095 4176 2423 4222 substituisset
2441 4208 2455 4230 ,
2472 4176 2522 4221 in
2545 4183 2809 4233 utrumque
2830 4184 3004 4219 casum
3031 4173 3317 4239 substituisse

1970 4238 2271 4294 intelligatur
2290 4270 2306 4290 ,
2329 4238 2429 4282 sive
2452 4239 2578 4283 nlius
2611 4237 2754 4283 heres
2797 4247 2894 4281 non
2938 4235 3184 4279 exstiterit
3204 4240 3321 4287 ,sive

1969 4300 2210 4347 exstiterit
2228 4306 2280 4345 et
2298 4300 2519 4357 impubes
2540 4300 2872 4355 decesseritn;
2897 4299 2985 4355 qui
3006 4297 3200 4354 quidem
3223 4304 3318 4338 sen-

1970 4374 2051 4408 sus
2069 4367 2118 4407 et
2136 4362 2649 4419 apertecontirmatnr
2676 4360 2791 4418 Gaji
2832 4364 2940 4406 ioco
2959 4360 3113 4405 modo
3130 4356 3319 4423 laudate.

1967 4425 2015 4482 3)
2037 4424 2192 4481 Quid?
2215 4426 2345 4483 quod
2367 4425 2540 4471 fortior
2568 4426 2714 4470 etiam
2753 4423 2881 4470 ratio
2924 4427 2999 4467 est
3046 4433 3134 4479 pro
3155 4421 3319 4476 vulgari

1968 4487 2310 4534 substitutione
2334 4488 2480 4533 tacita
2497 4521 2511 4539 .
2529 4499 2678 4545 quam
2701 4499 2790 4545 pro
2810 4485 3044 4543 pupillari
3065 4515 3082 4538 ,
3104 4482 3319 4540 siquiden

1970 4551 2130 4607 potius
2151 4550 2526 4596 existimandum
2549 4553 2625 4594 est
2645 4581 2661 4605 ‚
2685 4556 2874 4607 patrem
2909 4549 3035 4591 velle
3055 4579 3072 4604 ‚
3107 4546 3193 4590 sibi
3233 4553 3319 4587 esse

1969 4611 2198 4659 heredem
2219 4612 2445 4670 eum,qui
2466 4624 2564 4657 non
2584 4623 2670 4670 per
2692 4611 2848 4657 tilium
2872 4610 3314 4663 meludensi-,qm-

1969 4676 2180 4721 eundem
2220 4686 2323 4720 esse
2364 4674 2453 4720 lilii
2485 4673 2718 4720 heredem
2743 4706 2760 4729 ‚
2799 4672 3049 4728 huiusque
3085 4668 3318 4733 excludere

1967 4749 2266 4783 successores
2291 4770 2306 4794 .,
2326 4738 2546 4794 adeoque
2577 4738 2682 4795 ipse
2719 4736 2981 4781 verborum
3003 4743 3170 4778 sensus
3187 4738 3319 4799 meets

1967 4798 2097 4846 favet
2117 4800 2302 4857 vulgari
2325 4799 2660 4846 substitutioni
2686 4799 2863 4843 tacitae
2881 4829 2897 4851 ,
2918 4807 3068 4854 quam
3095 4794 3316 4863 pupillari-

1967 4859 2016 4921 4,
2051 4864 2145 4909 Nec
2165 4863 2408 4909 contraria
2441 4867 2516 4908 est
2552 4861 2606 4908 Ι..
2635 4858 2716 4907 28.
2740 4862 2796 4907 D.
2837 4857 2906 4906 de
2930 4858 3197 4905 remanet
3209 4852 3313 4909 Jud-

510 4938 517 4945 ·
551 4919 679 4968 di'lm
698 4919 788 4977 39.
812 4934 859 4981 p.
884 4922 946 4971 83
969 4924 1236 4985 sqq.)-Cf.
1251 4923 1430 4977 1..11.s
1450 4922 1497 4975 5.
1522 4927 1663 4976 D.ad
1681 4928 1739 4974 ἱ..
1759 4928 1901 4977 Fato.
1961 4924 2163 4983 possm.
2182 4925 2318 4984 (xut
2340 4959 2356 4986 ‚
2373 4922 2443 4984 5.)
2483 4922 2599 4982 (vid.
2626 4923 2755 4975 intra
2778 4927 2883 4971 uot.
2906 4918 2998 4978 8.).
3021 4921 3181 4979 Neque
3197 4915 3315 4964 cuim
