3544 5506
2925 346 3035 400 225

220 458 550 518 bominum
577 465 644 517 et
661 473 1000 517 causarum
1024 460 1391 519 conditione
1414 461 1592 519 varie
1618 456 2049 519 aestimandus
2070 462 2191 519 erit
2214 464 2282 535 ¹⁰)
2308 480 2324 515 ε
2353 457 2441 519 ita
2466 475 2595 521 non
2615 477 2869 537 semper
2900 480 3033 524 uno

226 556 421 615 modo
443 597 463 629 ,
489 560 564 612 ut
585 550 1019 628 impensarum
1043 556 1358 615 restitutio
1383 557 1496 616 ssat
1514 601 1531 632 ,
1552 557 1717 616 effici
1742 564 1956 630 potest
1982 600 2001 626 ‚
2027 556 2338 630 siquidem
2365 569 2537 617 nune
2561 559 2836 632 actione,
2862 577 3033 620 nunc

217 653 583 713 retentione
607 658 857 711 tantum
887 648 1286 712 succurritur
1314 653 1409 721 ei,
1442 653 1551 727 qui
1579 652 1729 712 fecit
1761 648 2083 727 impensas
2117 651 2212 726 ¹¹).

1070 353 1210 397 CAP-
1253 356 1299 396 Ι.
1339 355 1412 398 8¹1⁴
1451 356 1663 399 mun
1704 356 2011 399 mvtston
2048 358 2182 398 ETC.

1011 832 1037 904 §
1077 835 1222 893 255.
1272 830 1465 891 Totius
1497 832 1833 910 arqummti
1859 831 2209 891 constitutio.

295 1009 482 1087 Quae
513 1012 639 1072 boc
672 1013 736 1071 in
777 1013 943 1072 libro
975 1014 1497 1088 praecipiuntur,
1541 1013 1816 1072 maxime
1854 1011 2195 1070 reserenda
2236 1020 2388 1070 sunt
2422 1013 2505 1071 ad
2529 1013 2772 1089 jurium
2795 1031 2994 1088 genus
3015 1067 3032 1092 ‚

223 1114 454 1187 quibus
492 1107 864 1185 simpliciter
887 1158 904 1182 ‚
941 1114 984 1169 i.
1016 1129 1074 1172 e.
1118 1115 1298 1173 nullo
1334 1108 1797 1172 interveniente
1817 1111 2216 1183 obligationis
2238 1112 2531 1184 vinculo,
2562 1112 2893 1174 hominum
2921 1132 3035 1189 po·

218 1206 433 1270 testati
461 1226 566 1269 res
590 1209 1073 1286 subjiciuntur(§
1093 1212 1197 1270 78.
1230 1212 1386 1285 79.).
1409 1213 1617 1268 Unum
1640 1217 1860 1268 autem
1885 1214 1982 1268 est
1999 1252 2016 1279 ‚
2047 1204 2113 1266 in
2133 1223 2262 1282 quo
2288 1210 2492 1268 omnis
2517 1208 2652 1270 sere
2674 1209 3035 1283 argumenti

220 1309 420 1368 nostri
449 1308 618 1367 ratio
632 1309 902 1366 vertitur
924 1305 1299 1366 :dominium
1325 1312 1426 1365 Est
1447 1314 1666 1365 autem
1697 1305 1961 1379 proprie
1984 1305 2245 1378 quidem
2272 1306 2624 1365 dominium
2651 1309 3033 1382 :legitimum

217 1416 305 1473 rei
337 1416 692 1489 corporalis
726 1410 1066 1489 imperium
1091 1411 1154 1486 ¹).
1182 1415 1370 1488 Cujus
1396 1428 1545 1472 cum
1576 1428 1824 1472 summa
1862 1407 1954 1470 vis
1978 1408 2423 1471 vindicationis
2451 1419 2770 1487 potestate
2798 1432 3024 1478 cerne·

217 1523 396 1574 retur
417 1559 436 1589 ‚
462 1514 599 1573 fleri
631 1531 762 1573 non
797 1514 1006 1587 potuit
1028 1559 1045 1584 ‚
1084 1514 1237 1587 quin
1270 1520 1463 1572 aucto
1512 1513 2019 1572 vindicationum
2047 1527 2322 1571 numero
2346 1514 2616 1586 amplior
2642 1530 2902 1589 quoque
2921 1534 3033 1577 ex-

218 1617 508 1682 surgeret
548 1610 809 1670 dominii
857 1612 1039 1670 notio
1065 1657 1078 1677 ‚
1128 1610 1365 1683 quippe
1406 1624 1631 1668 omnes
1674 1609 2181 1667 vindicationum
2220 1624 2444 1668 causas
2484 1612 2919 1683 complectens
2954 1610 3032 1686 2);

221 1702 517 1780 idemque
541 1709 646 1777 jus
680 1707 743 1764 in
781 1722 919 1765 rem
951 1721 1000 1763 s.
1049 1707 1112 1763 in
1157 1721 1229 1764 re
1275 1721 1313 1762 a
1363 1705 1830 1763 recentioribus
1871 1706 2237 1777 appellatur
2262 1701 2334 1779 ³).
2385 1709 2460 1763 Et
2507 1707 2741 1779 duplex
2775 1708 3035 1781 quidem

220 1798 582 1880 hujusmodi
634 1797 985 1861 dominium
1037 1808 1131 1861 est
1167 1819 1184 1855 ε
1228 1802 1501 1859 alterum
1547 1800 2010 1870 universitatis,
2060 1803 2101 1858 i.
2164 1816 2223 1860 e.
2278 1800 2683 1876 hereditatis,
2741 1805 3035 1865 omnino-

223 1915 344 1971 que
379 1913 607 1957 earum
652 1899 1179 1963 universitatum,
1224 1911 1394 1970 quae
1439 1896 1669 1955 similes
1705 1894 2135 1954 hereditatum
2171 1894 2332 1969 ,iuris
2364 1897 2623 1958 fictione
2670 1898 2893 1960 haberi
2936 1917 3039 1961 so-

224 1989 369 2053 litae
411 2001 564 2052 sunt
586 1991 626 2066 ⁴)
654 2015 672 2070 3
720 1997 992 2052 alterum
1041 2009 1256 2052 rerum
1290 1993 1706 2064 singularum.
1736 1996 1875 2070 Quo
1910 1992 1974 2049 in
2015 2007 2250 2063 genere
2280 2000 2428 2050 sunt
2458 2000 2520 2052 et
2560 2010 2780 2052 rerum
2809 2011 3038 2071 corpo-

223 2093 444 2151 ralium
469 2092 832 2168 proprietas
857 2094 1062 2167 (quod
1104 2088 1363 2167 quidem
1403 2106 1557 2164 prae
1593 2091 1867 2149 caeteris
1901 2098 2135 2150 vocant
2160 2091 2570 2167 dominium),
2596 2098 2663 2152 et
2688 2110 2767 2152 ea
2785 2139 2803 2171 ‚
2829 2113 2997 2169 quae
3017 2144 3035 2172 ,

223 2193 364 2252 licet
391 2194 546 2251 nihil
569 2209 723 2253 vere
745 2193 871 2253 sint
891 2193 1007 2252 nisi
1036 2191 1291 2251 dominii
1314 2191 1782 2250 deminutiones
1797 2230 1813 2254 ‚
1842 2191 1967 2249 suis
1989 2197 2205 2250 tamen
2233 2192 2614 2268 nominibus,
2629 2207 2873 2267 suaque
2889 2212 3036 2269 pro-

222 2291 354 2363 pria
383 2293 448 2351 vi
479 2310 559 2353 ac
590 2301 905 2367 potestate
932 2294 1179 2365 singula
1212 2297 1542 2362 constant,
1573 2298 1647 2348 ut
1677 2292 1951 2349 servitus
1973 2333 1989 2362 ,
2028 2292 2573 2365 emphyteuticum
2603 2291 2705 2371 jus
2725 2335 2741 2360 ‚
2768 2297 3038 2367 superii-

224 2391 389 2459 cies‚
420 2394 645 2467 pignus
676 2392 751 2466 ⁵).
787 2396 859 2452 Et
884 2393 1033 2451 huic
1075 2391 1331 2467 quidem
1374 2391 1489 2450 soli
1525 2386 1770 2464 jurium
1811 2389 2027 2463 generi
2067 2391 2192 2450 hoc
2234 2392 2298 2449 in
2329 2393 2475 2451 loco
2506 2392 2921 2451 immoramur
2944 2390 3030 2467 ⁶);

230 2485 356 2547 alio
391 2488 581 2550 etiam
615 2494 835 2553 addito
861 2537 877 2563 ,
907 2509 1017 2551 seu
1044 2493 1255 2568 potius
1287 2492 1636 2565 praemisso
1663 2507 1680 2548 t
1715 2491 1965 2565 dejure
1989 2491 2424 2565 possessionis.
2461 2496 2856 2571 Quamquam
2882 2508 3038 2552 vero

220 2586 474 2664 juribus
499 2594 558 2651 in
584 2611 721 2653 rem
746 2590 1159 2653 adnumerari
1187 2594 1409 2668 nequit
1429 2591 1530 2670 jus
1552 2588 1964 2667 possessionis
1987 2635 2003 2658 ‚
2034 2592 2181 2650 ideo
2198 2631 2215 2661 ‚
2243 2594 2420 2666 quod
2446 2593 2585 2667 ejus
2615 2595 3037 2667 persequendi

226 2705 417 2751 causa
444 2694 611 2753 nulla
643 2690 709 2753 in
735 2711 870 2755 rem
897 2695 1067 2755 actio
1095 2699 1472 2770 comparata
1500 2700 1594 2753 est
1617 2708 1634 2765 ;
1665 2700 1881 2751 tamen
1899 2736 1918 2768 ‚
1951 2692 2257 2767 quoniam
2284 2706 2414 2750 non
2437 2693 2634 2751 modo
2664 2693 2830 2752 banc
2846 2692 3039 2755 babet

220 2794 511 2853 cumillis
539 2794 785 2871 juribus
811 2794 1288 2854 similitudinem
1311 2838 1329 2870 ‚
1360 2796 1534 2869 quod
1564 2810 1697 2854 non
1732 2809 1811 2853 ex
1835 2790 2235 2867 obligationis
2264 2793 2519 2852 vinculo
2548 2794 2994 2869 proficiscatur
3015 2844 3031 2867 ‚

219 2902 440 2948 verum
469 2893 663 2949 etiam
703 2888 968 2950 dominii
1004 2887 1379 2966 juriumque
1417 2890 1482 2949 in
1531 2905 1602 2949 re
1624 2934 1642 2965 ‚
1672 2897 1851 2949 certe
1881 2889 2343 2964 complurium,
2373 2905 2495 2948 usu
2542 2891 2907 2950 continetur
2932 2906 3035 2952 ea-

216 3000 494 3061 rumque
514 2989 692 3046 velut
714 2994 809 3047 est
832 2989 1042 3060 imago
1068 3002 1087 3045 e
1122 3002 1278 3046 sane
1305 3000 1703 3060 consequens
1719 3001 1865 3073 ¹esse
1886 2987 2177 3059 videtur,
2207 2992 2279 3044 ut
2320 2980 2420 3055 ei,
2444 2992 2773 3058 tamquam
2805 2986 3034 3047 sunda-

215 3091 436 3143 menta
461 3127 480 3153 ‚
532 3085 780 3159 reliqua
817 3093 1368 3161 super-struamus,
1411 3091 1664 3144 tantum
1694 3100 1827 3143 non
1858 3085 2074 3144 omnia
2096 3128 2113 3153 ‚
2152 3100 2319 3158 quae
2346 3083 2707 3157 singulatim
2731 3085 3035 3162 deinceps

213 3190 569 3259 sequentur
588 3182 663 3258 Ἰ).

271 3367 352 3424 10)
376 3369 427 3415 l..
452 3367 536 3415 38.
562 3366 619 3411 D.
642 3365 709 3412 de
729 3368 792 3413 R.
816 3367 888 3413 V.
911 3366 967 3424 (ι
990 3367 1045 3413 ln
1065 3365 1219 3414 fundo
1239 3366 1418 3425 alieno,
1441 3377 1589 3425 quem

210 3428 714 3487 imprudensemeras‚
728 3429 990 3476 aedificasti
1007 3433 1090 3476 aut
1101 3429 1590 3485 conseruisti‚deinde

208 3493 453 3539 evincitur
474 3507 492 3539 s
516 3492 672 3538 bonus
685 3490 837 3547 ,iudex
860 3491 989 3538 varie
1012 3504 1071 3537 ex
1096 3492 1317 3550 personis
1337 3491 1591 3549 caussisque

204 3557 501 3602 constituet.
542 3554 690 3610 Finge
713 3588 729 3612 ‚
756 3561 806 3602 et
844 3555 1097 3601 dominum
1133 3556 1301 3601 eadem
1347 3552 1592 3600 iacturum

207 3613 375 3674 fnisse,
395 3616 575 3664 reddat
596 3616 885 3674 impensam,
903 3621 958 3661 ut
979 3617 1186 3663 fundum
1204 3617 1424 3674 recipiat,
1442 3627 1594 3674 usque

207 3689 263 3724 ea
296 3679 577 3734 dimanat,
606 3690 706 3736 qno
730 3680 989 3739 pretiosior
1025 3679 1183 3725 faetus
1220 3683 1309 3724 est.
1353 3701 1408 3710 --
1447 3678 1593 3734 Finge

207 3752 511 3799 pauperem.
530 3742 643 3800 qui,
666 3742 705 3787 si
723 3744 927 3789 reddere
950 3743 997 3788 id
1022 3748 1224 3801 cogatur
1239 3774 1255 3792 ..
1279 3740 1462 3786 laribus
1476 3772 1494 3800 ‚
1518 3752 1591 3785 se-

203 3804 424 3859 pulchris
452 3813 602 3851 avitts
622 3806 889 3852 carendum
923 3804 1099 3850 babeat
1124 3820 1136 3850 z
1161 3802 1340 3849 sufficit
1367 3802 1454 3848 tibi
1480 3815 1590 3860 per·

205 3867 332 3912 mitti
351 3870 537 3915 tenere
557 3878 620 3913 ex
633 3866 712 3912 bis
732 3867 906 3922 rebus,
928 3878 1055 3923 quae
1076 3867 1259 3926 possis,
1281 3865 1399 3911 dum
1419 3866 1505 3919 ita.
1528 3877 1590 3911 ne

205 3928 423 3977 deterior
442 3933 514 3977 sat
534 3928 743 3987 suetus,
763 3939 912 3987 quiam
934 3930 974 3974 si
1000 3930 1142 3975 initio
1162 3940 1263 3974 non
1285 3926 1410 3973 foret
1426 3928 1590 3974 aedifi-

204 3997 386 4039 catum.
413 4018 480 4027 —
503 3992 682 4048 Pinge.
701 4003 811 4037 eam
831 4002 1086 4047 personam
1108 4003 1213 4037 esse
1232 3989 1444 4043 domini,
1466 4001 1593 4049 qnae

206 4060 462 4113 receptum
504 4053 713 4100 fundutn
738 4065 852 4099 mox
875 4053 1131 4101 venditur-a
1160 4056 1252 4099 sit:
1281 4050 1375 4099 nisi
1399 4054 1587 4110 reddit,

202 4124 443 4173 qnantum
482 4116 647 4175 prima
676 4121 813 4174 parte
843 4115 981 4161 reddi
1014 4123 1238 4174 oportere
1264 4117 1475 4162 diximus
1496 4148 1512 4172 ‚
1536 4120 1588 4161 tu

201 4181 676 4227 condemnanduses
690 4179 777 4229 [al.
791 4178 1000 4225 deducto
1012 4178 1412 4227 condemnandus
1424 4179 1517 4238 est]
1527 4179 1590 4235 a»)

202 4241 253 4287 1..
279 4241 358 4290 10.
384 4246 442 4289 o.
471 4242 550 4287 de
571 4241 697 4296 imp.
723 4240 777 4287 in
805 4253 893 4287 res
921 4239 1027 4286 dot.
1058 4239 1191 4294 face.
1217 4243 1271 4297 (ι
1293 4241 1472 4297 Quodsi
1494 4241 1590 4287 bae

201 4315 301 4359 res,
325 4305 374 4351 in
415 4304 609 4363 quibus
643 4304 886 4361 impensae
918 4303 1078 4349 factae
1105 4310 1245 4356 sunt..
1266 4305 1591 4361 promercales

201 4365 382 4415 iruerint
410 4384 421 4413 :
449 4368 583 4413 tales
607 4367 855 4421 impensae
876 4377 973 4409 non
997 4369 1325 4424 voluptariae,
1346 4365 1429 4409 sed
1447 4366 1592 4411 utiles

198 4437 327 4478 sunt.
357 4434 412 4485 n)
435 4453 502 4462 -
530 4428 607 4475 Cf.
632 4428 686 4473 t..
708 4426 790 4473 39.
816 4429 871 4474 D.
893 4428 960 4474 de
982 4430 1044 4475 Β.
1072 4430 1141 4476 V.
1166 4453 1226 4461 —
1247 4430 1296 4473 1..
1321 4425 1446 4482 59.S
1469 4428 1515 4473 1.
1543 4428 1596 4473 b.

199 4491 400 4539 delier.
422 4493 543 4548 pel.
569 4513 626 4523 -
652 4490 704 4535 L.
726 4486 806 4536 25.
831 4491 885 4536 D.
910 4490 978 4536 de
993 4490 1137 4551 piqn.
1163 4496 1269 4538 act.

259 4555 338 4608 11)
369 4557 426 4602 1..
449 4553 509 4601 Ξ.
539 4553 595 4598 D.
615 4552 686 4597 de
706 4563 824 4611 neq.
843 4555 976 4612 qest.
1002 4578 1058 4587 --
1080 4556 1131 4600 1..
1151 4552 1232 4599 29.
1258 4556 1309 4600 in
1331 4555 1366 4599 t.
1388 4556 1444 4600 n.
1468 4552 1597 4606 sam.

197 4620 387 4665 ercisc.
417 4635 486 4649 —
513 4615 567 4659 1..
589 4611 672 4659 33.
698 4615 747 4660 in
769 4615 805 4661 i'.
827 4617 882 4661 D.
904 4614 971 4661 de
991 4616 1148 4663 cond.
1169 4615 1278 4662 ind.
1298 4618 1399 4673 (xil
1415 4649 1430 4671 .,
1449 4614 1593 4675 6.)-

199 4680 248 4725 l..
277 4680 354 4728 14.
384 4682 444 4726 D.
466 4675 544 4722 de
566 4676 620 4721 d.
647 4688 718 4722 m.
741 4683 797 4724 ee
814 4690 882 4724 m.
906 4690 1023 4725 exc.
1047 4681 1231 4734 (xmv,
1254 4677 1327 4737 4.)
1349 4704 1409 4714 --
1438 4682 1484 4726 1..
1514 4676 1592 4725 14.

198 4744 287 4799 3¹·
305 4747 361 4791 Ι).
388 4751 593 4790 mmm.
616 4738 720 4785 div.
742 4741 821 4795 (Χ,
839 4739 910 4795 3.)
926 4765 981 4773 -
1003 4741 1082 4787 Cf.
1107 4740 1345 4788 Desider.
1374 4739 1600 4790 Her-aldi

197 4806 255 4849 de
273 4819 374 4854 rer.
395 4801 682 4861 Judieatnr.
705 4808 896 4848 auctor.
919 4803 1022 4850 Lib.
1050 4804 1109 4849 ΙΙ.
1130 4817 1175 4849 c.
1194 4805 1258 4851 23
1279 4805 1346 4859 (in
1393 4802 1599 4852 ottonis

199 4866 318 4975 ἱὴοι.
346 4870 413 4915 Τ.
441 4865 587 4973 lli‘p.
616 4861 739 4911 12³⁷
760 4865 1270 4924 sqq.).--Vinniisel.
1289 4867 1388 4923 jor.
1410 4871 1596 4927 quaest.

235 4931 300 4977 ib.
330 4934 369 4979 l.
393 4942 446 4976 c.
552 4959 564 4971 .

2237 3361 2407 3415 823³.

1714 3488 1762 3546 1)
1786 3492 1939 3539 Auel.
1955 3490 2152 3538 Cession
2173 3489 2269 3545 (ed.
2285 3490 2356 3547 Ξ.)
2375 3501 2426 3548 p.
2450 3485 2500 3535 5.
2518 3485 2844 3534 6.-—Pueli!a
2861 3484 3034 3533 Rhein.

1656 3553 1780 3601 Mus.
1803 3553 1850 3599 1.
1874 3566 1924 3613 p.
1946 3551 2041 3600 287
2067 3565 2173 3611 sqq.

1721 3618 1769 3673 2)
1795 3616 1870 3662 Cf.
1897 3618 1950 3663 L.
1970 3617 2019 3662 3.
2046 3617 2100 3662 D.
2135 3613 2182 3661 si
2209 3614 2412 3668 ususfr.
2446 3614 2600 3670 petat
2616 3613 2718 3659 {vll
2742 3645 2756 3665 ,
2778 3609 2849 3668 6.)
2896 3635 2948 3645 --
2974 3610 3031 3655 1..

1656 3677 1735 3727 15.
1757 3684 1780 3737 ς
1803 3676 1851 3724 8.
1877 3680 1929 3724 D.
1954 3678 2104 3737 quod
2122 3677 2177 3722 vi
2206 3681 2303 3724 aut
2328 3678 2463 3726 clam
2499 3676 2690 3732 (tibin,
2717 3671 2879 3730 94)-
2897 3675 2950 3719 Ι..
2970 3669 3035 3717 70

1652 3744 1680 3799 ς
1711 3742 1756 3789 1.
1785 3742 1838 3787 D.
1866 3740 1934 3787 de
1958 3743 2027 3788 V.
2056 3743 2229 3788 S.—1..
2253 3737 2334 3787 48.
2361 3752 2435 3798 pr.
2462 3739 2517 3787 D.
2539 3738 2607 3783 de
2641 3734 2876 3784 heredia.
2903 3736 3032 3781 inst.

1652 3804 1856 3860 (xxvlll
1875 3836 1889 3855 .
1911 3802 2044 3857 5.›-
2069 3804 2144 3849 cf.
2182 3802 2344 3849 Duroi
2376 3801 2545 3847 Archiv
2576 3800 2614 3846 t'.
2654 3800 2847 3845 civilist.
2870 3796 3037 3842 Praxis

1654 3868 1734 3913 Vl.
1776 3878 1823 3923 p.
1878 3864 1973 3913 412
2008 3889 2065 3899 --
2100 3863 2213 3914 417.
2251 3866 2305 3923 (ς
2327 3864 2437 3918 20.)
2476 3868 2525 3909 et
2547 3859 2800 3909 Auctor-is
2840 3859 3037 3906 Cession

1691 3964 1703 3976 .
1725 3926 1777 3975 7.
1801 3940 1824 3973 s
1899 3964 1911 3977 .

1653 3941 1684 3987 p
1715 3990 1764 4049 3)
1786 3940 1896 4037 vffi'
1919 4001 2063 4048 supra
2087 3988 2219 4046 379.
2240 3994 2290 4036 et
2312 3989 2379 4035 ibi
2406 3986 2628 4044 inprimis
2650 3990 2755 4031 not.
2781 3984 2828 4028 1.
2853 3987 2902 4029 et
2919 3979 3037 4030 6.-

1651 4053 1774 4101 Αᾱά.
1795 4051 2086 4110 Hoepsneri
2105 4046 2593 4105 Commentar.§28⁴.
2619 4054 2670 4094 et
2685 4049 2711 4103 S
2732 4043 2844 4092 286.
2863 4050 2968 4092 not.
2987 4044 3035 4092 1.

1715 4114 1768 4173 4)
1791 4119 2010 4164 Auctor.
2044 4116 2151 4162 obs.
2172 4116 2273 4171 iur.
2300 4125 2425 4159 rom.
2451 4113 2503 4156 C.
2529 4112 2566 4158 1.
2590 4113 2617 4167 ς
2636 4110 2682 4158 1.
2710 4111 2758 4155 2.
2782 4106 3038 4164 foa-cast

1653 4179 1768 4224 inst.
1797 4179 1873 4223 lv.
1896 4176 2016 4237 534.
2040 4176 2119 4224 35.
2144 4178 2226 4233 (cf.
2254 4186 2399 4232 supra
2424 4176 2449 4229 S
2471 4175 2581 4219 223.
2602 4178 2704 4220 not.
2723 4171 2813 4229 4.).

1715 4238 1764 4298 5)
1788 4240 1897 4346 γεω.
1920 4246 2022 4286 not.
2046 4242 2095 4286 3.
2119 4246 2169 4286 et
2191 4239 2306 4285 add.
2330 4235 2580 4285 Auctoris
2599 4236 2795 4282 Cession
2819 4245 2868 4293 p.
2889 4230 2942 4279 9.
2961 4244 3037 4291 sq.

1655 4307 1756 4349 not.
1785 4303 1806 4346 1
1851 4335 1864 4346 .

1714 4363 1763 4420 6)
1789 4365 1906 4409 Nam
1925 4364 2023 4410 vid.
2041 4375 2185 4422 supra
2208 4364 2234 4418 S
2256 4359 2335 4407 28.

1723 4425 1772 4482 7)
1796 4427 2024 4481 Quaestio
2044 4426 2106 4471 de
2129 4425 2428 4483 possessione
2451 4438 2462 4468 :
2502 4423 2698 4468 cuinam
2732 4420 3038 4488 juriumsse-

1663 4492 1766 4535 neri
1792 4489 2109 4535 adscribenda
2133 4490 2195 4534 sit
2212 4490 2234 4534 7
2252 4489 2355 4543 jam
2377 4488 2710 4532 Glossatorum
2735 4482 3039 4539 temporibus

1662 4554 1869 4610 agitata.
1901 4563 1957 4597 ac
1995 4551 2186 4609 saepius
2227 4549 2433 4596 subinde
2474 4548 2773 4603 instaurata,
2808 4551 2914 4591 tum
2954 4542 3037 4589 diu

1657 4616 1952 4668 intermissa,
1969 4614 2144 4659 nostris
2169 4614 2368 4658 tandem
2390 4610 2691 4667 temporibus
2708 4619 2901 4654 summo
2910 4618 3039 4666 quo-

1658 4679 1770 4724 dam
1791 4678 1966 4725 ardore
1996 4681 2219 4721 revocata
2242 4678 2315 4720 est
2334 4707 2350 4729 ,
2372 4674 2477 4719 scil.
2507 4671 2697 4718 duabus
2730 4670 2877 4717 etiam
2899 4670 3041 4717 addi·

1660 4740 1724 4785 tis
1742 4739 2109 4800 quaestionibus
2132 4752 2144 4782 z
2179 4738 2333 4783 altera
2354 4736 2418 4781 do
2441 4738 2547 4781 loco
2584 4768 2600 4792 ‚
2620 4734 2822 4780 ubinam
2844 4734 2895 4778 in
2915 4735 3035 4780 artis

1662 4809 1859 4849 nostrae
1895 4800 2153 4859 disciplina
2192 4799 2447 4845 tractanda
2470 4798 2531 4843 sit
2554 4796 2819 4856 possessi03
2850 4797 3039 4843 altera.

1663 4877 1761 4922 qua
1792 4864 2074 4924 quaeritur.
2113 4867 2280 4910 utrum
2305 4861 2506 4908 omniuo
2531 4858 2615 4916 ,ius
2658 4860 2722 4905 sil.
2758 4853 3037 4916 possessio?

1667 4927 1778 4975 vid.
1813 4928 2073 4986 scriptores
2102 4936 2248 4985 snpra
2267 4926 2294 4982 ς
2323 4922 2407 4971 79.
2436 4927 2539 4970 not.
2579 4921 2659 4968 to.
2701 4921 2831 4968 banc
2852 4921 2901 4966 in
2935 4931 3043 4966 rem
