3544 5506
1032 351 1169 395 cn.
1211 353 1310 395 m.
1352 354 1428 396 nn
1464 354 1829 396 nmasnms
1867 354 2360 399 usnemu-rinus.
2996 347 3106 405 5725

289 461 529 522 scilicet
552 461 890 520 usufructu
931 456 1078 534 ipsis
1102 467 1360 521 servato
1391 458 1459 535 ⁵).
1497 461 1570 535 11)
1599 464 1668 520 1n
1707 463 2064 522 liberorum
2096 464 2354 532 ordine,
2399 472 2544 537 post
2575 466 2784 527 varias
2824 467 3103 542 impera·

287 563 505 615 torum
533 551 935 616 definitiones
960 555 1034 629 θ),
1064 557 1324 614 tandem
1355 552 1657 631 obtinuit,
1690 563 1763 613 ut
1784 558 2053 628 nullum,
2088 558 2358 631 amplius
2378 568 2737 630 superesset
2761 558 3100 622 discrimen

288 656 456 714 inter
484 671 594 715 eos
622 658 1114 725 descendentes,
1150 656 1257 729 qui
1295 656 1651 728 agnationis
1677 699 1695 727 ,
1728 671 1971 730 eosque
1993 701 2012 730 ,
2054 658 2163 730 qui
2215 665 2464 715 tantum
2509 662 2909 731 cognationis
2950 662 3101 735 iure

285 752 613 830 conjuncti
641 763 851 815 essent
883 751 1248 828 parentibus
1280 755 1356 828 ⁷).
1390 753 1496 827 111)
1527 755 1825 815 Similiter
1861 756 2253 828 legislatores
2285 758 2350 814 in
2378 771 2605 816 eorum
2630 806 2646 831 ‚
2680 761 2787 833 qui
2827 777 2864 819 a
2896 764 3102 820 latere

278 850 483 923 ,iuncti
497 858 668 920 sunt,
688 852 916 911 ordine
933 855 1400 923 prospexerunt
1414 852 1722 922 cognatis.
1739 853 1892 909 Nam
1904 866 2048 909 cum
2067 853 2162 924 pri
2171 866 2340 909 mum
2355 855 2713 913 Anastasius
2727 856 2877 929 imp.
2892 859 3099 918 sanci·-

284 942 492 1018 visset,
510 948 980 1020 utemancipati
1000 947 1184 1006 simul
1202 962 1350 1004 cum
1374 946 1468 1017 iis,
1486 948 1593 1019 qui
1615 942 1676 1002 in
1706 952 2022 1018 potestate
2040 948 2516 1021 remansissent,
2538 950 2618 1005 ad
2641 950 3097 1016 defunctorum

284 1046 522 1104 fratum
564 1047 954 1105 hereditates
992 1062 1138 1105 cum
1184 1046 1398 1118 aliqua
1428 1046 1869 1104 deminutione
1911 1045 2407 1104 admitterentur
2431 1043 2476 1120 ⁹)
2497 1091 2513 1117 ‚
2543 1045 2937 1110 Justinianus
2965 1070 3097 1114 non

283 1146 494 1203 solum
542 1160 798 1204 omnem
857 1146 1025 1204 inter
1081 1145 1220 1204 illos
1256 1143 1683 1203 differentiam
1735 1146 1990 1203 sustulit
2012 1188 2029 1215 ,
2078 1161 2304 1204 verum
2361 1146 2556 1204 etiam
2610 1153 3099 1223 consanguineis

283 1244 583 1316 aequavit
604 1243 887 1302 uterinos
908 1243 983 1315 ⁹).
1030 1247 1369 1301 Praeterea
1399 1243 1752 1316 imperator
1775 1251 1839 1302 et
1862 1244 2192 1315 foeminas,
2214 1242 2276 1302 in
2299 1260 2689 1319 quocunque
2713 1253 3098 1312 constitutae

281 1346 497 1397 essent
527 1340 728 1411 gradu
750 1383 766 1414 ,
800 1339 986 1398 simul
1019 1354 1167 1397 cum
1191 1338 1474 1396 maribus
1494 1340 1576 1396 ad
1605 1340 1917 1411 legitimas
1957 1342 2207 1399 vocavit
2253 1342 2641 1401 hereditates
2669 1343 2775 1419 ¹0),
2818 1354 2882 1404 et
2929 1349 3098 1407 inter

282 1446 548 1510 agnatos
574 1455 835 1512 quoque
860 1440 1178 1511 graduum
1208 1452 1347 1496 esse
1371 1438 1838 1498 successionem
1864 1441 2085 1497 statuit
2113 1436 2201 1515 ¹¹),
2224 1446 2289 1497 et
2319 1441 2721 1501 uterinorum
2744 1450 2881 1503 tum
2901 1446 3096 1507 etiam

279 1536 834 1608 emancipatorum
860 1535 1022 1594 filios
1062 1533 1298 1591 filiasve
1326 1548 1456 1590 una
1485 1548 1634 1591 cum
1671 1533 1818 1591 thiis
1857 1536 2195 1593 succedere
2224 1532 2508 1595 decrevit
2535 1534 2626 1611 ¹²).
2666 1541 2951 1613 Denique
2979 1543 3083 1618 IV)

280 1637 458 1708 quod
483 1636 565 1693 ad
588 1636 964 1694 libertorum
1016 1634 1245 1692 attinet
1285 1632 1674 1692 hereditates
1696 1676 1714 1707 ‚
1750 1635 1849 1691 lex
1879 1635 2139 1706 quidem
2165 1635 2332 1692 Julia
2383 1641 2450 1692 et
2490 1637 2677 1708 Papia
2706 1641 3002 1711 Poppaea
3029 1643 3095 1702 in

279 1730 417 1803 eJ’us
446 1745 706 1803 quoque
733 1730 942 1788 liberti
970 1730 1177 1798 bonis,
1207 1729 1315 1801 qui
1345 1730 1672 1786 naturales
1704 1729 1976 1788 haberet
2007 1730 2263 1799 liberos,
2300 1730 2636 1802 pauciores
2661 1740 2877 1792 tamen
2900 1753 3094 1812 quam

273 1832 432 1893 tres,
465 1834 604 1886 tum
636 1828 828 1885 etiam
857 1822 934 1882 H.
973 1826 1032 1883 S.
1069 1830 1330 1883 centum
1363 1823 1558 1882 millia
1581 1825 1660 1881 ad
1705 1824 2040 1883 minimum
2079 1825 2508 1899 relinqueret,
2552 1828 2797 1887 virilem
2841 1841 3094 1904 partem

277 1927 501 1984 tribuit
524 1923 612 1999 ι5).
640 1932 716 1984 At
750 1926 1140 1984 Justiniamis
1168 1924 1335 1981 hanc
1364 1939 1502 1981 rem
1533 1924 1621 1981 ita
1661 1925 1978 1993 definivit,
2009 1931 2085 1982 ut
2110 1941 2244 1984 non
2273 1925 2391 1983 nisi
2420 1933 2566 1998 post
2608 1928 2817 1986 liberti
2860 1931 3093 1992 liberos

275 2022 534 2094 patroni
550 2023 995 2090 succederent,
1018 2027 1105 2089 et,
1131 2016 1179 2078 si
1204 2021 1338 2078 sine
1360 2019 1571 2077 liberis
1595 2020 1858 2078 libertus
1883 2021 2275 2090 decessisset,
2303 2020 2578 2079 intestati
2599 2025 2853 2095 quidem
2877 2028 3092 2085 omnia

273 2122 446 2180 bona
486 2122 890 2194 acciperent,
934 2125 1322 2179 testamento
1356 2125 1572 2178 autem
1603 2120 1741 2193 eJus
1765 2116 2001 2190 liberti,
2030 2120 2138 2193 qui
2167 2121 2541 2179 centenario
2570 2122 2780 2196 major
2822 2133 3018 2193 esset,
3051 2143 3090 2186 a

274 2221 524 2279 duabus
569 2228 820 2279 tantum
876 2220 1250 2278 hereditatis
1303 2218 1591 2292 partibus
1633 2220 1884 2278 excludi
1920 2225 2181 2292 possent
2229 2216 2322 2291 ι4).
2359 2222 2694 2279 Caeterum
2718 2224 2799 2280 ad
2828 2226 3086 2295 patroni

273 2322 515 2379 tuenda
555 2317 968 2381 successionis
997 2319 1140 2397 jura
1174 2319 1458 2378 actiones
1493 2313 1881 2379 constitutae
1924 2324 2077 2378 sunt
2097 2359 2113 2387 ‚
2154 2333 2323 2391 quae
2352 2332 2430 2377 ex
2461 2334 2685 2378 earum
2718 2323 3087 2382 auctoribus

274 2423 591 2477 vocantur
611 2413 957 2477 Calvisiana
981 2423 1048 2475 et
1070 2412 1342 2476 Faviana
1374 2412 1466 2491 ¹⁶).

274 2614 300 2687 ς
326 2608 468 2669 650.
503 2612 609 2670 111.
640 2607 952 2668 Novissimi
968 2605 1127 2685 juris
1153 2605 1221 2664 ds
1243 2605 1651 2664 intestatorum
1682 2604 2088 2664 hereditatibus
2116 2604 2401 2665 doctrina.
2431 2606 2496 2681 Α)
2527 2606 2850 2667 ordinaria
2879 2625 3085 2668 succes-

697 2704 875 2763 sionis
902 2703 1072 2763 ratio.
1099 2702 1148 2780 *)
1178 2702 1233 2779 1)
1263 2703 1345 2761 De
1359 2699 1675 2780 personnis,
1697 2699 1777 2760 ad
1796 2717 1938 2778 quas
1967 2707 2180 2780 spectat
2192 2699 2295 2779 jus
2313 2700 2654 2761 succedendi.

355 2910 440 2964 Ex
467 2906 788 2965 novissimi
812 2905 976 2980 juris
1005 2911 1071 2964 et
1096 2904 1368 2962 maxime
1397 2919 1471 2961 ex
1496 2897 1659 2961 Nov.
1695 2903 1949 2961 cxvm.
1983 2901 2305 2973 principiis
2343 2901 2448 2975 jus
2470 2902 2855 2961 succedendi
2879 2918 3083 2976 aeque

273 3003 554 3074 pertinet
573 3002 654 3058 ad
675 3016 921 3072 omnes,
945 3000 1050 3073 qui
1075 2993 1470 3071 cognationis
1492 2996 1756 3056 vinculo
1783 2995 2109 3072 conjuncti
2136 3003 2285 3054 sunt
2313 2996 2618 3055 defuncto
2642 2994 2707 3067 ¹),
2734 3012 2865 3055 non
2890 3005 3082 3055 natu·

270 3102 386 3158 rali
415 3102 650 3174 solum,
678 3116 903 3159 verum
932 3106 998 3159 et
1025 3099 1211 3166 civili,
1246 3097 1560 3171 siquidem
1589 3097 1698 3169 qui
1728 3095 2124 3166 adoptantur
2153 3097 2252 3153 vel
2282 3097 2702 3167 adrogantur,
2731 3091 2824 3164 iis,
2849 3098 3079 3168 quibus

273 3208 710 3273 agnascuntur
737 3249 752 3275 ,
796 3201 987 3259 etiam
1036 3198 1290 3271 cognati
1332 3199 1492 3256 fiunt
1528 3194 1603 3269 ²).
1649 3196 1959 3273 Quoniam
2001 3195 2192 3266 igitur
2213 3195 2317 3267 jus
2360 3196 2742 3253 succedendi
2771 3196 3081 3254 intestatis

271 3306 478 3359 totum
508 3301 837 3359 descendit
863 3314 938 3357 ex
969 3299 1377 3371 cognatione,
1404 3312 1549 3361 nec,
1576 3310 1744 3369 quae
1767 3294 1947 3352 novis
1961 3289 2212 3365 legibus
2246 3293 2625 3351 deseruntur
2648 3294 3074 3364 heredidates,

271 3391 497 3469 capitis
526 3396 962 3454 deminutione
994 3396 1309 3453 tolluntur
1339 3390 1397 3465 (S
1427 3393 1570 3451 628.
1605 3397 1738 3449 not.
1776 3393 1836 3449 9.
1869 3392 1904 3458 ),
1942 3389 2057 3446 nisi
2087 3389 2194 3446 ubi
2226 3404 2261 3446 a
2291 3383 2453 3445 civili
2484 3389 2735 3447 ratione
2766 3389 2900 3461 ipsa
2935 3405 3079 3462 pro·
3188 3429 3200 3444 s

270 3488 440 3550 fecta
462 3499 558 3550 est
579 3492 875 3565 cognatio
894 3488 938 3566 3)
969 3512 984 3549 z
1017 3490 1328 3563 sequitur,
1356 3497 1426 3545 ut
1449 3503 1566 3546 nec
1597 3480 2028 3557 emancipatio
2060 3499 2182 3542 nec
2206 3479 2468 3556 adoptio
2504 3485 2847 3557 quicquam
2869 3488 3082 3544 valeat

273 3587 354 3643 ad
384 3589 736 3645 evertenda
763 3586 1083 3659 legitimae
1113 3583 1529 3643 successionis
1558 3582 1733 3655 jnra,
1764 3587 2222 3654 praeterquam
2253 3580 2303 3638 si
2328 3580 2638 3654 ejusmodi
2670 3575 2821 3654 quid
2844 3581 3079 3640 diserta

271 3793 398 3839 Tub.
424 3791 747 3842 nme-vid.
770 3801 942 3844 contra
966 3793 1214 3846 Auctoris
1238 3809 1416 3844 comm.
1443 3792 1643 3843 Glu‘clcii
1708 3793 1941 3839 Zeitschr.
1968 3792 2003 3838 t.
2029 3791 2144 3838 hist.
2170 3792 2224 3839 lt.
2251 3794 2330 3838 W.
2354 3795 2412 3840 V.
2435 3807 2482 3852 p.
2506 3792 2593 3840 101
2623 3814 2684 3827 -—
2710 3792 2821 3840 110.
2846 3796 2891 3851 (s
2911 3792 2959 3840 8.
2982 3791 3073 3850 9.).

270 3856 833 3916 couiin.xxxv.p.319
849 3871 957 3917 sqq.
979 3858 1082 3908 (Nr.
1100 3858 1170 3911 2.)
1193 3864 1242 3907 et
1263 3861 1446 3906 xxvll.
1478 3853 1638 3916 0556
1706 3880 1767 3891 —
1792 3855 2041 3902 Huschke
2062 3855 2265 3902 Studien
2290 3868 2338 3912 p.
2363 3852 2568 3902 25-58.
2608 3859 2624 3912 (
2651 3859 2701 3900 Α.
2725 3862 2764 3911 ).

271 3929 381 3975 sqq.
409 3920 509 3968 (Νι.
530 3917 600 3979 3.)
1772 3916 1851 3970 15)
1886 3919 1990 3974 Dig.
2011 3918 2281 3973 (xxlell,
2306 3915 2374 3973 5.)
2396 3918 2597 3975 siquid
2628 3919 2684 3964 in
2706 3914 2952 3970 fraudem
2970 3928 3072 3974 pa-

331 3977 383 4036 6)
417 3982 528 4026 vid.
551 3979 787 4029 v.c.1..4.
811 3983 865 4028 C.
888 3981 964 4028 ad
979 3983 1094 4029 Set.
1119 3985 1320 4041 orpme.
1339 3980 1440 4042 (vl,
1459 3981 1562 4039 57.)
1578 4004 1638 4015 -
1706 3982 1845 4028 troni
1861 3977 2064 4033 factum
2097 3980 2323 4026 sia—Cf.
2348 3983 2399 4026 l..
2427 3979 2503 4026 15.
2527 3979 2648 4027 eod.

273 4042 324 4088 1..
352 4040 432 4089 11.
455 4043 592 4090 cde
607 4044 748 4102 teme.
775 4043 960 4090 tier-ed,
983 4044 1083 4094 (vi.
1103 4042 1205 4094 58.)

330 4101 381 4158 7)
415 4105 469 4150 1..
494 4104 574 4151 12.
598 4107 650 4151 C.
677 4105 743 4152 de
765 4106 879 4152 suis
901 4109 957 4152 ee
977 4104 1115 4164 legit.
1138 4107 1287 4154 uber.
1306 4108 1393 4165 (vt
1420 4141 1437 4167 ‚
1457 4104 1558 4167 554
1581 4130 1638 4139 —
2299 4106 2325 4159 S
2356 4101 2471 4149 03⁰·

269 4165 296 4219 ς
322 4163 400 4211 16.
423 4169 462 4212 l.
487 4166 557 4212 de
581 4166 791 4228 lieo-ed„
817 4178 961 4226 quae
982 4169 1050 4214 ab
1069 4167 1167 4215 int.
1191 4168 1364 4221 deser.
2984 4215 2992 4223 ,

329 4224 382 4283 8)
415 4229 437 4280 ς
467 4225 509 4272 l.
532 4230 569 4273 1.
593 4228 661 4275 de
683 4240 829 4277 succ.
853 4233 1065 4288 coquat.
1107 4232 1123 4286 (
1144 4231 1212 4276 cf.
1255 4227 1534 4287 Theophili.
1557 4239 1646 4287 pa·
1776 4223 2255 4286 (')Nov.cxvlll.(de
2268 4224 2886 4280 ann0543.,F.A.Biener
2901 4224 3073 4271 Gesch.

272 4289 442 4347 rsphr.
470 4290 532 4336 ad
553 4290 606 4336 b.
635 4291 690 4348 l.)
1711 4288 1885 4335 d.Nov.
1910 4286 3076 4347 sustintansAEen.1824.p.523.).—Nov.cxxvu

329 4350 382 4408 9)
422 4351 474 4395 t..
494 4349 576 4397 15.
595 4352 621 4407 S
644 4350 685 4398 1.
712 4357 764 4398 et
781 4353 829 4398 Β.
853 4351 1144 4414 (Ldeleqit.
1159 4353 1343 4401 hes-cd.
1365 4354 1465 4413 (Vl,
1486 4351 1651 4410 tis.)—
1714 4350 1795 4406 (de
1818 4361 1949 4397 anno
1966 4349 2104 4407 5⁴7„
2119 4352 2313 4399 Biener·
2332 4353 2406 4398 l.l.
2431 4364 2479 4409 p.
2500 4348 2634 4408 524.)
2646 4348 2797 4410 praef.
2824 4353 2876 4394 et
2894 4361 2940 4394 c.
2965 4350 3077 4395 1.-

267 4413 341 4459 Cf.
368 4412 542 4458 Loelu·
559 4415 745 4471 magas.
772 4416 847 4461 lV.
867 4416 948 4461 ΝΡ.
970 4411 1020 4461 9.
1715 4413 1806 4458 Fr.
1832 4413 2030 4470 Ortloff
2043 4414 2309 4459 Justluians
2331 4424 2458 4458 neue
2479 4414 2865 4467 Verordnungen
2885 4410 2969 4455 ttb.
2994 4409 3077 4456 dio

332 4474 412 4531 10)
446 4474 501 4520 1..
529 4473 608 4522 14.
634 4488 707 4534 pr.
730 4478 785 4522 C.
808 4476 876 4524 dc
898 4475 1038 4536 quit.
1062 4476 1399 4532 herem—53.
1423 4477 1461 4523 1.
1479 4475 1548 4523 de
1565 4477 1642 4523 Ie·
1706 4475 2184 4532 latestatoterbtolge
2207 4508 2223 4533 ,
2240 4477 2357 4521 oder
2397 4474 2610 4521 Vei-such
2646 4477 2784 4520 einer
2822 4472 3075 4518 Uebersct-

268 4537 364 4596 qil.
391 4547 519 4594 ayn.
541 4549 690 4585 succ.
1709 4546 1842 4591 :ung
1881 4536 1970 4584 der
2011 4539 2126 4584 Nov.
2176 4537 2356 4584 cxvlll
2381 4537 2479 4582 und
2527 4537 2613 4581 der
2634 4538 2704 4582 sie
2747 4533 3076 4580 betreffenden

333 4598 415 4650 11)
450 4601 478 4654 S
500 4597 553 4646 7.
580 4602 616 4646 1.
642 4599 708 4647 de
726 4599 846 4658 quu
867 4611 992 4659 ayn.
1017 4610 1164 4647 succ.
1713 4599 1892 4643 Stellen
1914 4601 2002 4645 der
2024 4600 2143 4645 Nor.
2168 4600 2311 4645 lel.
2334 4597 2428 4645 rel.
2450 4598 2568 4645 Cob.
2596 4596 2739 4645 1816.
2756 4620 2816 4633 -
2839 4594 3079 4644 Rosslu're

334 4657 416 4707 12)
440 4662 493 4707 1..
521 4658 597 4708 14.
622 4663 648 4716 ς
672 4659 716 4709 1.
741 4662 794 4706 t..
822 4659 899 4709 15.
916 4663 943 4716 ς
966 4662 1014 4707 s.
1037 4663 1089 4707 c.
1115 4662 1183 4709 de
1203 4659 1553 4721 teqitaoerea.
1714 4660 1750 4705 ι.
1772 4660 1803 4704 t.
1830 4658 2172 4716 pasc-⁴1⁴.

333 4715 414 4770 13)
447 4726 475 4779 s
495 4724 544 4770 2.
569 4724 607 4768 1.
631 4724 701 4770 de
721 4734 865 4772 succ.
907 4723 997 4770 ub.
1042 4721 1060 4778 (
1081 4725 1147 4770 cf.
1172 4728 1223 4769 et.
1243 4723 1359 4779 Goji
1401 4723 1515 4768 inst.
1561 4722 1642 4769 lll.
1780 4718 1824 4776 1)
1845 4722 2023 4770 Praei.
2050 4729 2100 4769 et
2120 4733 2227 4780 cap.
2251 4719 2296 4766 4.
2321 4721 2440 4767 Nor.
2465 4718 2575 4768 118.

269 4787 296 4841 ς
314 4781 397 4831 ⁴2.
442 4791 494 4830 et
524 4785 594 4832 ib.
619 4785 679 4831 de
702 4785 1047 4831 libertinarum
1073 4818 1089 4841 ,
1114 4790 1219 4831 tum
1240 4785 1301 4830 de
1325 4788 1645 4843 patronarum
1771 4781 1820 4838 Ξ)
1846 4784 1899 4829 1..
1924 4783 2007 4831 25.
2036 4785 2089 4830 l».
2113 4782 2181 4829 de
2201 4782 2381 4839 adopt.
2406 4781 2549 4842 (l‚7.)

269 4847 660 4894 successionibus
680 4849 706 4903 s
727 4844 808 4893 ⁴3.
835 4844 918 4895 47.
942 4844 1155 4895 49-52.
1772 4846 1821 4902 3)
1845 4846 1870 4899 S
1894 4846 1971 4894 11.
1995 4846 2074 4892 12.
2097 4845 2136 4891 l.
2157 4845 2225 4891 de
2247 4844 2429 4892 lter-ed.
2454 4877 2471 4905 ‚
2494 4853 2638 4903 quac
2668 4844 2735 4891 ab
2767 4843 2863 4891 int.
2904 4841 3077 4896 defer.

333 4906 411 4966 1⁴)
445 4911 472 4964 ς
493 4909 544 4955 3.
566 4909 608 4955 1.
632 4908 699 4955 dc
736 4919 879 4958 succ.
905 4907 996 4956 lib.
1033 4934 1094 4944 —
1127 4908 1203 4956 Cf.
1258 4906 1649 4972 lanterholzner
1712 4908 1828 4953 -1..
1853 4908 1901 4955 3.
1927 4911 1981 4956 D.
2009 4906 2155 4957 unde
2172 4917 2321 4967 coqn-
2348 4907 2616 4967 (xxxvlll‚
2636 4903 2705 4963 8.)
