3544 5506
2949 355 3062 413 61³

260 474 628 533 hereditatis
653 475 1004 536 substantia
1030 482 1095 534 et
1125 483 1308 535 recta
1350 476 1455 535 via
1483 476 1760 550 relinqui
1805 477 2151 549 legitimam
2178 491 2441 537 necesse
2471 484 2570 537 est
2597 475 2641 548 ³)
2679 496 2699 536 ε
2751 477 2846 539 sic
2868 481 3061 540 etiam

257 571 322 644 5)
346 586 508 643 pure
534 571 838 646 debetur,
866 572 1257 646 omninoque
1278 588 1485 631 vacua
1515 574 1597 631 ab
1617 587 1819 631 onere
1845 569 1920 646 ⁴).
1960 575 2206 632 Nullam
2245 569 2436 645 igitur
2464 574 2592 632 vim
2638 574 2894 634 habebit
2915 591 3066 636 con—

258 670 416 728 ditio
437 672 538 728 vel
566 671 788 730 dilatio
814 672 1137 744 legitimae
1166 672 1484 746 adscripta
1506 720 1522 744 ,
1555 680 1668 730 aut
1698 673 1967 745 quodvis
2000 688 2164 731 onus
2191 673 2291 731 vel
2327 689 2674 745 gravamen
2709 675 2767 733 ei
2807 675 3065 749 imposi-

248 772 396 823 tum
419 761 491 837 ⁵),
510 767 626 825 nisi
644 782 812 840 quae
834 770 1128 827 cautelae
1146 769 1380 842 Socini,
1406 783 1599 841 quam
1613 776 1851 828 vocant
1866 814 1882 840 ,
1910 784 2032 827 usu
2053 768 2222 827 sorte
2246 768 2586 827 tribuenda
2606 765 2689 828 sit
2713 767 3063 832 istiusmodi

261 862 722 936 adjectionibus
759 860 827 936 ⁶).
871 866 1086 936 Neque
1125 879 1285 923 vero
1332 863 1391 936 4)
1434 859 1778 936 quicquam
1824 870 2022 922 nocet
2062 870 2450 924 testamento
2478 907 2495 933 ‚
2546 866 2862 926 minorem
2907 882 3066 936 esse,

259 974 452 1031 quam
471 959 784 1017 debeatur
805 1006 820 1034 ,
858 967 1105 1031 partem
1134 960 1453 1032 legitimae
1475 954 1736 1018 nomine
1758 957 2072 1018 relictam.
2106 954 2270 1017 Nam
2290 974 2436 1018 cum
2456 960 2589 1033 jam
2616 963 2862 1033 pridem
2884 963 3064 1021 inva-

260 1059 513 1126 luisset,
533 1066 606 1116 ut
628 1061 806 1119 liberi
822 1061 1080 1133 quidem
1098 1101 1116 1127 ‚
1146 1061 1254 1134 qui
1285 1075 1675 1134 quocunque
1706 1060 1905 1133 patris
1923 1059 2165 1134 judicio
2192 1061 2430 1118 salvam
2458 1062 2698 1120 habere
2720 1063 3064 1134 legitimam

259 1162 560 1228 poterant
577 1199 595 1230 ,
620 1172 752 1215 non
779 1153 1275 1215 admitterentur
1296 1158 1380 1215 ad
1408 1158 1737 1229 querelam
1762 1155 1836 1230 ⁷),
1872 1156 2119 1228 plenius
2140 1163 2362 1229 postea
2388 1157 2654 1216 sancivit
2674 1159 3065 1219 iustinianus

258 1256 417 1328 imp.
446 1303 462 1324 ,
505 1264 578 1314 ut
618 1271 878 1332 omnes,
926 1257 1297 1331 quicunque
1343 1258 1469 1315 sint
1508 1257 1573 1314 in
1616 1255 2129 1315 necessariorum
2180 1271 2617 1316 successorum
2663 1273 2973 1328 numero,
3015 1260 3065 1318 si
3111 1298 3114 1301 >

258 1349 521 1425 quidem
555 1369 627 1411 ex
651 1354 896 1427 jndicio
936 1355 1224 1414 defuncti
1259 1353 1499 1426 aliquid
1538 1358 1841 1423 teneant,
1880 1353 2057 1425 quod
2093 1353 2155 1409 in
2184 1353 2526 1423 legitimam
2556 1353 2645 1412 eis
2674 1354 3063 1431 imputetur,

261 1454 514 1508 remota
551 1447 887 1509 inofficiosi
929 1452 1195 1523 querela
1225 1449 1477 1508 nonnisi
1518 1450 1600 1507 ad
1641 1448 2015 1521 replendam
2056 1446 2397 1519 legitimam
2448 1456 2715 1521 agerent
2759 1451 3065 1509 adversus

260 1547 528 1607 heredes
549 1545 639 1616 ⁸)=
668 1556 905 1609 vocant
934 1551 1348 1622 expletoriam
1389 1550 1490 1607 vel
1517 1543 1980 1621 suppletoriam
2007 1547 2348 1605 actionem.
2386 1543 2560 1624 Quae
2595 1544 2766 1608 actio
2787 1592 2804 1619 ‚
2838 1565 3067 1623 quam-

261 1662 455 1719 quam
479 1663 596 1722 per
610 1664 679 1706 se
710 1649 970 1721 quidem
993 1649 1215 1707 iisdem
1232 1664 1308 1707 ex
1327 1649 1686 1707 rationibus
1714 1647 2122 1714 excludatur;
2151 1659 2318 1720 quae
2348 1647 2667 1717 efficiunt,
2692 1656 2767 1706 ut
2794 1651 3062 1709 omnino

263 1748 477 1804 nullus
521 1749 602 1804 sit
641 1750 945 1821 querelae
990 1749 1203 1817 locus,
1253 1755 1468 1814 tamen
1518 1748 1580 1806 in
1624 1763 1846 1806 earum
1886 1762 2019 1805 non
2045 1753 2144 1805 est
2174 1762 2449 1805 numero
2493 1749 2857 1818 actionum,
2900 1764 3069 1822 quae

258 1842 603 1901 vindictam
632 1846 878 1917 spirare
907 1845 1210 1903 dicuntur
1230 1888 1247 1914 ‚
1282 1859 1405 1902 nec
1428 1845 1711 1917 quinque
1739 1857 2058 1901 annorum
2100 1843 2308 1915 spatio
2335 1843 2613 1916 exspirat
2640 1840 2700 1909 ⁹).
2736 1849 3067 1905 Caeterum

258 1942 321 2008 5)
344 1957 491 2000 cum
515 1957 590 2001 ex
612 1944 959 2002 liberorum
986 1958 1263 2002 numero
1289 1941 1392 2001 alii
1417 1945 1626 2018 major
1647 1958 1799 2017 pars
1822 1943 2194 2002 hereditatis
2217 1943 2631 2017 relinquitur,
2656 1944 2762 2002 alii
2785 1959 2941 2003 vero
2964 1946 3065 2003 vel

260 2038 397 2095 aliis
426 2034 700 2110 legitima
722 2047 976 2099 tantum
993 2056 1166 2113 pars,
1191 2047 1356 2109 tum,
1377 2041 1485 2099 illo
1502 2043 1908 2099 detrectante
1930 2039 2212 2098 officium
2233 2053 2420 2097 suum
2443 2039 2708 2112 implere
2725 2081 2744 2108 ‚
2771 2041 3065 2114 adeoque

252 2130 488 2205 ,iudicis
537 2137 941 2194 sententiam·
979 2137 1218 2195 l'rustra
1265 2144 1677 2209 expectante,
1721 2134 1908 2194 fratri
1948 2135 2220 2209 amplius
2260 2135 2452 2195 tertia
2498 2142 2718 2210 parte,
2766 2153 2961 2211 quam
3006 2133 3065 2197 ei

260 2230 555 2290 relictum
577 2238 706 2308 est,
740 2232 979 2292 inferre
1007 2238 1278 2304 cogetur
1310 2229 1399 2303 ¹⁰).
2791 2243 2798 2250 ·

996 363 1130 407 ΟΔΡ.
1171 364 1271 408 111.
1310 363 1389 407 D!
1421 364 1788 408 Dmnls
1826 364 2320 408 mnarum.

341 2445 367 2518 ς
385 2441 527 2500 681.
557 2441 616 2517 4)
629 2442 711 2500 De
735 2441 1022 2502 heredibus
1041 2443 1364 2502 necessariis
1385 2460 1684 2521 eorumque
1706 2441 2140 2502 exheredatiom
2157 2443 2225 2522 (⁴⁹)
2243 2442 2304 2520 a)
2327 2442 2642 2503 universim
2661 2442 2981 2503 disseritur.

349 2671 495 2728 Cum
519 2668 782 2729 heredum
811 2676 1319 2734 necessariorum
1351 2674 1612 2735 nomine
1632 2669 1701 2732 hi
1740 2676 2036 2753 veniant,
2068 2675 2329 2756 quibus,
2358 2675 2476 2734 nisi
2505 2682 2618 2735 aut
2641 2675 3062 2733 instituantur

324 2887 373 2946 5)
408 2892 461 2938 1..
478 2890 558 2939 36.
580 2906 654 2952 pr.
678 2895 729 2942 in
748 2896 785 2942 ι’.
804 2896 858 2943 C.
879 2897 931 2943 Ιι.
957 2901 996 2944 t.
1020 2898 1120 2954 (lli,
1142 2895 1247 2958 98.)
1270 2912 1371 2940 ιι-
1390 2899 1633 2958 Repletio-
1697 2899 1858 2956 suppl.
1881 2898 2044 2955 agitur
2063 2898 2229 2954 (Goett
2250 2897 2413 2957 1819.)
2432 2900 2532 2967 Tit.
2551 2902 2589 2947 l.
2613 2911 2661 2947 c.
2686 2897 3063 2946 1.—Auctorls

262 2964 376 2999 nem
399 2961 562 3002 autem
597 2957 703 3003 fleri
728 2970 787 3004 ex
832 2961 935 3017 ipsa
956 2962 1226 3007 substantia
1249 2962 1402 3020 patris
1425 2997 1440 3016 ,
1466 2974 1564 3008 non
1590 2961 1630 3007 si

260 3018 382 3073 quid
403 3019 512 3064 aliis
545 3021 704 3065 causis
727 3021 857 3067 filius
881 3024 1097 3068 lucratus
1117 3029 1190 3068 est
1216 3057 1230 3082 ‚
1265 3025 1336 3069 vel
1359 3034 1419 3068 ex
1446 3025 1630 3070 substi-

265 3080 473 3138 tutione,
494 3083 566 3126 vel
588 3094 645 3127 ex
664 3083 775 3135 jure
796 3087 1103 3131 accrescendi
1126 3119 1142 3140 ,
1167 3091 1219 3129 ιιι
1255 3092 1369 3143 puta
1410 3085 1630 3132 ususfru-

1698 2962 1888 3006 contin.
1913 2962 2122 3007 xxxvl.
2144 2974 2192 3020 p.
2222 2961 2415 3010 1.-14,

1757 3022 1806 3074 8)
1841 3024 1894 3068 l..
1915 3023 1994 3069 30.
2020 3024 2072 3069 C.
2099 3023 2149 3069 Ιι.
2177 3028 2335 3071 e.-1..
2359 3021 2439 3071 55.
2459 3026 2486 3080 S
2505 3022 2562 3069 2.
2580 3024 2632 3069 1..
2656 3021 2739 3070 56.
2763 3035 2837 3081 pr.
2860 3022 2977 3070 eod.
2999 3046 3058 3056 «-

1695 3085 1831 3139 Quae
1853 3087 2052 3141 quidem
2073 3086 2202 3131 aetio
2223 3093 2272 3132 et
2291 3090 2353 3134 ad
2397 3087 2618 3132 intestati
2653 3085 2857 3131 heredes
2897 3087 3061 3140 potest

263 3145 393 3185 ctus.
414 3143 582 3189 u-ct.
598 3148 647 3188 et
667 3146 717 3189 1..
737 3144 785 3191 6.
807 3148 860 3193 C.
882 3145 958 3192 ad
974 3147 1089 3193 See.
1119 3146 1266 3193 Treb.
1287 3148 1387 3203 (Vl,
1409 3145 1633 3206 49.)-Λι
1696 3147 2078 3203 pertinere,scit.
2103 3154 2382 3203 propterea,
2401 3149 2532 3206 quod
2559 3147 2808 3193 immensis
2829 3147 3056 3193 donatio-

261 3204 454 3258 dejure
476 3206 738 3264 antiquiori
760 3208 856 3253 vid.
886 3209 939 3253 L.
959 3206 1007 3254 8.
1034 3211 1060 3264 s
1083 3209 1161 3254 11.
1183 3211 1236 3254 Ι).
1258 3209 1309 3255 Ιι.
1333 3212 1626 3257 t.—·Wsst-

255 3264 394 3320 plia!
411 3277 504 3311 von
526 3267 903 3324 Testamentens
924 3268 1035 3315 598.
1049 3272 1098 3318 h.
1121 3272 1205 3326 εις
1225 3269 1335 3318 401.
1358 3294 1415 3304 -
1431 3276 1629 3320 Aucto·

260 3326 341 3373 ris
361 3333 547 3374 contin.
572 3332 754 3377 xxxv.
780 3344 829 3392 p.
850 3331 947 3378 525
966 3345 1075 3391 sqq.

327 3387 377 3444 4)
410 3392 461 3436 1..
486 3389 531 3437 4.
552 3390 676 3448 356.
702 3406 777 3452 pr.
819 3400 868 3440 et
887 3396 915 3449 S
955 3393 1000 3441 1.
1036 3397 1089 3442 C.
1134 3394 1187 3441 lt.
1230 3399 1268 3441 t.
1307 3396 1471 3453 Neque
1508 3407 1625 3444 vero

261 3456 507 3501 contraria
530 3461 622 3510 est,
644 3461 699 3501 ut
718 3458 914 3512 quidem
939 3458 1077 3502 multi
1102 3464 1381 3517 autumant,
1398 3460 1448 3504 1..
1464 3457 1541 3504 12.
1568 3460 1622 3506 C.

260 3515 386 3560 eod.
409 3538 469 3548 --
497 3518 604 3563 vid.
626 3516 1052 3572 Parendorfobs.
1076 3522 1116 3566 ll
1137 3551 1154 3578 ,
1176 3518 1257 3567 81.
1282 3527 1333 3566 et
1372 3521 1623 3569 Auctoris

259 3580 452 3625 contin.
476 3581 656 3625 xxxv.
683 3593 731 3638 p.
753 3580 847 3627 327
867 3593 939 3638 sq.

326 3641 377 3697 5)
416 3643 540 3687 sunt
560 3643 691 3688 enim
726 3655 812 3700 pro
836 3654 934 3689 non
956 3644 1147 3702 scriptis
1185 3643 1428 3691 habenda.
1478 3646 1618 3692 Unde

259 3704 460 3760 putant,
481 3716 577 3750 non
601 3707 809 3761 amplius
829 3708 1015 3753 nullum
1035 3708 1131 3753 diei
1168 3717 1309 3765 posse
1347 3713 1618 3754 testamen-

260 3769 369 3810 tum
392 3768 941 3824 propterconditionem,
956 3771 1030 3816 vel
1053 3771 1257 3815 mixtam
1276 3768 1350 3814 vel
1373 3772 1619 3817 casualem

259 3829 337 3872 sui
357 3826 548 3874 heredis
570 3829 864 3876 institutioni
884 3832 1123 3886 adjectam
1149 3831 1249 3886 (cf.
1283 3842 1428 3888 supra
1459 3835 1485 3889 ς
1504 3830 1616 3879 665.

257 3894 369 3935 not.
397 3887 473 3935 11.
498 3895 548 3936 et
570 3891 681 3937 add.
707 3893 758 3937 1..
779 3891 859 3939 83.
884 3893 936 3938 D.
960 3892 1029 3940 de
1047 3892 1204 3940 cond.
1217 3893 1617 3950 eedemxxxv,

262 3951 354 4007 1.).
377 3954 509 3997 velut
531 3954 692 4001 thek
714 3955 813 4001 Vll.
837 3967 888 4013 p.
918 3954 998 4001 74.
1018 3954 1098 4002 75.
1123 3963 1173 4001 et
1207 3955 1461 4005 Auctoris
1498 3968 1618 4003 con-

258 4014 356 4058 tin.
381 4014 563 4061 Xxxv.
580 4030 635 4075 p.
652 4014 939 4064 ssu—253.
962 4018 1189 4063 xxxvii.
1213 4030 1264 4076 p.
1284 4016 1619 4066 alt-218.—

259 4076 523 4123 caeterum
539 4084 590 4124 et
614 4079 663 4123 in
686 4079 790 4134 ipsa
810 4081 1029 4137 legitima
1048 4092 1162 4127 suus
1184 4080 1324 4127 heres
1351 4092 1463 4127 cum
1485 4087 1621 4139 pote-

264 4140 444 4183 stativa
477 4141 753 4186 conditione
786 4149 918 4189 recte
939 4143 1229 4189 instituitur.
1253 4168 1313 4177 -
1333 4142 1463 4189 Fein
1486 4146 1539 4189 D.
1558 4147 1620 4191 de

261 4199 372 4246 her.
396 4212 485 4247 suo
503 4202 594 4248 sub
612 4203 759 4249 cond.
798 4206 913 4252 inst.
934 4204 961 4258 ς
979 4202 1059 4251 54.
1085 4207 1154 4250 An
1184 4216 1296 4252 vero
1316 4211 1475 4252 certas
1506 4218 1583 4251 res
1603 4240 1619 4266 ,

262 4264 377 4308 loco
397 4264 642 4319 legitimae
676 4266 921 4324 adsignari
959 4267 1230 4313 necessario
1267 4267 1435 4313 heredi
1458 4269 1624 4323 liceat,

261 4326 395 4371 inter
414 4327 582 4372 doctos
601 4328 895 4384 disputatur.
930 4330 1080 4387 Negat
1102 4325 1261 4376 Gtiick
1294 4331 1393 4377 vll.
1444 4341 1491 4387 p.
1534 4330 1624 4377 107

262 4389 620 4445 sqq—Contra
647 4401 792 4448 quem
815 4393 912 4438 vid.
946 4392 1193 4438 Auctor-ts
1226 4393 1412 4438 contin.
1438 4394 1621 4441 XXXV.

264 4461 316 4508 p.
337 4446 434 4495 528
455 4450 640 4497 —530.
660 4477 713 4485 -
735 4454 811 4499 Cl'.
834 4454 994 4501 Gluclt
1019 4455 1117 4500 vll.
1143 4466 1192 4512 p.
1217 4451 1308 4500 107
1328 4466 1433 4512 sqq.

326 4509 378 4569 6)
410 4512 485 4558 Cf.
508 4516 576 4560 Η.
601 4515 695 4563 W.
720 4515 871 4561 Koch
890 4518 977 4563 ub.
1013 4517 1092 4562 die
1131 4517 1409 4562 socinische
1432 4517 1621 4564 Cautel.

263 4573 424 4620 Gless.
443 4573 582 4623 1780.
606 4581 656 4621 et
675 4578 837 4623 6112ch
857 4579 954 4626 vll.
981 4591 1029 4637 p.
1052 4576 1182 4623 86-
1199 4576 1280 4624 91.
1306 4583 1357 4624 et
1373 4578 1628 4626 Auctoris

265 4636 457 4682 contin.
490 4639 670 4685 xxxv.
713 4651 761 4696 p.
784 4637 1146 4699 55⁴Ssq.-At
1182 4642 1341 4687 simile
1376 4643 1494 4700 quid
1529 4642 1630 4696 jam

265 4698 517 4745 invenitur
539 4701 655 4747 Rom
673 4700 803 4757 jure.
826 4704 879 4750 1..
900 4700 980 4750 ⁴2.
996 4708 1043 4749 et
1059 4704 1112 4749 1..
1136 4700 1313 4779 Φὴρ.
1337 4705 1391 4750 D.
1416 4704 1485 4751 de
1505 4704 1627 4751 bon.

263 4759 434 4807 libert.
461 4758 730 4820 (xxxviii,
752 4764 825 4819 2.)

327 4820 380 4882 7)
416 4824 469 4869 Ι..
489 4822 570 4872 25.
593 4837 669 4884 pr.
693 4827 747 4871 l).
767 4827 819 4872 Ιι.
843 4828 998 4874 t.—1..
1023 4825 1070 4874 4.
1094 4829 1184 4874 Th.
1210 4828 1264 4875 C.
1285 4827 1401 4875 eod.
1418 4830 1496 4888 (tl,
1518 4827 1617 4885 19.)

265 4887 525 4935 -Paulli
542 4892 667 4934 sent.
691 4899 790 4934 rec.
816 4890 894 4936 lv.
921 4890 1018 4937 Tit.
1040 4888 1090 4937 5.
1114 4890 1141 4945 S
1157 4888 1207 4938 7.
1252 4913 1313 4924 --
1352 4893 1449 4937 Gu.
1471 4892 1528 4938 J.
1551 4891 1620 4939 de

262 4948 544 4999 Schleinltz
580 4956 841 4999 comment.
876 4953 937 5000 de
977 4958 1073 5001 act.
1115 4963 1239 5012 quae
1273 4953 1336 5001 ad
1357 4954 1623 5012 legitimam

1695 3208 1840 3254 nibus
1858 3211 1931 3254 vel
1955 3208 2154 3254 dotibus
2164 3210 2387 3257 defuncti
2408 3210 2753 3268 patrimonium
2769 3208 3058 3254 exhaustum

1690 3271 1912 3327 adeoque
1954 3272 2169 3327 legitima
2219 3274 2485 3318 liberorum
2529 3282 2639 3327 pars
2681 3271 2936 3317 imminuta
2976 3276 3056 3317 sit.

1690 3333 1808 3379 Nov.
1833 3333 1914 3378 92.
1940 3357 2000 3366 —
2021 3333 2095 3378 cf.
2116 3345 2259 3391 supra
2281 3337 2307 3390 s
2328 3332 2440 3381 667.
2465 3357 2520 3368 -
2546 3333 2800 3379 Caeterum
2819 3333 2882 3378 de
2904 3344 3058 3379 reme-

1688 3394 1802 3451 diis,
1823 3405 1951 3451 quae
1973 3397 2175 3441 omnino
2198 3401 2476 3453 comparata
2501 3400 2613 3441 sunt
2633 3395 2920 3441 necessariis
2943 3406 3056 3441 suc-

1687 3455 1963 3502 cessoribus
1985 3458 2228 3512 legitimae
2249 3460 2464 3515 nomine,
2489 3469 2711 3516 eoruniq.
2736 3459 2780 3502 vi
2803 3462 2853 3501 et
2874 3456 3052 3503 effectu

1684 3520 1786 3564 vid.
1810 3515 1968 3566 Gtt's'cle
1991 3520 2088 3565 vll.
2115 3520 2141 3574 ς
2166 3518 2278 3567 550.
2302 3527 2352 3568 et
2387 3520 2456 3567 de
2481 3519 2765 3568 Schleinitz
2789 3520 2840 3565 in
2861 3521 3052 3577 reliqua

1685 3586 1950 3627 comment.
1976 3582 2108 3630 laud.
2133 3588 2292 3639 parte.

1746 3641 1798 3696 9)
1831 3644 1975 3701 Sunt,
2016 3646 2100 3701 qui
2124 3651 2299 3691 contra
2321 3646 2534 3691 sentiant
2555 3680 2570 3700 ,
2594 3644 2810 3691 maxime
2845 3647 3049 3701 propter

1681 3707 1828 3752 verba
1853 3707 2106 3763 sequentia
2130 3709 2182 3754 L.
2201 3704 2284 3754 54.
2304 3708 2357 3754 C.
2381 3707 2434 3753 Ιι.
2460 3708 2499 3753 1.
2524 3721 2550 3749 a
2573 3730 2629 3741 -
2655 3730 2713 3740 -ο
2736 3712 2852 3751 tunc
2875 3706 3055 3751 etenim

1680 3767 1950 3814 secundum
1972 3771 2214 3815 novellam
2236 3771 2389 3816 nostri
2402 3770 2616 3816 numinis
2630 3768 3059 3818 constitutionem.

1680 3831 1888 3887 repletio
1909 3836 2112 3888 quartae
2142 3834 2293 3889 partis
2323 3834 2487 3888 nepoti
2521 3837 2743 3889 superest
2759 3863 2776 3887 ‚
2799 3854 2856 3862 —-
2879 3854 2933 3862 —
2952 3829 3059 3879 alsi

1681 3899 1822 3950 pater
1842 3891 2000 3937 adhuc
2023 3899 2266 3949 supera-tes
2290 3897 2363 3940 vet
2386 3894 2661 3952 repudiavit
2679 3896 2949 3951 querelam,
2968 3895 3059 3940 vel

1681 3954 2058 4012 quinquennio
2080 3957 2268 4004 tacuit.
2288 3972 2312 3996 ο
2334 3957 2447 4003 Sed.
2475 3958 2574 4003 vid.
2602 3954 2953 4003 Westenbd).
2970 3956 3053 4003 lv.

1685 4029 1729 4064 c.
1752 4014 1802 4065 4.
1825 4018 1851 4071 s
1873 4016 1932 4064 12
1951 4028 2025 4074 sq.
2046 4040 2106 4052 —-
2130 4018 2450 4065 Pdttmanm'
2471 4019 2672 4076 interpr.
2691 4023 2741 4064 et
2763 4017 2868 4062 obs.
2903 4029 2945 4064 c.
2969 4018 3051 4065 30.

1683 4075 1909 4125 ——Gtiick
1928 4080 2030 4126 vll.
2054 4091 2102 4136 p.
2131 4079 2220 4127 148
2256 4105 2315 4114 ——
2349 4080 2458 4126 152.
2497 4104 2555 4113 —
2588 4076 2845 4127 Auctoris
2865 4082 3052 4126 contin.

1685 4138 2140 4200 xxxvi.p.35-58
2159 4144 2270 4189 coll.
2285 4155 2331 4190 c.
2345 4143 2524 4189 xxxv.
2550 4155 2599 4201 p.
2613 4140 2707 4190 465
2726 4152 2832 4199 sqq.
2851 4139 3059 4198 (Nutu.)

1753 4202 1833 4260 10)
1865 4204 1919 4249 1..
1943 4201 2021 4249 53.
2047 4216 2123 4262 pr.
2148 4206 2201 4250 C.
2225 4205 2277 4251 11.
2302 4207 2339 4252 t.
2362 4229 2417 4237 —-
2435 4206 2546 4251 vid.
2571 4205 2825 4251 Mar-ezod!
2845 4204 2893 4249 in
2926 4205 3055 4250 Zeit-

1691 4264 1823 4312 schr.
1862 4267 1944 4311 ftlr
1964 4266 2128 4312 Civilr.
2152 4279 2202 4313 u.
2226 4269 2362 4312 Proc.
2386 4267 2464 4313 lll.
2489 4268 2570 4312 Νι.
2589 4270 2749 4325 xx.p.
2773 4262 2867 4311 562
2885 4278 3058 4324 sqq.-

1689 4327 1949 4374 Caeterum
1971 4328 2188 4375 mixtam
2211 4341 2313 4375 esse
2338 4328 2464 4375 hanc
2484 4330 2749 4383 actionem,
2772 4329 2877 4375 scil.
2899 4340 2956 4374 ex
2979 4340 3062 4375 ea·

1693 4400 1804 4433 rum
1844 4401 2019 4446 genere
2040 4423 2056 4449 ,
2079 4402 2204 4448 quae
2226 4396 2277 4437 et
2298 4391 2369 4438 rei
2392 4397 2441 4437 et
2465 4402 2648 4448 poenae
2687 4392 3053 4449 persequendae

1693 4461 1842 4496 causa
1864 4460 2176 4508 comparatae
2196 4455 2294 4499 sint
2318 4487 2333 4511 ,
2357 4452 2598 4499 affirmare
2617 4453 2749 4499 haud
2770 4454 2962 4499 dubitat
2985 4452 3055 4499 de

1689 4511 1971 4560 Schleinitz
1992 4516 2023 4559 l.
2051 4516 2085 4560 Ι.
2103 4517 2130 4571 s
2154 4514 2230 4563 11.
2255 4530 2304 4573 p.
2325 4513 2406 4563 5⁴.
2442 4523 2612 4563 contra
2633 4527 2783 4574 quem
2812 4516 2910 4563 vid.
2936 4518 3056 4563 Au-

1691 4576 1859 4623 ctoris
1879 4578 2066 4623 contin.
2089 4579 2299 4625 xxxvl.
2324 4589 2374 4635 p.
2395 4576 2454 4624 27
2476 4590 2586 4637 sqq.

2286 4678 2312 4732 s
2331 4673 2458 4723 2681.

1740 4767 1798 4824 (·)
1832 4768 1951 4815 lust.
1995 4770 2074 4825 (ll,
2098 4770 2196 4825 13.)
2219 4768 2289 4816 de
2307 4767 2722 4816 exheredatione
2763 4768 2972 4818 liberor.
2994 4796 3056 4805 —

1680 4832 1794 4887 nig.
1816 4830 2039 4889 (xlell‚
2058 4832 2127 4889 2.)
2149 4831 2218 4879 de
2253 4832 2430 4880 liberis
2449 4834 2507 4879 et
2519 4831 2815 4888 posthumis
2851 4832 3056 4880 herede·-

1685 4897 1790 4943 bus
1812 4893 2157 4941 instituendis
2177 4894 2268 4941 vel
2281 4893 2692 4942 exstet-edundis.
2718 4919 2775 4927 —
2798 4894 2916 4942 cod.
2941 4897 2957 4952 (
2978 4898 3060 4953 vl,

1681 4956 1785 5013 28.)
1808 4955 2059 5006 deliberis
2067 4958 2372 5016 pmeterms
2391 4956 2481 5007 vel
2495 4956 2861 5019 exheredatis,
2885 4964 2935 5006 et
2955 4958 3058 5016 (vl,
