3544 5506
488 346 563 404 70
1254 356 1404 398 rans
1441 356 1588 400 osu.
1628 357 1747 399 un.
1790 358 1836 398 1.
1878 356 1955 399 ns
1992 356 2167 399 sums
2203 356 2514 399 rom-mus.

489 472 821 550 ejusmodi,
835 487 1001 545 quae
1019 474 1385 543 percertam
1398 481 1475 526 ac
1495 466 1987 525 determinatam
2002 465 2460 523 vocabulorum
2475 462 2601 519 vim
2616 469 2678 520 et
2697 469 3076 535 potestatem
3093 466 3285 525 tribui

494 571 613 628 illis
633 570 822 642 plane
853 569 1192 638 nequeunt
1211 560 1279 636 ⁶).
1321 563 1606 636 Denique
1656 562 1717 636 4)
1744 561 2104 632 generalior
2146 559 2440 618 vocabuli
2460 572 2680 616 sensus
2710 558 3169 630 praeferendus
3190 568 3285 621 est

489 668 837 742 specialiori
868 663 937 738 ⁷),
962 662 1078 722 nisi
1108 665 1208 721 hic
1246 663 1344 720 vel
1401 661 1692 720 usitatior
1736 662 1818 719 sit
1844 657 1915 732 ⁸),
1957 661 2053 718 vel
2103 660 2445 732 verborum
2490 658 3082 731 sententiarumque
3110 661 3285 734 juste

488 769 655 825 inter
691 781 757 824 se
789 764 1252 823 nectendarum
1284 762 1513 819 rationi
1544 761 1741 831 magis
1771 760 2132 818 conveniat.
2182 762 2381 831 Atque
2424 759 2590 814 idem
2620 758 2701 814 de
2726 758 3161 831 propositione
3181 761 3285 817 in-

491 866 746 925 definita
774 865 1113 923 dicendum
1144 877 1280 920 esse
1303 862 1577 933 videtur,
1595 861 1834 919 scilicet
1848 867 1919 917 ut
1942 875 2060 932 pro
2085 857 2366 931 generali
2389 857 2469 915 sit
2505 858 2797 915 habenda
2821 855 2888 932 ⁹),
2935 858 3052 917 nisi
3097 859 3282 918 inex-

488 965 790 1025 tricabilis
810 959 958 1021 inde
974 968 1259 1032 emergat
1275 958 1610 1031 dubitatio,
1632 976 1801 1032 quae
1819 961 1917 1018 vel
1941 974 2198 1019 omnem
2220 958 2518 1030 impediat
2558 956 3155 1031 interpretationem
3184 955 3282 1036 ¹⁰),

490 1062 589 1120 vel
620 1075 748 1118 non
776 1059 962 1126 sinat,
996 1065 1069 1115 ut
1096 1057 1269 1113 intra
1297 1060 1510 1113 certos
1540 1055 1696 1112 tines
1720 1056 2143 1112 concludatur
2168 1054 2376 1112 oratio
2409 1051 2501 1124 ιι).
2545 1053 2724 1128 Quod
2758 1048 2807 1110 si
2848 1053 3036 1123 igitur
3061 1054 3291 1111 harum

489 1161 855 1231 regularum
882 1173 1002 1216 usu
1025 1162 1134 1214 aut
1156 1170 1286 1213 non
1317 1155 1692 1213 commodus
1713 1168 1933 1213 sensus
1963 1155 2101 1213 erui
2119 1159 2350 1226 potest,
2377 1157 2490 1210 aut
2519 1153 2863 1210 verborum
2905 1153 3285 1224 ambiguita-

495 1263 588 1314 tes
621 1254 756 1313 tolli
785 1255 1133 1325 nequeunt,
1168 1257 1304 1308 tum
1328 1249 1586 1307 aliunde
1625 1250 2083 1323 interpretandi
2147 1250 2459 1308 rationem
2493 1262 2631 1307 esse
2661 1251 3003 1321 petendam
3035 1249 3287 1322 ,iudica-

494 1350 725 1411 bimus.

740 1540 767 1613 §
790 1540 890 1597 61.
920 1552 977 1613 o)
995 1537 1215 1609 Loqica
1252 1535 1679 1610 interpretatio
1695 1578 1709 1595 .
1732 1551 1786 1614 α)
1812 1540 2204 1610 Comparatio
2228 1541 2565 1600 verborum
2592 1543 2650 1596 et
2682 1545 3051 1602 sententiae.

580 1716 751 1800 Legis
773 1715 1086 1779 sententia
1116 1719 1209 1776 vel
1238 1714 1428 1777 latior
1472 1724 1567 1776 est
1609 1720 1958 1778 verborum
1981 1736 2194 1789 sensu,
2240 1722 2341 1778 vel
2371 1714 2725 1795 angustior,
2791 1722 2887 1778 vel
2921 1722 3004 1779 ab
3048 1734 3130 1779 eo
3154 1735 3282 1779 non

497 1813 837 1891 discrepat.
867 1813 927 1874 Si
954 1811 1142 1875 latior
1160 1821 1257 1873 est
1279 1858 1295 1886 ,
1323 1829 1543 1872 sensus
1577 1808 1839 1873 literalis
1866 1811 2249 1888 producitur
2268 1858 2284 1885 ,
2321 1832 2515 1889 quam
2545 1813 2770 1875 dicunt
2802 1812 3283 1891 interpretatio-

496 1929 646 1971 nem
692 1906 1103 1970 extensivam.
1155 1905 1258 1968 Sin
1308 1904 1676 1981 angustior,
1735 1907 2212 1982 restringuntur
2267 1914 2464 1970 verba
2494 1959 2510 1986 ‚
2559 1909 2599 1970 i.
2653 1929 2714 1973 e.
2768 1915 2851 1971 ad
2900 1909 3285 1971 sententiam

495 2018 898 2079 revocantur,
944 2012 1115 2070 unde
1158 2005 1602 2081 interpretatio
1647 2007 2003 2069 restrictiva
2044 2014 2384 2085 appellata.
2426 2013 2606 2088 Quod
2629 2008 2679 2070 si
2708 2013 2879 2069 haud
2918 2007 3289 2085 discrepare

496 2103 648 2179 legis
677 2103 1059 2166 sententiam
1112 2122 1150 2163 a
1187 2101 1426 2178 scripto
1466 2112 1800 2177 appareat,
1846 2112 1982 2163 tum
2025 2114 2140 2165 aut
2167 2102 2320 2165 nihil
2370 2103 2432 2165 in
2463 2110 2603 2179 lege
2636 2103 2840 2167 inesse
2874 2103 3290 2166 dubitationis

496 2201 777 2263 dicemus
797 2246 812 2272 ‚
849 2210 961 2260 aut
985 2204 1308 2276 quomodo
1334 2197 1458 2258 sint
1480 2202 1897 2260 resolvendae
1920 2203 2270 2261 verborum
2295 2210 2359 2262 et
2387 2199 2792 2275 singulorum
2825 2212 2890 2263 et
2908 2205 3292 2278 conjuncto-

496 2316 642 2357 rum
665 2295 1107 2371 ambiguitates
1134 2298 1564 2363 ostendemus,
1597 2302 1746 2370 aut,
1780 2313 1946 2369 quae
1970 2293 2365 2369 singulorum
2404 2295 2891 2358 enuntiatorum
2917 2294 2997 2356 sit
3028 2294 3288 2371 propria

495 2400 740 2458 indoles
767 2394 1243 2473 explicabimus,
1295 2403 1359 2454 et
1388 2393 1642 2455 cuinam
1701 2398 2005 2470 quodque
2043 2393 2453 2456 tribuendum
2491 2396 2741 2457 auctori
2786 2402 2842 2474 (§
2869 2398 2968 2457 55.
3014 2401 3110 2457 Nr.
3164 2400 3286 2464 lv).

496 2500 749 2555 Constat
773 2501 987 2552 autem
1005 2489 1322 2552 sententia
1356 2510 1407 2553 s.
1440 2511 1620 2553 mens
1639 2495 1679 2556 ¹)
1704 2489 1859 2564 legis
1892 2509 1967 2551 ex
1997 2488 2092 2552 his
2126 2495 2376 2552 duobus
2404 2510 2420 2550 ε
2449 2490 2758 2566 primum,
2795 2499 3175 2565 argumento
3196 2492 3288 2550 le-

500 2589 662 2666 gali,
700 2608 906 2666 eoque
930 2638 945 2663 ,
969 2594 1141 2665 quod
1163 2607 1237 2650 ex
1264 2593 1385 2652 hoc
1410 2600 1631 2666 aptum
1661 2595 1922 2667 pendet;
1947 2589 2177 2652 deinde
2202 2638 2219 2670 ,
2245 2589 2461 2666 scripti
2489 2589 2742 2653 ratione
2765 2637 2781 2665 ‚
2806 2594 3110 2667 quodque
3139 2587 3288 2649 huic

498 2698 595 2751 est
609 2707 1027 2766 consequens.
1054 2695 1509 2765 Argumentum
1526 2695 1727 2768 legale
1738 2709 2042 2752 vocamus
2055 2689 2217 2768 juris
2238 2699 2674 2769 praeceptum,
2692 2694 2774 2751 de
2795 2707 2925 2766 quo
2941 2688 3289 2751 sanciendo

498 2785 795 2866 cogitavit
849 2784 1190 2860 legislator.
1264 2785 1440 2861 Legis
1501 2797 1719 2849 autem
1770 2786 2086 2849 rationem
2150 2786 2553 2862 intelligimus
2610 2784 2992 2862 principium
3047 2784 3228 2862 illud,
3254 2803 3292 2846 e

501 2899 656 2958 quo,
689 2891 1017 2957 tamquam
1042 2899 1078 2942 e
1103 2884 1240 2954 lege
1272 2886 1550 2955 quadam
1564 2881 1915 2959 superiore,
1942 2887 2042 2945 lex
2063 2882 2279 2959 aliqua
2302 2884 2587 2958 profecta
2615 2892 2712 2944 est
2738 2903 2755 2961 ;
2782 2882 2885 2944 cui
2907 2886 3290 2958 plerumque

497 2979 842 3052 respondet
903 2974 1279 3051 legislatoris
1322 2975 1657 3039 consilium
1688 3023 1704 3050 ,
1750 2983 1929 3053 quod
2002 2977 2120 3040 sibi
2160 2988 2588 3054 proposuerat
2649 2981 3172 3054 consequendum
3225 2975 3289 3044 ²).

498 3078 714 3150 Neque
728 3091 881 3133 vero
904 3090 1050 3133 cum
1081 3070 1175 3133 his
1220 3072 1729 3136 commiscendae
1769 3084 1921 3136 sunt
1963 3073 2276 3151 ejusmodi
2300 3073 2579 3136 rationes
2601 3117 2618 3148 ,
2647 3073 2875 3151 quibus
2922 3072 2986 3133 in
3030 3069 3291 3146 singulis

499 3170 704 3232 causis
725 3169 1141 3248 dijudicandis
1173 3173 1269 3231 usi
1298 3181 1448 3232 sunt
1474 3172 1636 3249 juris
1661 3172 1866 3235 nostri
1893 3184 2214 3247 auctores,
2252 3173 2490 3251 quippe
2511 3193 2676 3250 quae
2701 3173 2764 3234 in
2793 3181 3290 3250 praeceptorum

491 3268 655 3347 juris
700 3288 967 3330 numero
1014 3267 1244 3330 merito
1299 3272 1655 3344 habendae,
1704 3277 1999 3348 adeoque
2036 3277 2118 3333 ad
2162 3270 2370 3349 ipsum
2415 3283 2860 3347 argumentum
2909 3273 3292 3332 referendae

498 3372 698 3450 legale
734 3367 858 3430 sint
884 3368 945 3441 3).
994 3368 1135 3428 Jam
1190 3366 1381 3442 igitur
1409 3374 1642 3447 duplex
1687 3371 1812 3433 erit
1854 3370 2120 3432 rationis
2185 3374 2337 3446 legis
2384 3371 2449 3433 in
2508 3371 2749 3446 legibus
2789 3372 3289 3445 interpretandis

502 3484 652 3528 usus
689 3464 760 3533 ⁴).
794 3470 985 3541 Alter,
1010 3463 1120 3542 qui
1147 3464 1211 3526 in
1239 3479 1615 3543 argumento
1647 3469 1838 3544 legali
1860 3476 2146 3532 eruendo
2174 3474 2395 3533 itidem
2418 3481 2745 3541 versatur,
2777 3480 3026 3531 tantum
3071 3470 3280 3539 valet,

564 3641 613 3702 6)
637 3644 689 3691 1..
709 3642 757 3692 7.
778 3647 866 3704 §2-
889 3648 942 3692 D.
968 3645 1036 3694 de
1054 3650 1236 3706 supell.
1260 3650 1538 3710 [οφ-ιβ.
1560 3654 1613 3699 D.
1637 3653 1704 3700 de
1731 3655 1842 3701 reb.
1909 3656 1962 3701 1..
2018 3652 2098 3702 50.
2132 3658 2158 3712 s
2199 3653 2246 3702 ⁴.
2289 3657 2342 3703 D.
2384 3656 2452 3702 de
2493 3652 2940 3712 fideicommissar.
2989 3649 3287 3698 liber-talib-

498 3704 623 3757 dub.
648 3709 850 3765 (xxxtv
875 3742 890 3767 ,
912 3707 1223 3771 5.)—-Lanqe
1246 3714 1278 3759 Ι.
1303 3717 1335 3760 l.
1355 3718 1380 3770 S
1399 3714 1479 3762 46.
1500 3721 1603 3762 not.
1625 3729 1669 3763 c.
1913 3719 2028 3775 (xL,
2049 3714 2502 3772 5.)—Cf.Brisson.
2527 3720 2587 3763 de
2607 3720 2662 3764 V.
2685 3718 2733 3761 S.
2760 3728 2875 3763 voce
2895 3725 3045 3760 mens
3066 3716 3092 3769 ς
3115 3711 3162 3758 4.

562 3771 678 3829 7)1,.
706 3772 749 3816 1.
778 3769 872 3827 εὖ.
895 3773 949 3817 D.
973 3773 1039 3819 de
1060 3774 1398 3834 aleator.(xl,
1420 3777 1604 3834 5.)-—1..
1624 3776 1673 3824 8.
1710 3780 1763 3824 D.
1786 3776 1854 3824 de
1979 3780 2026 3833 2)
2046 3781 2111 3825 De
2146 3782 2290 3826 variis
2333 3782 2475 3837 huius
2508 3780 2727 3825 vocabuli
2758 3776 3198 3836 significationibus
3236 3787 3286 3821 v.

497 3847 664 3895 auro,
686 3837 925 3896 arqento,
952 3839 1052 3881 etc.
1074 3835 1275 3894 leqaeis.
1290 3841 1514 3897 (xxxii',
1535 3840 1719 3897 2.)-1..
1744 3842 1855 3885 22⁰.
1924 3841 2147 3889 Tlu'baut
2169 3845 2200 3888 l.
2225 3846 2258 3889 t.
2282 3847 2307 3900 ς
2329 3840 2748 3894 lss.-—Huseland
2767 3843 2800 3886 l.
2826 3853 2866 3885 c.
2894 3852 2942 3895 p.
2964 3836 3025 3884 15
3046 3862 3102 3869 -
3125 3836 3208 3884 25.

498 3902 526 3955 s
547 3900 592 3945 1.
615 3899 671 3943 D.
694 3896 762 3942 de
784 3898 855 3944 V.
867 3899 919 3942 S.
944 3921 1000 3929 -
1024 3899 1142 3943 Hinc
1163 3903 1468 3957 proverbium
1510 3904 1638 3948 istud
1677 3904 1856 3949 decan·
1979 3903 2028 3961 5)
2062 3908 2171 3961 Arg.
2214 3905 2475 3953 Ciceronis
2495 3917 2568 3950 or.
2611 3903 2815 3960 Philipp.
2861 3903 2940 3948 lx.
2983 3912 3029 3945 c.
3077 3900 3123 3946 1.
3163 3902 3212 3944 in
3247 3900 3289 3946 f.

498 3967 655 4006 ²³⁸⁰OE
681 3975 692 4004 ²
715 3961 847 4018 Εθθθ
882 3971 989 4007 '¹⁰71
1013 3960 1367 4021 dt‘SIinyuente
1389 3976 1488 4012 nec
1510 3968 1753 4011 nostrum
1776 3968 1857 4011 est
1918 3965 1935 4023 (
1958 3969 2096 4012 «Non
2129 3971 2350 4025 exempla
2374 3972 2614 4023 majorum
2650 3964 2948 4022 quaerenda,
2986 3962 3072 4007 sed
3114 3962 3286 4007 consi-

498 4023 835 4080 dffll'wvere·
1920 4029 2041 4074 lium
2064 4034 2138 4074 est
2155 4041 2346 4089 eorum,
2362 4042 2496 4088 aquo
2508 4031 2610 4086 ipsa
2623 4029 2844 4084 exempla
2856 4030 2966 4071 nata
2979 4027 3113 4081 sunt,
3125 4025 3291 4081 expli-

565 4083 612 4142 8)
635 4086 775 4130 Velut
816 4088 868 4132 in
886 4088 939 4134 L.
958 4084 1006 4133 7.
1031 4088 1057 4142 S
1076 4084 1124 4133 5.
1147 4086 1222 4133 ad
1237 4090 1339 4137 Set.
1361 4092 1497 4137 Mac.
1542 4091 1588 4147 (u
1613 4089 1758 4135 verba
1780 4089 1853 4136 vi-
1921 4092 2304 4148 candum.n)-Cf.
2325 4097 2349 4150 ς
2372 4092 2451 4140 45.
2486 4097 2533 4136 et
2555 4092 2580 4145 S
2602 4088 3146 4136 (57.n1·.1.—caeterum
3167 4086 3295 4133 nihil

502 4146 680 4192 dentur
699 4148 816 4193 mihi
831 4150 892 4194 ad
914 4154 1252 4197 numeratam
1272 4154 1551 4207 pecuniam
1573 4151 1766 4210 referri3
1785 4153 1854 4197 ait
1915 4159 2135 4201 mutatur
2153 4157 2272 4212 legis
2289 4156 2505 4211 rationis,
2526 4165 2651 4212 quae
2668 4153 2858 4211 proprie
2872 4151 3288 4207 dicitur,natura‚

501 4211 633 4255 enim
685 4208 912 4256 Senatus:
939 4218 1156 4258 mutuam
1204 4217 1485 4270 pecuniam
1541 4216 1768 4261 dedisset.
1791 4216 1852 4272 ι»)
1916 4217 2079 4261 sivein
2104 4218 2204 4275 ipsa
2229 4219 2332 4275 lege
2352 4217 2588 4275 exposita,
2625 4218 2723 4261 sive
2763 4214 3061 4271 argumentis
3082 4212 3292 4257 aliunde

502 4271 618 4316 -lu
643 4267 751 4317 ¹95·
770 4274 795 4327 S
813 4272 860 4317 2·
881 4275 932 4318 D·
953 4274 1018 4319 de
1040 4277 1109 4321 V.
1128 4278 1179 4322 S·
1916 4278 2149 4324 adsumtis
2167 4281 2382 4327 eruenda
2401 4281 2480 4335 sit,
2502 4279 2732 4336 itemque,
2761 4278 2861 4322 sive
2885 4276 3052 4332 regula
3072 4275 3134 4319 sit
3157 4273 3293 4328 eius·

566 4330 614 4389 9)
638 4334 689 4379 Ι..
726 4332 802 4378 25.
828 4336 881 4380 D.
901 4336 968 4381 de
988 4339 1134 4384 Serv.
1143 4351 1228 4395 pr.
1248 4340 1364 4388 urb.
1390 4340 1529 4400 (Vllt,
1551 4339 1619 4395 2.)
1915 4341 2069 4397 modi,
2085 4353 2210 4399 quae
2231 4344 2333 4401 ipsa
2353 4348 2406 4388 ut
2420 4342 2540 4396 juris
2560 4346 2871 4399 praeceptum
2892 4337 3069 4384 sanciri
3094 4336 3291 4395 potuis-

570 4396 806 4451 ¹⁰)V2111‘
826 4397 874 4440 ⁶¹¹
896 4401 1126 4453 “emistis
1148 4434 1162 4457 ,
1195 4416 1320 4461 quae
1353 4407 1404 4450 Ι..
1425 4404 1504 4450 21.
1537 4407 1561 4460 ς
1603 4403 1647 4447 1.
1685 4405 1739 4449 D.
1762 4400 1856 4461 qui
1917 4408 1991 4448 set
2012 4408 2160 4461 atque
2177 4405 2408 4451 constitui
2431 4439 2447 4462 ‚
2469 4404 2569 4448 sive
2589 4415 2648 4448 ex
2668 4409 2986 4461 personarum
3008 4405 3095 4445 aut
3118 4408 3293 4444 rerum

505 4460 625 4503 lesl-
648 4456 1005 4513 [namnum
1023 4460 1246 4526 (xxvm,
1269 4468 1336 4525 1.)
1369 4473 1418 4513 et
1434 4468 1487 4514 L.
1506 4465 1586 4513 59.
1611 4464 1703 4523 86.
1718 4464 1857 4512 [λάε
1919 4465 2198 4512 conditione
2237 4467 2446 4513 naturali
2479 4466 2651 4523 petita,
2684 4475 2782 4523 quo
2817 4474 2877 4508 ex
2915 4473 3095 4519 genere
3139 4471 3294 4519 supra

502 4521 662 4579 ¹39⁰&
681 4522 719 4566 ¹·
741 4526 1092 4579 ΡΙὌΡΟΠΠΜἪ-
1922 4529 1964 4582 (S
1979 4524 2058 4573 44.
2083 4535 2183 4574 not.
2207 4525 2278 4585 5.)
2299 4529 2518 4585 exempla
2537 4528 2781 4583 quaedam
2809 4527 2996 4583 prolata
3015 4528 3153 4582 sunt,
3174 4523 3292 4581 qui-

571 4583 647 4640 11)
668 4593 713 4627 e.
751 4594 825 4639 gr.
848 4585 896 4629 in
915 4584 965 4628 L.
989 4581 1037 4629 5.
1061 4587 1117 4631 D.
1155 4585 1203 4634 si
1226 4602 1358 4647 pars
1410 4590 1632 4639 ltere-dit.
1682 4592 1855 4648 petat.
1921 4588 2011 4634 bus
2043 4591 2266 4639 addenda
2308 4593 2364 4641 1..
2395 4589 2442 4637 9.
2478 4591 2519 4646 ς.
2561 4589 2610 4633 2.
2649 4590 2702 4636 D.
2750 4588 2818 4634 de
2869 4585 3116 4635 coner-ali.
3161 4587 3291 4633 emt.

514 4644 594 4705 (v,
613 4642 692 4701 4.)
714 4668 776 4678 —
794 4646 909 4693 Nov,
933 4643 1042 4692 107.
1070 4658 1116 4693 c.
1139 4648 1186 4695 1.
1932 4651 2118 4709 (xvlll,
2140 4654 2207 4712 1.)

1122 4740 1249 4797 36¹·
1993 4715 2040 4772 4)
2073 4717 2133 4761 At
2168 4717 2435 4773 rationum,
2456 4725 2483 4758 e
2503 4712 2685 4771 quibus
2713 4711 2958 4773 proiectae
2991 4710 3089 4756 sint
3126 4710 3294 4767 leges,

1931 4776 2030 4823 vim
2050 4789 2152 4825 esse
2173 4780 2385 4837 aliquam
2403 4782 2546 4835 atque
2589 4777 2643 4821 in
2678 4776 2863 4834 legibus
2904 4771 3295 4830 interpretandis

570 4830 616 4888 ¹)
638 4830 689 4877 L·
723 4827 804 4880 32·
844 4835 871 4890 S
890 4830 971 4880 16.
1047 4867 1060 4882 .
1094 4832 1163 4883 de
1194 4835 1317 4885 don.
1353 4840 1449 4888 int.
1485 4840 1585 4889 vir.
1618 4843 1674 4886 et
1704 4852 1864 4891 uxor.
1928 4851 2091 4900 usum,
2111 4842 2310 4889 omnino
2331 4846 2462 4896 sunt,
2479 4837 2561 4896 qui
2584 4843 2783 4895 negent,
2807 4838 2936 4882 velut
2961 4837 3012 4882 C.
3036 4836 3093 4881 J.
3117 4837 3297 4890 Gay-et

509 4895 527 4953 (
548 4894 714 4953 xxiv,
733 4894 871 4954 1.)-
890 4897 943 4946 1..
1042 4930 1055 4943 .
1075 4898 1129 4944 D.
1150 4901 1245 4949 801.
1278 4906 1503 4954 matrim.
1527 4904 1712 4963 (xxiv,
1723 4900 1867 4962 δ.)-
1928 4903 2145 4951 ΔΜΜΙΜ
2165 4903 2425 4951 d.Gebiete
2438 4893 3305 4958 descivitr.(}leidelb.1829.)Ni-.vll.
