3544 5506
1483 358 1934 405 nuum'rtm.
3068 373 3152 418 XV

472 455 529 589 ἃ)
553 459 866 538 Restituendi
888 457 1156 539 obligatio.
1179 468 1208 524 ς
1231 464 1351 540 755.

472 525 507 574 3
552 524 679 584 Quid
704 538 755 576 ιιι
780 529 1161 580 restitutionem
1177 532 1369 581 veniat.
1387 535 1415 592 ς
1434 529 1554 581 756.

469 604 521 663 4)
535 605 767 663 Quonam
780 604 897 668 jure
913 604 1159 658 adversus
1180 605 1492 661 fideicomm·
1510 611 1691 664 utatur

538 683 856 735 fiduciarius.

532 766 585 832 a)
608 770 903 822 summatim
924 772 1222 833 exponitur.
1242 778 1269 833 ς
1293 773 1410 826 757.

529 846 583 907 b)
615 851 682 898 De
702 852 887 912 quarta
911 848 1166 902 bonorum
1189 854 1355 915 parte,
1379 863 1534 918 quam
1554 854 1684 905 Tre·

594 927 867 981 bellianam
900 931 1059 996 vulgo
1097 933 1291 985 vocant
1311 968 1328 999 ,
1364 933 1682 986 deductione.

270 1103 377 1143 τιτ.
399 1104 477 1143 iv.
503 1094 572 1145 De
590 1009 771 1144 ιςιιέῗῑὸἰὲ
786 1106 942 1145 eausa
962 1094 1283 1159 capionibus.

333 1175 370 1228 l.
390 1177 570 1228 Hortis
609 1190 765 1229 eausa
807 1180 1036 1242 capionis
1077 1180 1225 1231 notio
1263 1181 1321 1233 et
1356 1181 1611 1247 generalis
1631 1187 1686 1236 et

398 1256 629 1319 specialis
647 1257 950 1321 explicatur.
984 1261 1010 1315 s
1023 1259 1150 1311 759.

332 1335 396 1387 11.
417 1335 597 1386 Hortis
619 1349 773 1388 eausa
799 1337 1028 1390 donatio.

398 1422 456 1467 A.
481 1416 601 1480 EJ’us
621 1419 763 1469 notio
784 1422 836 1469 et
861 1418 1073 1471 indoles.
1098 1424 1124 1479 ς
1146 1423 1262 1472 760.

400 1499 456 1549 Β.
480 1499 732 1550 Personae
768 1502 817 1550 et
836 1511 936 1562 res,
960 1501 1015 1550 in
1038 1501 1223 1565 quibus
1247 1505 1479 1556 versetur
1502 1503 1679 1569 hujus·

462 1581 604 1633 modi
629 1580 854 1634 donatio.
878 1587 905 1641 s
932 1586 1049 1636 761.

392 1665 450 1716 c.
474 1665 547 1716 De
567 1665 732 1716 forma
755 1665 808 1716 in
828 1679 901 1718 m.
915 1678 963 1718 e.
987 1666 1350 1721 donationibus
1372 1669 1679 1722 adhibenda.

461 1749 490 1804 ς
515 1747 630 1797 769.

396 1824 454 1874 Β.
475 1825 651 1875 Mortis
665 1835 819 1876 eausa
829 1823 1165 1879 donationum
1180 1826 1262 1882 vis
1275 1831 1430 1895 atquo
1444 1832 1675 1885 effeetus.

462 1909 493 1964 ς
515 1907 635 1956 763.

265 2017 457 2060 cunr
485 2018 576 2060 w.
616 2005 705 2060 De
741 2005 952 2062 causis
968 2007 1142 2069 juris
1174 2008 1544 2067 succedendi
1554 2012 1680 2069 vim

416 2094 514 2149 vel
534 2093 1001 2165 impedientibus
1039 2098 1138 2155 vel
1158 2099 1523 2157 tollentibus.

276 2199 572 2263 Argumenti
594 2198 917 2253 adumbratio
938 2205 992 2253 et
1018 2203 1175 2253 totius
1214 2203 1315 2255 loci
1360 2205 1673 2258 constitutio.

397 2284 425 2339 ς
444 2281 562 2332 764.

336 2361 378 2415 1.
413 2365 711 2428 causarum,
735 2377 864 2429 quae
882 2366 1013 2417 eitra
1036 2364 1410 2419 honoratorum
1434 2365 1674 2418 volunta-

462 2451 561 2496 tem
586 2445 668 2508 jus
689 2447 989 2501 succedendi
1013 2447 1319 2511 impediunt,

394 2531 453 2578 A.
485 2530 767 2581 summaria
805 2529 1143 2593 descriptio.S
1180 2531 1291 2580 765.
1313 2530 1543 2593 Itemque

399 2609 452 2660 B.
486 2607 548 2660 de
566 2609 666 2670 his,
689 2622 818 2674 quae
854 2622 959 2661 non
975 2609 1093 2674 jure
1133 2610 1493 2674 relinquuntur
1517 2611 1674 2660 testa·

428 2682 617 2752 mento,
636 2697 962 2758 praeoeptum
977 2691 1234 2757 generale.
1249 2691 1551 2757 (catoniana
1584 2703 1673 2742 re-

428 2770 593 2837 gula.)
613 2779 640 2834 ς
656 2777 777 2826 766.

398 2856 453 2906 c.
487 2854 789 2919 Singulatim

450 2931 499 2997 1)
532 2934 597 2985 de
618 2935 754 2985 vitiis
774 2935 1195 2986 testamentorum
1210 2972 1226 2997 ‚
1251 2933 1413 2997 iisque

524 3021 575 3078 a)
606 3021 697 3067 aut
718 3030 780 3068 ex
811 3028 1147 3081 personarum
1175 3015 1468 3067 conditione
1489 3017 1581 3067 aut
1612 3027 1677 3068 ex

474 3112 481 3121 ·
584 3097 869 3148 voluntatis
883 3096 1083 3147 deiectu
1112 3095 1473 3157 impertectove
1514 3097 1675 3146 testa-

589 3179 718 3229 toris
743 3178 937 3235 iudicio
979 3176 1224 3229 oriundis.
1248 3181 1274 3235 ς
1297 3179 1411 3226 767.

523 3254 579 3319 b)
613 3257 683 3305 De
703 3256 1039 3319 testamentis,
1059 3266 1191 3319 quae
1214 3266 1319 3304 non
1332 3253 1450 3316 jure
1469 3252 1674 3305 condita

589 3340 729 3387 sunt.
753 3342 779 3396 s
811 3340 923 3386 768.

524 3425 573 3483 e)
584 3423 655 3472 De
674 3422 1011 3485 testamentis,
1027 3419 1211 3484 quibus
1224 3419 1308 3482 jus
1321 3430 1671 3470 successorum

589 3502 994 3554 necessariorum
1058 3500 1340 3560 neglectum
1396 3498 1669 3550 invenitur.

657 3577 716 3646 α)
750 3580 956 3633 Nullum
994 3580 1033 3628 t.
1063 3591 1126 3629 ex
1168 3578 1284 3642 jure
1312 3576 1448 3628 oivill
1471 3610 1488 3639 ,
1510 3587 1672 3641 eoque

710 3661 944 3724 antiquo,
965 3664 1023 3710 ut
1039 3661 1247 3711 vocant.
1281 3661 1307 3716 ς
1329 3657 1444 3708 769.

657 3743 715 3808 β)
752 3744 822 3793 De
849 3745 980 3804 test„
1005 3752 1136 3805 quae
1155 3740 1418 3791 Praetorio
1436 3737 1555 3802 jure
1586 3749 1669 3790 re·

723 3824 1049 3875 scinduntur.
1076 3824 1103 3879 ς
1123 3823 1241 3874 770.

657 3908 706 3968 γ)
740 3907 811 3956 De
850 3905 1136 3956 inofficioso
1174 3906 1480 3954 testamento
1500 3936 1517 3968 ,
1547 3901 1660 3953 scil.

719 4001 783 4041 ex
803 4000 865 4040 eo
895 3988 1027 4052 jure,
1072 3986 1212 4051 quod
1237 3988 1359 4038 ante
1393 3984 1526 4038 Nov.
1550 3985 1663 4038 115.

725 4068 843 4119 (3.3.
867 4072 920 4119 et
951 4066 1002 4118 4.
1027 4064 1308 4117 obtinebat.

777 4150 864 4218 αα)
898 4151 1049 4204 Notio
1093 4153 1146 4201 et
1183 4161 1464 4213 personae,
1487 4146 1669 4213 quibus

855 4234 999 4296 queri
1045 4232 1161 4283 licet
1181 4229 1246 4282 de
1277 4230 1559 4284 inofficioso
1589 4235 1668 4281 te-

860 4318 1127 4366 stamento.
1155 4314 1182 4369 S
1204 4317 1316 4364 771.

2269 470 2364 538 pp)
2402 473 2644 532 Querelao
2687 473 2750 527 de
2789 477 2980 530 inoffle.
3031 482 3151 534 test.

2326 552 2544 614 indoles,
2571 556 2650 605 vis
2671 559 2725 607 et
2743 549 3147 622 potestas,s7⁷2.

2277 633 2355 696 ῃ)
2387 635 2577 694 Quibus
2590 649 2653 688 ex
2664 640 2828 691 eausls
2846 641 3152 706 impediatur

2323 715 2517 769 inoffie.
2563 722 2679 769 test.
2709 726 2933 783 querela.
2980 728 3008 782 ς
3031 727 3148 779 773.

2263 791 2346 856 δδ)
2358 798 2429 847 De
2441 796 2694 860 adjunctis
2709 804 3143 864 querelaeinoffle.

2326 879 2619 928 testamenti
2644 896 2657 929 ε
2685 884 2738 930 et
2776 881 3071 936 donationis
3094 891 3148 939 et

2320 957 2460 1009 dotis
2515 961 2828 1016 inofficiosae
2905 970 3142 1030 querelis.

2323 1043 2350 1097 S
2375 1041 2491 1093 7⁷⁴.

2136 1117 2187 1185 ὃ)
2220 1124 2359 1175 ,luris
2382 1123 2443 1177 de
2474 1131 2873 1183 necessariorum
2887 1146 3145 1190 suceesso-

2189 1218 2307 1257 rum
2346 1209 2581 1261 remediis
2602 1224 2695 1275 per
2717 1213 2849 1265 Nov.
2885 1218 3002 1269 115.
3027 1199 3072 1271 α’.
3094 1225 3145 1271 5.

2189 1289 2242 1338 et
2265 1290 2311 1337 4.
2336 1291 2565 1341 mutatio.
2978 1317 2984 1326 ·

2254 1364 2344 1427 αα)
2379 1367 2559 1418 variae
2602 1368 2664 1420 de
2687 1370 2808 1432 legis
2838 1382 3145 1439 argumento

2313 1447 2577 1509 opiniones
2592 1462 2964 1515 proponuntur.
2981 1463 3008 1518 ς
3019 1459 3140 1513 775.

2239 1529 2331 1591 pp)
2365 1528 2677 1582 Probabilior
2697 1537 2957 1588 sententia
2993 1539 3141 1594 affer-

2316 1614 2420 1660 tur.
2449 1614 2475 1668 s
2498 1613 2616 1663 776.

1924 1689 1975 1751 2)
2008 1692 2462 1743 nesuecessionnm
2484 1694 2872 1762 impedimentis,
2892 1713 3022 1765 quae
3032 1716 3140 1757 non

1977 1783 2041 1821 ex
2061 1772 2199 1821 vitiis
2222 1772 2622 1835 proficiscuntur
2654 1776 2719 1827 ab
2753 1779 2905 1833 initio
2949 1783 3142 1839 adbae-

1977 1851 2206 1905 rentibus
2229 1856 2550 1936 testamento.

2021 1949 2071 2009 a)
2104 1952 2174 2002 De
2193 1951 2341 2003 irrito
2362 1953 2498 2004 facto
2526 1956 2846 2010 testamento.
2872 1965 2901 2020 ς
2921 1961 3037 2015 777.

2020 2029 2077 2096 b)
2110 2033 2182 2082 De
2226 2033 2597 2097 impedimentis
2639 2038 2769 2102 juris
2807 2044 3139 2111 succedendi,

2086 2122 2218 2173 quae
2261 2124 2321 2162 ex
2361 2113 2518 2175 ipsius
2575 2120 2884 2171 successoris
2917 2133 3138 2185 persona

2087 2191 2348 2242 eveniunt.
2377 2196 2405 2249 s
2426 2192 2544 2244 778.

2022 2268 2068 2328 e)
2104 2273 2172 2320 De
2188 2274 2340 2333 rupto
2373 2275 2680 2325 testamento

2084 2355 2138 2413 α)
2175 2357 2397 2417 postumi
2421 2358 2711 2420 agnatione.
2739 2365 2766 2419 s
2785 2362 2903 2414 779.

2086 2434 2141 2497 β)
2173 2435 2367 2485 Mutata
2392 2438 2649 2489 testatoris
2671 2441 2932 2497 voluntate
2950 2484 2967 2511 ,

2147 2518 2239 2578 αα)
2261 2517 2396 2567 eirea
2410 2517 2708 2572 universam
2720 2526 3007 2581 testamenti
3017 2543 3135 2585 eau-

2220 2609 2350 2648 sam.
2386 2605 2412 2659 ς
2439 2601 2556 2651 780.

2149 2677 2241 2741 ββ)
2274 2677 2575 2741 Singulatim
2601 2693 2617 2730 ε
2643 2687 2898 2746 quomodo
2908 2690 3135 2747 adiman-

2213 2762 2297 2811 tur
2318 2759 2505 2824 legata.
2529 2769 2556 2822 s
2576 2766 2691 2817 781.

1923 2842 1977 2903 5)
2007 2840 2078 2890 De
2096 2840 2197 2903 his,
2212 2840 2394 2904 quibus
2416 2847 2474 2892 ut
2495 2844 2717 2909 indignis
2736 2851 3021 2914 eripiuntur
3042 2858 3131 2912 lie·

1985 2920 2224 2970 reditates
2246 2921 2326 2971 vel
2357 2921 2545 2985 legata.
2570 2928 2597 2982 s
2621 2930 2735 2979 782.

1789 2998 1854 3050 11.
1873 2999 2199 3051 voluntariae
2212 3004 2590 3057 successionum
2603 3008 2938 3068 tollendarum
2951 3030 3132 3074 causae

1855 3084 1909 3132 A.
1952 3084 2231 3136 universim
2255 3084 2627 3140 describuntur.
2651 3096 2678 3151 ς
2698 3094 2812 3145 783.

1854 3165 1910 3215 B.
1941 3164 2244 3228 Singulatim
2272 3167 2333 3217 de
2357 3167 2719 3223 hereditatibus
2764 3177 3090 3240 repudiandis
3110 3222 3128 3249 ,

1918 3246 2070 3309 atque
2092 3248 2340 3310 imprimis

1919 3326 1967 3383 1)
2002 3326 2063 3377 de
2102 3327 2451 3391 repudiatione
2471 3329 2764 3386 hereditatis
2786 3340 3014 3394 nondum
3048 3359 3131 3399 ae·

1981 3408 2215 3471 quisitae.
2246 3414 2272 3468 s
2292 3411 2411 3462 784.

1914 3489 1967 3553 2)
2001 3493 2292 3555 Aequisitae
2320 3493 2612 3549 hereditatis
2633 3501 2935 3563 repudiatio.
2959 3512 2986 3566 s
3004 3510 3120 3564 785.

1787 3571 1879 3624 111.
1911 3570 1990 3624 De
2009 3573 2123 3637 iure
2142 3577 2370 3627 vacantis
2391 3578 2682 3632 hereditatis
2701 3584 2779 3635 vel
2800 3590 2960 3650 partis

1850 3659 1905 3705 A.
1938 3657 2229 3706 summatim
2267 3658 2468 3711 dicitur.
2498 3665 2524 3719 ς
2547 3661 2662 3712 786.

1848 3739 1904 3789 Β.
1939 3738 2240 3802 Singillatim
2264 3740 2326 3792 de
2345 3744 2669 3796 accrescendi
2690 3749 2820 3806 iure.

1914 3825 1964 3882 1)
2000 3823 2275 3887 Praecepta
2308 3827 2585 3888 generalia.
2609 3833 2636 3888 s
2653 3831 2770 3883 787.

1911 3904 1962 3961 2)
1995 3905 2065 3954 De
2083 3905 2198 3973 iure
2215 3909 2534 3959 accrescendi
2563 3922 2758 3972 eorum,
2774 3912 2859 3974 qui
2877 3913 2942 3964 ab
2958 3916 3115 3971 intes.

1975 3988 2084 4036 tato
2104 3988 2394 4039 succedunt.
2430 3995 2456 4049 s
2474 3991 2591 4043 788.

1915 4064 1969 4129 5)
2003 4067 2266 4125 Quomodo
2305 4070 2439 4120 inter
2479 4074 2884 4126 testamentarios
2905 4076 3113 4134 heredes

1976 4151 2146 4202 locum
2170 4152 2352 4203 habeat
2365 4153 2453 4217 jus
2474 4161 2810 4213 accrescendi.
2834 4164 2861 4219 ς
2883 4163 3001 4216 789.

1912 4231 1961 4289 4)
1977 4232 2566 4366 ςυἵειοθ(301Ιιῑιζειιειιήοιηιιιι
2602 4239 2718 4302 jure
2776 4246 3109 4299 accrescendi.
