3544 5506
906 319 1039 362 car.
1081 320 1169 363 1v.
1210 322 1287 363 nn
1323 321 1725 373 accumulans
1763 324 2258 368 usnemu-umus.
2877 317 2987 375 647

183 434 342 478 vero
379 435 482 480 res
500 465 517 490 ,
545 437 711 506 quae
746 424 1004 497 quidem
1032 422 1222 484 dividi
1251 429 1632 487 naturaliter
1660 436 1993 501 nequeunt
2023 434 2042 505 (
2058 427 2082 499 3
2103 428 2241 488 224.
2270 436 2409 489 not.
2435 430 2499 490 5.
2519 431 2538 505 )
2561 475 2577 502 ,
2615 440 2728 491 aut
2765 435 2984 493 diven-

182 519 457 587 dantur,
499 539 628 594 quo
667 524 835 583 l'acto
864 521 1146 585 similiter
1177 528 1490 600 pecuniae
1517 530 1666 588 inde
1707 532 2009 588 redactae
2038 528 2396 588 distributio
2425 532 2562 598 fiet,
2596 540 2707 589 aut
2731 534 2988 606 singulis

183 623 361 673 sorte
394 633 512 689 pro
545 620 751 691 pretio
787 622 1122 681 aestimato
1160 624 1571 694 adsignentur
1610 622 1973 683 heredibus.
2019 626 2429 685 praediorum
2473 643 2627 685 vero
2662 645 2781 702 pro
2813 633 2990 690 varia

182 726 405 770 rerum
435 720 928 789 temporumque
963 721 1328 778 conditione
1359 721 1533 791 varie
1562 720 1853 779 facienda
1883 727 1979 780 est
2010 718 2256 788 divisio,
2299 724 2422 781 hoc
2453 732 2639 796 pacto
2660 768 2675 794 ‚
2708 733 2778 781 ut
2816 743 2988 786 nunc

181 806 339 866 item
389 825 488 868 res
527 820 866 871 revocetur
903 815 985 872 ad
1023 822 1260 873 sortem
1307 816 1464 890 (not.
1503 814 1588 889 4.)
1617 857 1633 883 ,
1691 817 2011 889 hujusque
2039 822 2210 877 velut
2240 814 2482 891 ‚iudicio
2510 816 2985 879 committatur:

181 909 440 968 cuinam
477 912 786 971 heredum
820 909 1064 986 singula
1100 918 1356 988 praedia
1391 918 1871 989 singulorumve
1918 925 2129 990 partes
2168 922 2496 978 naturales
2536 922 2987 981 attribuendae

182 1004 343 1074 sint,
374 1023 547 1065 nune
573 1008 633 1064 hi
658 1004 1049 1091 coheredum
1078 1056 1094 1080 ,
1125 1013 1233 1085 qui
1266 1013 1608 1086 plurimum
1640 1007 1914 1070 offerant
1941 1029 2058 1086 pro
2086 1015 2359 1085 praediis
2390 1059 2405 1086 ‚
2433 1031 2508 1073 ea
2537 1015 2747 1073 serant
2770 1061 2786 1084 ,
2814 1034 2987 1076 nunc

181 1102 551 1161 venditione
576 1119 797 1163 eorum
821 1106 990 1165 facta
1021 1108 1296 1181 pretium
1327 1109 1765 1177 distribuatur,
1800 1116 1913 1167 aut
1938 1110 1986 1167 si
2019 1125 2139 1168 nec
2167 1111 2447 1168 venditio
2477 1114 2816 1170 commode
2847 1115 2986 1173 [leri

181 1203 412 1274 possit,
434 1220 553 1262 nec
574 1220 728 1264 vero
759 1206 819 1263 in
850 1203 1132 1267 dominio
1158 1204 1434 1280 plurium
1464 1225 1725 1267 manere
1742 1250 1760 1279 ‚
1797 1215 1931 1266 tum
1957 1226 2098 1267 eam
2123 1210 2317 1282 judex
2339 1207 2658 1269 arbiterve
2684 1212 2856 1270 ineat
2881 1230 2986 1271 ra-

180 1298 447 1365 tionem,
473 1317 638 1373 quae
658 1303 927 1360 maxime
950 1304 1296 1362 convenire
1320 1305 1433 1362 sibi
1459 1306 1749 1363 videatur
1768 1312 1831 1363 et
1854 1322 2091 1375 rerum,
2118 1308 2198 1364 de
2220 1307 2448 1379 quibus
2467 1308 2695 1380 agitur,
2719 1316 2987 1369 naturae

182 1397 590 1469 atqueindoli
612 1397 919 1469 ipsorum,
946 1406 1008 1457 et
1029 1394 1344 1457 heredum
1375 1396 1628 1457 utilitati
1646 1402 1715 1475 ⁴).
1732 1406 2064 1460 Caeterum
2087 1402 2214 1460 sive
2233 1403 2344 1476 ipsi
2364 1403 2529 1460 inter
2543 1418 2610 1461 se
2636 1404 2986 1465 coheredes

178 1493 421 1552 faciant
456 1495 861 1565 divisionem,
909 1496 1040 1555 sive
1084 1498 1395 1555 arbitrum
1443 1498 1717 1572 eligant,
1757 1499 1886 1557 sive
1926 1499 2115 1556 etiam
2148 1501 2226 1556 ad
2260 1496 2534 1559 familiae
2564 1503 2986 1563 erciscundae

171 1589 490 1662 ,iudicium
541 1598 933 1667 provocent,
981 1609 1058 1652 ea
1103 1600 1364 1679 tamen²
1406 1610 1597 1666 quam
1646 1601 1917 1653 testator
1954 1602 2210 1652 secutus
2253 1602 2382 1663 est,
2431 1596 2752 1655 divisionis
2818 1600 2985 1658 ratio

181 1688 242 1760 (§
270 1688 456 1763 666.)
486 1729 501 1756 ,
538 1690 598 1746 in
638 1691 1041 1762 adsignandis
1078 1693 1310 1763 cuique
1353 1691 1636 1763 partibus
1681 1707 1761 1749 ex
1800 1687 2158 1750 hereditate
2201 1694 2421 1765 utique
2461 1693 2578 1751 erit
2623 1694 2938 1754 servanda
2962 1741 2982 1770 ,

183 1793 638 1860 praeterquam
670 1792 878 1865 quod,
910 1807 1057 1849 cum
1081 1792 1358 1862 singulas
1383 1797 1634 1849 tantum
1660 1807 1763 1849 res
1797 1808 2091 1850 rerumve
2122 1800 2337 1865 partes
2364 1794 2571 1852 divisit
2596 1795 2700 1853 ille
2723 1839 2738 1863 ‚
2772 1803 2989 1859 caete-.

180 1888 414 1959 roquin
443 1903 599 1947 vero
640 1890 720 1947 de
759 1886 1045 1962 partibus
1085 1886 1452 1949 hereditatis
1497 1886 1653 1949 nihil
1696 1888 2036 1965 expressit,
2070 1893 2312 1966 reliqua
2356 1893 2525 1952 bona
2554 1900 2665 1951 aut
2694 1909 2812 1966 pro
2842 1910 2986 1968 per·

178 1998 487 2043 sonarum
523 1994 635 2044 aut
668 2003 785 2060 pro
830 1983 1156 2061 stirpium,
1200 1988 1826 2062 conjunctorumque
1866 1984 2179 2046 heredum
2223 2004 2495 2047 numero
2544 1984 2985 2049 distribuenda

176 2091 327 2142 sunt
353 2085 426 2151 ⁵).
1911 2093 1918 2099 '

739 2273 764 2345 §
790 2268 928 2326 718.
957 2267 1015 2341 β)
1040 2265 1408 2345 Sinqulatim,
1431 2266 1498 2325 de
1516 2265 1771 2344 familiae
1796 2265 2154 2326 erciscundae
2162 2265 2404 2344 judicic.

257 2467 557 2526 Familiae
591 2467 1006 2526 erciscundae
1030 2466 1276 2540 judicio
1303 2467 1366 2524 id
1390 2466 1659 2526 maxime
1684 2466 1919 2537 agitur,
1945 2471 2017 2523 ut
2043 2481 2079 2522 e
2106 2464 2558 2522 communione
2586 2462 2979 2538 discedatur,
3061 2456 3064 2461 ’

173 2568 316 2620 tum
342 2565 516 2637 quod
544 2563 809 2621 vicissim
834 2559 948 2620 sibi
972 2578 1049 2621 ex
1077 2563 1182 2620 illa
1208 2579 1401 2621 causa
1430 2564 1664 2620 debent
1696 2562 2046 2620 coheredes
2068 2604 2085 2636 ,
2123 2560 2182 2618 id
2207 2560 2394 2618 alteri
2445 2560 2524 2616 ab
2561 2562 2766 2617 altero
2796 2575 2983 2632 prae-

177 2669 383 2721 stetur
407 2662 475 2737 ¹).
502 2668 715 2738 anue
737 2665 905 2722 actio
933 2671 999 2722 et
1033 2665 1338 2722 adversus
1369 2680 1500 2723 non
1528 2663 1921 2737 possidentes
1945 2665 2156 2721 locum
2184 2657 2380 2719 babet
2418 2660 2765 2718 coheredes
2792 2658 2839 2734 2)
2872 2699 2889 2728 ,
2918 2666 2986 2718 et

175 2762 414 2833 duplex
445 2768 541 2820 est
571 2763 618 2835 ³)
643 2803 659 2830 ‚
695 2769 760 2819 et
787 2764 1015 2832 mixta,
1048 2767 1275 2835 utpote
1308 2778 1437 2834 qua
1465 2768 1532 2819 et
1551 2759 1929 2819 hereditatis
1953 2766 2201 2833 partem
2237 2760 2315 2816 ad
2339 2774 2406 2815 se
2431 2757 2753 2830 pertinere
2779 2757 2931 2813 dicit
2958 2803 2975 2830 ‚

176 2858 286 2930 qui
317 2859 477 2928 agit,
513 2864 577 2915 et
606 2858 1040 2915 adversarium
1079 2858 1194 2915 sibi
1226 2873 1362 2915 esse
1394 2854 1740 2929 obligatum
1782 2852 1961 2929 quasi
1992 2873 2067 2914 ex
2098 2861 2434 2913 contractu
2461 2851 2522 2926 ⁴).
2560 2852 2981 2930 Quemadmo-

176 2953 332 3009 dum
353 2966 570 3010 autem
595 2954 702 3026 qui
729 2953 880 3011 fam.
904 2968 1035 3011 erc.
1063 2953 1314 3012 actione
1340 2955 1573 3027 utitur,
1596 2954 2030 3011 adversarium
2055 2952 2167 3009 sibi
2192 2966 2328 3009 esse
2347 2950 2732 3008 coheredem
2757 2949 2982 3022 utique

174 3052 520 3110 confitetur
545 3050 617 3127 ⁵),
644 3053 732 3111 sic
755 3053 1078 3112 contraria
1105 3049 1354 3111 ratione
1386 3059 1595 3126 potest
1612 3095 1627 3120 ‚
1651 3049 1760 3125 qui
1791 3054 2206 3119 convenitur,
2233 3056 2298 3107 et
2326 3063 2564 3120 negare
2589 3048 2980 3106 coheredem

176 3162 315 3205 esse
347 3158 661 3221 actorem,
690 3156 792 3224 et,
824 3145 940 3208 nisi
980 3149 1027 3206 is
1055 3149 1375 3221 possideat
1401 3143 1645 3221 partem
1668 3189 1685 3219 ‚
1710 3163 1903 3220 quam
1932 3162 2110 3205 suam
2139 3162 2273 3204 esse
2304 3145 2607 3209 intendit,
2644 3144 2984 3202 excludere

175 3248 505 3306 actionem
523 3248 642 3306 hac
670 3249 1039 3322 exceptione
1067 3266 1080 3304 :
1113 3242 1250 3305 siin
1275 3262 1351 3305 ea
1376 3264 1469 3316 re,
1497 3264 1623 3320 qua
1646 3249 1726 3305 de
1749 3247 1978 3318 agitur,
2007 3245 2465 3319 praejudicium
2487 3242 2824 3300 hereditati
2852 3258 2980 3301 non

176 3348 291 3405 fist
310 3343 387 3420 ὅ).
405 3349 641 3407 ludicis
665 3349 855 3420 igitur
884 3350 945 3406 in
961 3348 1081 3405 hac
1105 3349 1357 3406 actione
1370 3349 1649 3406 officium
1675 3356 1740 3405 et
1767 3347 1834 3405 in
1864 3347 2293 3421 adjudicando
2316 3351 2380 3403 et
2407 3345 2469 3401 in
2485 3344 2981 3403 condemnando

175 3447 490 3519 cernitur,
517 3449 581 3506 in
605 3465 883 3523 quorum
921 3454 1198 3521 utroque
1216 3449 1525 3522 principia
1541 3455 1849 3522 sequatur
1882 3449 2073 3506 modo
2088 3461 2124 3504 a
2140 3445 2320 3504 nobis
2341 3444 2620 3517 exposita
2638 3444 2693 3520 (ς
2710 3443 2780 3500 71
2793 3441 2876 3515 7).
2897 3438 2980 3500 Et

234 3641 285 3700 4)
306 3644 382 3692 Cf.
407 3645 538 3690 inter
559 3656 609 3690 se
630 3644 681 3690 hi
706 3644 797 3691 loci
823 3660 835 3691 ι
860 3645 886 3699 S
908 3645 953 3692 4.
996 3645 1032 3690 l.
1067 3644 1137 3690 de
1160 3639 1299 3696 ome.
1339 3640 1460 3699 jud.
1489 3667 1543 3677 -—·
1612 3641 1659 3686 in
1701 3640 1793 3686 hoc
1824 3640 2013 3696 jndicio
2037 3639 2471 3686 condemnationes
2494 3642 2538 3683 et
2563 3636 2896 3683 absolutiones
2927 3635 2978 3682 in

171 3707 224 3752 1..
247 3705 330 3751 22.
356 3708 382 3761 3
403 3707 449 3753 2.
475 3714 524 3753 et
543 3705 591 3753 ὅ.
614 3708 669 3752 D.
692 3709 741 3753 L.
766 3705 844 3753 55.
870 3707 923 3753 Ιι.
943 3708 980 3752 t.
1009 3731 1068 3740 —
1104 3707 1157 3751 t..
1182 3703 1260 3751 21.
1288 3705 1340 3751 D.
1362 3717 1544 3752 comm.
1611 3703 1830 3749 omnium
1854 3715 2081 3761 personas
2105 3713 2209 3747 esse
2233 3702 2499 3746 faciendas.
2543 3701 2593 3745 L.
2621 3698 2700 3745 27.
2723 3699 2772 3744 Ιι.
2798 3702 2833 3743 e.
2851 3711 2864 3758 ;
2885 3698 2978 3742 sei-

171 3769 281 3816 div.
300 3770 381 3825 (X,
401 3770 596 3823 3.)-t..
618 3769 666 3814 3.
692 3771 743 3816 C.
769 3780 952 3817 comm.
977 3770 1085 3817 div.
1108 3767 1186 3814 (ΙΙΙ
1212 3802 1227 3823 .,
1254 3764 1470 3824 37.)-1..
1494 3769 1543 3814 3.
1611 3766 1723 3812 licet
1743 3777 1913 3811 eorum
1937 3799 1952 3821 ,
1991 3767 2072 3822 qui
2108 3775 2202 3809 una
2243 3766 2533 3822 acceperuut
2566 3762 2822 3817 judicium.
2858 3760 2979 3831 Nam

170 3843 247 3888 pr.
269 3832 328 3877 C.
352 3842 541 3878 comm.
565 3834 633 3880 de
654 3831 748 3891 leq.
774 3832 873 3886 (vl.
895 3829 995 3888 45.)
1018 3857 1076 3866 -—
1099 3831 1151 3876 L.
1176 3827 1226 3876 2.
1248 3831 1301 3876 C.
1326 3830 1548 3887 quando
1610 3829 1827 3885 alioquin
1851 3829 1971 3875 nihil
1996 3829 2199 3886 impedit
2222 3861 2238 3884 ,
2260 3838 2358 3884 quo
2380 3827 2539 3871 minus
2562 3828 2611 3870 et
2635 3826 2763 3869 inter
2783 3832 2982 3893 paucio·

171 3897 227 3939 ee
261 3892 410 3952 quib.
435 3888 636 3952 quarta
669 3905 799 3949 pars
832 3893 949 3940 deb.
972 3897 988 3950 (
1012 3897 1049 3940 x
1069 3929 1084 3946 ,
1106 3889 1223 3951 54.)
1249 3917 1305 3927 ——
1348 3893 1456 3938 vid.
1499 3901 1550 3939 et
1612 3902 1686 3936 res
1726 3890 1832 3936 dari
1877 3892 2025 3949 possit
2064 3892 2182 3935 t'am.
2224 3901 2323 3934 erc.
2361 3888 2469 3944 jud.
2511 3888 2562 3933 L.
2595 3886 2643 3931 2.
2688 3888 2715 3942 ς
2735 3882 2782 3930 4.
2821 3881 2977 3954 Ι..“4ο.

170 3965 218 4010 a)
244 3957 295 4001 L.
318 3953 402 4002 25.
442 3953 467 4006 S
497 3954 545 4002 6.
572 3959 628 4004 D.
654 3956 707 4002 Ιι.
730 3960 765 4003 t.
795 3981 850 3989 —
887 3956 936 4013 bs>
972 3958 1022 4004 t..
1047 3954 1126 4003 16.
1162 3967 1236 4013 pr.
1273 3960 1298 4012 S
1333 3952 1378 4000 1.
1415 3959 1463 3998 et
1497 3955 1546 4003 2.
1613 3954 1663 3998 1..
1686 3950 1763 3999 44.
1787 3952 1876 4008 32.
1898 3953 2135 3999 eod.—L.
2159 3950 2305 3997 17.C.
2330 3949 2448 3997 eod.
2476 3973 2529 3981 —
2557 3952 2713 4006 Atque
2738 3953 2804 3992 tta
2831 3952 2983 3992 ettam

169 4017 295 4065 eod.
334 4042 395 4051 —
428 4018 503 4064 Cf.
527 4019 720 4067 Vinm't'
743 4020 829 4065 sel.
850 4019 1005 4080 qu.1‚
1026 4016 1106 4065 55.
1130 4042 1187 4050 —
1213 4015 1373 4066 Glia'ck
1395 4018 1547 4065 Pand.
1614 4015 1960 4072 intelligendus
1983 4019 2053 4059 est
2072 4015 2300 4061 Paullus
2323 4017 2448 4057 sent.
2475 4022 2572 4056 rec.
2596 4012 2611 4054 l
2636 4044 2651 4069 ‚
2687 4007 2763 4054 18.
2787 4009 2814 4063 S
2835 4005 2882 4053 4.
2921 4032 2982 4041 -

170 4081 255 4130 xl.
280 4093 329 4138 p.
353 4077 508 4138 sssq.
1612 4078 1799 4124 caeter.
1836 4081 1933 4125 vid.
1975 4079 2149 4133 Cnjac.
2171 4077 2276 4123 obs.
2301 4075 2479 4133 xxm,
2504 4074 2549 4121 1.
2588 4095 2647 4103 -·
2684 4071 2852 4120 Vina.
2891 4072 2978 4116 sel.

232 4140 285 4198 5)
320 4143 398 4188 Cl'.
422 4154 571 4201 supra
602 4145 629 4199 ς
659 4141 772 4192 666.
795 4146 896 4189 not.
917 4140 969 4189 7.
1008 4147 1057 4189 et
1091 4142 1143 4189 1..
1166 4139 1253 4190 52.
1276 4145 1329 4190 D.
1356 4141 1408 4190 lt.
1434 4145 1471 4189 t.
1493 4167 1549 4176 —
1614 4151 1698 4198 qu.
1723 4137 1857 4193 138.

171 4202 225 4250 1..
248 4203 335 4251 21.
357 4207 410 4252 c.
436 4205 558 4252 eoa.
1265 4213 1279 4226 ·
1676 4200 1864 4260 ⁴)sao.
1894 4203 1927 4247 l.
1950 4200 2016 4249 de
2039 4202 2264 4248 aea—1..
2292 4195 2487 4252 2236.
2516 4192 2978 4252 o.11.t.(cf.s·138.

771 4332 796 4386 ς
829 4327 944 4377 718.
1615 4272 1722 4385 mg}
1742 4262 1994 4374 (lignum-ia
2019 4337 2116 4372 non
2137 4329 2209 4370 est
2242 4322 2293 4370 1..
2319 4320 2398 4369 37.
2419 4323 2475 4368 D.
2498 4321 2548 4367 Ιι.
2574 4321 2614 4366 t.
2639 4321 2655 4375 (
2680 4334 2704 4361 u
2726 4319 2815 4374 Qui
2837 4319 2982 4366 fami-

1614 4390 1708 4435 liae
1744 4388 2056 4434 erciscundae
2089 4387 2277 4442 judicio
2300 4386 2400 4444 agit
2421 4420 2435 4437 ,
2460 4396 2557 4430 non
2589 4382 2868 4431 confltetur.
2892 4383 2982 4428 ad-

235 4451 283 4508 1)
301 4452 378 4498 Cf.
404 4453 455 4498 L.
477 4451 529 4499 7.
553 4455 608 4500 D.
631 4454 677 4501 si
688 4467 823 4512 pars
846 4453 1029 4503 laer-ed.
1050 4457 1161 4512 pot.
1188 4451 1265 4510 (V,
1284 4452 1474 4509 4.)-1..
1502 4452 1548 4501 1.
1615 4452 1885 4497 versarium
1918 4450 2010 4495 sihi
2057 4462 2160 4495 esse
2183 4447 2510 4495 coheredem»
2534 4449 2581 4505 );
2627 4447 2738 4491 licet
2772 4445 2980 4490 delenda

170 4524 246 4570 pr.
273 4515 324 4559 L.
356 4515 435 4561 22.
464 4513 557 4573 8⁴·
583 4518 637 4563 t).
664 4517 716 4563 It.
744 4518 923 4565 t.-Cf.
940 4519 989 4564 L.
1010 4514 1092 4564 31.
1117 4519 1142 4573 ς
1164 4514 1212 4561 9.
1235 4517 1289 4562 t).
1306 4517 1373 4564 de
1390 4515 1549 4563 aedil.
1617 4526 1717 4560 non
1741 4514 1803 4559 sit
1824 4513 2064 4571 particula
2090 4523 2198 4556 non
2225 4545 2240 4568 ‚
2275 4522 2422 4569 quam
2456 4510 2652 4567 quidem
2678 4520 2774 4552 non
2795 4505 2981 4551 habent

167 4575 362 4623 edicto.
389 4579 952 4637 (xxl.t.)—De,iudicii
969 4582 1167 4627 nomine
1188 4577 1549 4625 vidstmcmre
1612 4577 1802 4622 Basilio.
1831 4576 1886 4620 T.
1910 4576 1962 4618 v.
1990 4587 2037 4632 p.
2064 4570 2355 4619 681.—Vid.
2380 4574 2537 4618 varias
2560 4572 2807 4641 variorum
2832 4574 2980 4626 atque

168 4640 375 4685 studten
422 4654 473 4699 p.
510 4637 621 4688 156.
660 4647 763 4687 not.
807 4639 886 4689 26.
928 4649 976 4688 et
1016 4644 1066 4687 in
1096 4642 1268 4688 Rhein.
1316 4642 1438 4687 Mus.
1466 4642 1544 4687 Vl.
1614 4639 1662 4684 in
1689 4637 1857 4696 primis
1879 4635 2161 4683 Arnlzem'i
2180 4637 2384 4693 interpr.
2422 4647 2503 4692 ap.
2543 4632 2702 4679 Gluck
2724 4631 2978 4677 Pand.Xl.

168 4713 216 4758 p.
239 4699 356 4748 280.
385 4707 496 4749 not.
524 4699 604 4748 41.
1612 4712 1669 4759 p.
1690 4697 1897 4746 12-16.

230 4763 280 4818 2)
308 4765 358 4811 L.
388 4764 435 4812 1.
464 4766 490 4820 S
517 4763 562 4809 1.
589 4765 641 4814 1..
665 4763 743 4811 25.
768 4765 865 4820 82.
888 4767 940 4812 D.
963 4765 1014 4812 Ιι.
1037 4770 1075 4812 t.
1674 4761 1722 4818 6)
1746 4764 1799 4808 L.
1825 4760 1870 4807 1.
1893 4763 1919 4817 s
1938 4759 1982 4807 1.
2003 4761 2058 4806 D.
2085 4757 2138 4805 lt.
2160 4759 2376 4806 t.-·vid.
2401 4763 2453 4804 et
2476 4759 2528 4803 L.
2552 4755 2630 4804 51.
2651 4758 2678 4812 S
2705 4757 2752 4803 1.
2778 4756 2832 4802 0.
2855 4755 2977 4802 eod.

227 4824 278 4884 ὅ)
301 4826 354 4872 1..
382 4825 463 4874 10.
489 4828 542 4872 D.
565 4828 660 4884 fin.
686 4839 796 4886 req.
820 4828 899 4885 (x,
923 4828 989 4884 1.)
1023 4852 1081 4860 -
1119 4828 1171 4876 L.
1192 4826 1239 4873 2.
1260 4830 1285 4884 s
1306 4824 1354 4874 ὅ.
1378 4827 1430 4872 t..
1458 4823 1535 4874 44.
1606 4827 1743 4872 -Cl'.
1768 4824 2038 4870 Raevard.
2059 4823 2119 4867 de
2141 4823 2358 4878 praejud.
2383 4823 2419 4879 l,
2438 4818 2488 4867 7.
2513 4820 2590 4868 11.
2610 4844 2661 4854 -
2689 4817 2980 4876 Wesepleal

166 4890 192 4943 S
209 4886 259 4936 4.
286 4889 340 4935 0.
363 4888 419 4936 le.
449 4893 555 4937 t.-
581 4893 735 4948 Atque
757 4890 868 4938 hinc
893 4891 1040 4937 etiam
1059 4897 1163 4952 est,
1184 4891 1315 4949 quod
1336 4889 1541 4952 dicitur,
1605 4889 1639 4935 l.
1662 4889 1698 4935 1.
1719 4889 1744 4942 ς
1770 4884 2122 4935 evm—Gla&
2145 4886 2225 4931 xl.
2249 4897 2298 4944 p.
2325 4882 2386 4931 10
2405 4895 2478 4942 sq.
