3544 5506
961 322 1095 365 ω.
1136 323 1228 368 vl.
1268 323 1346 366 DE
1385 324 1820 371 succmsmmm
1860 326 2310 373 turnilann&
2951 320 3064 380 683

251 431 512 490 nomine
532 430 640 506 jus
669 432 961 492 aufertur
989 436 1461 494 successoribus
1487 442 1531 515 (ς
1554 436 1746 511 782.).
1780 442 1993 512 Neque
2023 454 2182 498 vero
2203 456 2333 498 una
2357 447 2451 500 est
2474 441 2704 500 harum
2724 457 3065 504 causarum

258 532 547 589 omnium
587 533 679 591 vis
703 539 768 591 et
789 539 1090 606 potestas.
1121 536 1364 592 Etenim
1406 552 1579 595 nunc
1606 544 1813 597 totum
1847 536 1945 615 jus
1979 540 2422 611 successionis,
2477 542 2649 613 quod
2692 549 2881 600 antea
2914 543 3063 614 fuit,

249 638 682 689 commutatur
708 675 725 701 ,
767 647 854 690 nu
870 648 950 691 nc
999 648 1118 706 pro
1145 630 1330 706 parte
1366 637 1715 710 retinetur,
1753 634 2037 710 itemque
2064 640 2255 697 modo
2284 634 2347 696 in
2375 639 2723 697 deficientis
2759 641 2971 698 locum
3002 643 3067 700 hi

249 729 608 785 succedunt
624 770 640 798 ,
663 729 769 802 qui
794 746 924 788 una
949 745 1094 787 cum
1120 731 1229 789 illo
1257 733 1463 789 vocati
1484 740 1633 791 sunt
1657 734 1738 791 ad
1762 735 2226 793 successionem
2243 778 2259 801 ‚
2284 736 2414 793 sive
2437 735 2721 793 omnium
2745 736 3066 796 bonorum

250 821 384 880 sive
412 830 738 882 certarum
769 840 987 883 rerum
1006 866 1022 892 ‚
1051 827 1243 884 modo
1277 828 1359 885 ad
1392 829 1548 887 alios
1565 830 1670 902 jus
1691 828 1999 898 defertur,
2033 833 2222 889 modo
2248 847 2286 888 a
2315 832 2467 889 fisco
2495 832 2853 888 vindicatur
2876 829 3068 905 eripi-

251 924 509 990 turque.
560 915 742 993 Quae
777 920 1034 994 quidem
1067 918 1284 980 omnia
1328 923 1415 981 ita
1454 941 1627 983 nunc
1675 940 2177 997 persequemur,
2208 932 2281 982 ut
2326 928 2599 999 primum
2637 942 3066 999 exponamus,

253 1019 582 1089 quomodo
611 1025 678 1076 et
712 1020 875 1078 citra
907 1021 1372 1080 honoratorum
1400 1024 1804 1082 voluntatem
1835 1023 1938 1096 jus
1969 1025 2350 1082 succedendi
2378 1024 2790 1097 impediatur,
2815 1025 2960 1082 dein
2989 1026 3073 1083 de

246 1111 410 1185 juris
437 1113 883 1187 repudiatione
909 1115 1233 1175 videamus
1253 1160 1267 1188 ,
1296 1125 1621 1189 postremo
1645 1133 1801 1176 vero
1825 1120 1968 1178 ioco
1993 1136 2069 1176 ea
2097 1126 2562 1193 pertractemus
2583 1163 2599 1190 ‚
2626 1136 2792 1193 quae
2814 1122 3071 1192 singulis

255 1209 463 1268 causis
512 1211 829 1284 adsignari
873 1213 1214 1272 commode
1255 1221 1625 1290 nequeunt3
1654 1216 1828 1287 quod
1856 1231 2055 1288 genus
2096 1222 2191 1274 est
2220 1218 2616 1276 caducorum
2642 1217 2986 1275 vindicatio
3006 1224 3073 1277 et

265 1305 683 1365 adcrescendi
706 1308 835 1382 jus.

258 1497 454 1572 5765.
485 1504 535 1558 1.
566 1501 919 1575 Causarum,
959 1523 1103 1583 quae
1144 1504 1297 1563 citra
1348 1500 1758 1563 honoratorum
1804 1502 2152 1563 voluntatem
2187 1503 2286 1583 jus
2336 1504 2661 1565 medendi
2695 1504 3041 1584 impediunt,

1275 1604 1340 1680 Δ)
1366 1603 1683 1663 summaria
1704 1603 2026 1681 descriptio.

343 1810 583 1867 Causae
617 1809 722 1882 jus
770 1808 1152 1867 succedendi
1202 1807 1301 1864 vei
1346 1808 1645 1865 tollentes
1688 1806 1789 1864 vel
1843 1801 2295 1880 impedientes,
2327 1821 2494 1879 quae
2543 1807 2799 1880 quidem
2834 1824 2963 1868 non
2995 1809 3083 1869 ex'

263 1910 591 1966 voluntate
621 1909 1114 1980 proficiscuntur
1141 1922 1368 1966 eorum
1388 1949 1405 1982 ,
1442 1908 1549 1980 qui
1585 1906 1990 1965 honorantur
2008 1950 2025 1976 ,
2053 1914 2166 1964 aut
2186 1922 2559 1965 communes
2582 1912 2731 1965 sunt
2761 1903 3076 1968 heredita·

260 2003 504 2061 riarum
546 2005 1017 2063 successionum
1056 2018 1202 2061 cum
1253 2003 1387 2060 aliis
1430 1998 1681 2072 ,iuribus
1712 2001 1755 2073 (§
1786 2001 1988 2075 118.)‚
2021 2008 2133 2060 aut
2159 2004 2460 2075 propriae
2510 2003 2935 2062 hereditatum
2971 2009 3070 2066 vei

261 2098 647 2172 legatorum.
683 2100 891 2174 Atque
923 2114 960 2157 e
989 2094 1427 2157 communium
1462 2098 1716 2170 quidem
1763 2112 2000 2170 genere
2064 2113 2401 2156 causarum
2431 2114 2538 2156 eas
2567 2105 2814 2156 tantum
2845 2101 2967 2160 hoc
3009 2104 3074 2162 in

264 2200 409 2257 loco
455 2196 962 2272 perhibebimus‚
1006 2214 1173 2271 quae
1201 2214 1330 2255 non
1360 2198 1474 2255 nisi
1507 2199 1586 2255 ad
1624 2198 1829 2269 legata
1861 2198 2182 2271 pertinent
2211 2212 2287 2256 ac
2314 2194 2790 2255 fideicommissa
2810 2245 2825 2270 ,
2857 2206 2922 2257 et
2944 2218 3078 2262 uno

264 2303 532 2368 possunt
580 2296 819 2354 absolvi
865 2296 1101 2369 verbo,
1152 2301 1225 2351 ut
1273 2295 1362 2352 rei
1394 2295 1685 2351 interitus
1723 2290 1790 2365 ¹),
1826 2298 1898 2349 ut
1926 2294 2198 2350 duarum
2234 2309 2572 2351 causarum
2620 2295 3097 2356 lucrativarum‘

266 2410 613 2453 concursus
632 2392 700 2467 ²),
731 2402 800 2452 ut
826 2395 947 2452 diei
970 2401 1082 2451 aut
1101 2394 1480 2452 conditionis
1506 2394 1888 2451 resolutivae
1913 2394 2130 2465 tegatis
2149 2395 2248 2451 vel
2275 2389 2768 2452 fideicommissis
2788 2397 3079 2469 adjectae

267 2497 531 2549 eventus
558 2488 623 2565 ³).
662 2491 749 2548 De
774 2491 1033 2564 reliquis
1051 2505 1204 2548 vero
1229 2491 1456 2565 causis,
1482 2490 1610 2548 sive
1633 2492 1713 2546 ad
1736 2504 2109 2547 communes
2125 2489 2257 2546 sive
2279 2491 2359 2546 ad
2385 2492 2674 2563 proprias
2700 2490 3080 2551 referendae

267 2591 425 2653 sint.
461 2597 574 2649 aut
619 2608 810 2665 supra
838 2592 970 2664 Jam
1017 2592 1247 2663 exponi
1296 2597 1824 2663 argumentorum
1870 2588 2036 2649 ratio
2089 2591 2454 2661 postulabat
2503 2607 2579 2648 ac
2618 2607 2816 2649 nexus
2844 2588 2920 2664 ⁴),
2966 2601 3081 2653 aut

273 2703 419 2746 mox
449 2688 701 2745 dicetur
715 2683 1011 2762 junctim.
1035 2682 1158 2761 Qui
1178 2688 1434 2761 quidem
1461 2688 1637 2744 locus
1662 2702 1807 2745 cum
1830 2688 2166 2743 maximam
2192 2693 2435 2760 partem
2464 2686 2525 2742 in
2551 2692 3081 2747 testamentorum

270 2786 368 2842 vel
398 2780 562 2843 vitiis
595 2785 693 2842 vel
724 2780 1189 2857 impedimentis
1222 2785 1611 2856 exponendis
1642 2789 1964 2853 versetur,
1987 2786 2122 2857 jam
2153 2785 2214 2840 id
2244 2798 2536 2855 agemus,
2563 2791 2635 2840 ut
2665 2785 2746 2842 de
2775 2786 3084 2845 universo

272 2881 474 2939 isthoc
499 2887 1036 2938 testamentorum
1067 2895 1304 2951 genere
1335 2880 1610 2938 breviter
1635 2894 1712 2938 ao
1748 2879 2110 2938 summatim
2144 2876 2606 2953 praecipiamus
2633 2876 2700 2954 ὅ).
2728 2882 2926 2952 Igitur
2950 2897 3084 2941 non

274 2982 442 3039 valet
491 2988 948 3040 testamentum
1000 2987 1111 3037 aut
1162 2987 1426 3053 propter
1473 2981 1695 3037 vitium
1742 2979 1800 3037 ei
1837 2980 2339 3048 adhaerescens,
2381 2986 2492 3037 aut
2535 2986 2800 3052 propter
2825 2980 3087 3052 impedi-

272 3088 589 3152 mentum,
618 3082 789 3155 quod
815 3088 1034 3154 postea
1061 3081 1118 3138 ei
1149 3082 1436 3138 accedat.
1462 3083 1507 3137 l.
1543 3084 1615 3139 Et
1641 3096 1809 3152 quae
1826 3081 1905 3137 ad
1933 3080 2105 3150 prius
2127 3094 2326 3149 genus
2354 3086 2502 3136 sunt
2529 3078 2887 3147 reserenda,
2922 3076 3088 3136 nulla

272 3176 338 3237 in
365 3197 560 3256 qensrs
591 3183 724 3239 fere
747 3183 956 3240 solent
988 3181 1294 3253 appellari
1331 3186 1709 3237 testamenta
1735 3177 1804 3250 ⁶).
1830 3181 2042 3251 Ipsum
2071 3184 2287 3235 autem
2321 3173 2541 3235 vitium
2572 3184 2684 3234 aut
2710 3178 2771 3234 in
2802 3177 3087 3249 personis

274 3275 553 3352 positum
583 3287 676 3337 est
713 3281 843 3337 sive
867 3279 1237 3337 testantium
1257 3322 1272 3347 ,
1298 3279 1429 3336 sive
1458 3294 1683 3336 eorum
1704 3321 1719 3345 ‚
1751 3278 1861 3351 qui
1891 3278 2301 3335 honorantur
2322 3320 2338 3345 ,
2367 3284 2505 3334 tum
2534 3273 2729 3335 etiam
2759 3272 2826 3334 in
2849 3278 3083 3350 imper-

277 3373 485 3433 fectae
531 3378 875 3433 voiuntatis
916 3376 1265 3447 judiciique
1304 3376 1592 3447 ratione,
1622 3380 1735 3430 aut
1782 3373 1845 3429 in
1884 3372 2335 3430 solennitatum
2361 3371 2612 3430 defectu
2639 3373 2927 3446 (vocatur
2952 3387 3085 3430 nou

269 3469 418 3544 jure
446 3468 682 3529 factum
706 3513 722 3540 ‚
764 3487 816 3530 s.
855 3471 1157 3544 injustum
1208 3468 1683 3541 testamentum)
1713 3464 1788 3542 ⁷),
1822 3475 1932 3525 aut
1966 3468 2030 3525 in
2059 3484 2283 3527 eorum
2313 3470 2606 3539 neglectu
2630 3513 2646 3539 ‚
2677 3483 2844 3541 quae
2872 3468 2954 3524 ad
2977 3467 3086 3540 jus

278 3578 572 3644 spectant
597 3571 1104 3646 necessariorum
1126 3585 1604 3645 successorum3
1630 3564 1987 3642 cujusmodi
2009 3575 2537 3627 testamentorum
2560 3569 2710 3625 item
2736 3575 2866 3625 tres
2878 3568 3089 3625 soient

282 3686 648 3743 proponere
683 3670 923 3728 formas
955 3693 970 3728 :
1011 3672 1259 3729 nulium
1304 3686 1378 3727 ex
1406 3670 1556 3743 jure
1581 3669 1784 3738 civili,
1837 3670 2088 3726 uultum
2116 3684 2192 3727 ex
2208 3668 2357 3742 jure
2386 3668 2738 3741 PraetoriO,
2776 3667 3085 3725 inofficio-

280 3781 420 3823 sum
462 3763 529 3831 ι’).
571 3770 642 3824 Et
677 3768 835 3824 haec
885 3767 1143 3839 quidem
1185 3768 1265 3825 de
1297 3761 1461 3824 vitiis
1501 3771 2051 3824 testamentorum.
2098 3766 2175 3822 11.
2213 3764 2819 3836 impedimentorum
2866 3768 3088 3820 autem

283 3863 511 3935 triplex
544 3870 639 3921 est
676 3862 941 3935 species.
979 3868 1100 3921 Aut
1127 3863 1295 3921 enim
1327 3864 1387 3936 a)
1410 3867 1612 3921 status
1641 3868 1933 3919 mutatur
1954 3861 2275 3919 testatoris
2295 3903 2312 3932 ‚
2344 3875 2512 3935 quae
2540 3859 2781 3933 species
2804 3865 2900 3917 est
2924 3852 3087 3916 irriti

885 4074 911 4129 s
943 4071 1075 4120 761ss
1783 4070 1830 4120 5)
1865 4073 2083 4128 lust.(11,
2107 4069 2205 4126 17.)
2226 4072 2420 4130 quibus
2445 4069 2613 4117 modis
2637 4072 2958 4116 testamenta
2999 4069 3084 4115 in-

348 4132 395 4189 1)
429 4132 507 4177 cf.
533 4134 583 4178 1..
609 4129 692 4179 ⁴7.
711 4134 737 4186 S
755 4131 804 4180 6.
830 4141 879 4181 et
914 4135 965 4180 1..
1004 4132 1112 4182 108.
1136 4136 1162 4189 S
1198 4133 1275 4182 11.
1299 4133 1366 4181 de
1398 4137 1496 4195 leq.
1533 4135 1569 4180 Ι.
1598 4159 1655 4167 -
1715 4134 2023 4192 firmantur.
2049 4159 2104 4166 —
2128 4135 2232 4194 Dig.
2257 4131 2564 4190 (xxvlil,5.)
2587 4131 2654 4179 de
2674 4133 2893 4192 injusto,
2909 4134 3086 4189 rupto,

291 4218 344 4227 --
364 4197 390 4249 ς
411 4192 491 4240 21.
530 4197 566 4240 Ι.
591 4196 658 4241 de
677 4196 775 4254 leq.
804 4220 863 4229 —-
886 4198 939 4243 1..
964 4198 1011 4243 1.
1036 4199 1063 4254 ς
1084 4198 1129 4242 1.
1166 4197 1218 4242 t..
1245 4197 1294 4243 5.
1320 4200 1371 4243 D.
1397 4197 1466 4243 de
1497 4197 1654 4245 instr.
1721 4197 1871 4243 irrito
1915 4195 2058 4250 sacto
2111 4199 2438 4244 testamento.
2485 4219 2546 4228 ———
2597 4195 2848 4242 Auctoris
2891 4197 3080 4239 contin.

286 4257 383 4316 leq.
405 4257 803 4315 (xxxin,7.)-s
823 4257 899 4304 17.
924 4261 958 4304 ι.
982 4260 1292 4318 de1e9.—1..
1317 4261 1361 4304 1.
1385 4267 1434 4305 οι
1451 4261 1498 4305 2.
1523 4258 1660 4305 ude
1722 4260 1973 4316 xxxvni,
1993 4270 2040 4315 p.
2066 4255 2332 4304 118-120.

285 4318 462 4375 pecul.
488 4321 585 4379 leq.
612 4321 839 4377 (xxxiii,
858 4321 926 4378 8.)
951 4344 1009 4355 -
1032 4322 1106 4367 Cf.
1134 4324 1187 4369 t..
1210 4321 1291 4369 ὃὸ.
1311 4321 1380 4368 de
1400 4323 1497 4381 leq.
1526 4322 1564 4367 Ι.
1608 4328 1658 4366 et
1784 4318 1834 4377 6)
1870 4323 1906 4366 Ι.
1929 4332 1975 4366 e.
1999 4321 2036 4366 si
2059 4321 2335 4367 discesseris
2356 4319 2419 4366 ab
2443 4331 2541 4365 uno
2562 4320 2665 4379 iilo,
2687 4318 2820 4377 quod
2845 4316 3085 4363 inofficio-

292 4382 464 4427 Vimt.
491 4387 551 4428 ad
576 4383 601 4437 S
624 4380 703 4427 17.
728 4383 763 4430 Ι.
781 4385 913 4429 laud.
942 4396 1019 4431 nr.
1045 4384 1094 4431 1.
1722 4395 1830 4428 sum
1853 4388 2054 4428 vocatur
2077 4388 2441 4428 testamentum.

351 4443 401 4498 2)
435 4441 524 4497 86.
547 4445 583 4488 1.
608 4443 676 4489 de
701 4445 798 4506 leq.
827 4468 882 4478 -
909 4447 959 4492 L.
987 4445 1095 4493 108.
1122 4448 1148 4502 S
1166 4445 1214 4494 ⁴.
1236 4447 1425 4506 deleq.
1451 4448 1488 4491 Ι.
1505 4445 1656 4491 -Οῐ,
1783 4442 1834 4500 7)
1868 4448 1925 4490 At
1947 4456 1975 4489 a
1992 4444 2117 4500 juris
2139 4447 2289 4491 nostri
2312 4443 2594 4491 auctoribus
2619 4442 2784 4497 injusti
2802 4442 3081 4487 testamenti

293 4506 344 4550 1..
370 4504 451 4550 21.
476 4507 503 4560 S
525 4506 570 4550 1.
592 4505 662 4551 de
681 4508 783 4568 leq.
809 4509 889 4553 tn.
1724 4519 1904 4552 nomen
1922 4508 1984 4552 ad
1999 4518 2053 4551 ea
2076 4519 2273 4566 quoque
2298 4509 2420 4552 solet
2442 4506 2615 4551 reterri
2633 4509 3084 4562 testamenta,quae

350 4569 399 4624 5)
435 4569 483 4617 t..
522 4567 604 4614 26.
626 4569 680 4614 C.
702 4572 770 4617 de
801 4570 900 4628 leq.
937 4571 1049 4625 (vt,
1088 4569 1191 4629 57.)
1214 4595 1271 4605 -·
1304 4571 1382 4617 cf.
1407 4571 1456 4615 1..
1489 4567 1570 4616 55.
1595 4567 1663 4614 de
1726 4575 1924 4627 propter
1953 4568 2034 4622 jus
2074 4571 2458 4615 necessariorum
2491 4567 2730 4612 heredum
2766 4568 2945 4612 nultius
2979 4579 3088 4612 mo-

292 4628 390 4688 leq.
414 4631 451 4674 1.
470 4632 804 4679 -Goescleen
824 4641 927 4679 ons.
948 4633 1048 4687 iur.
1073 4646 1196 4680 rom.
1222 4634 1300 4678 ΙΙΙ.
1324 4639 1428 4678 not.
1455 4633 1503 4679 k.
1528 4645 1577 4690 p.
1600 4628 1665 4677 65
1725 4635 1878 4677 menti
1901 4630 2161 4677 habentur.
2187 4633 2261 4678 Cf.
2288 4633 2340 4677 1..
2364 4632 2412 4677 3.
2436 4633 2462 4687 S
2483 4628 2531 4675 ὅ.
2553 4638 2603 4675 et
2625 4631 2675 4675 t..
2705 4628 2755 4675 6.
2776 4632 2803 4686 S
2824 4631 2869 4676 1.
2895 4631 2949 4676 υ.
2968 4629 3021 4675 lo.
3042 4632 3080 4675 t.

291 4691 436 4738 -75.
461 4713 516 4723 -·-
543 4693 621 4740 Ct‘.
644 4697 694 4738 et
717 4696 741 4749 S
766 4692 883 4742 647.
909 4696 958 4739 tn
981 4696 1017 4740 Β.
1726 4694 1950 4749 (xxviii,
1968 4690 2056 4750 5.).

353 4752 401 4808 4,
437 4755 560 4801 Nam
605 4755 703 4803 vid.
739 4760 786 4816 a)
831 4760 857 4813 S
879 4755 1148 4806 aas-645.
1186 4759 1269 4813 (cf.
1305 4760 1401 4813 ets
1430 4754 1565 4809 767.)
1602 4778 1663 4788 —
1787 4755 1837 4811 8)
1870 4757 2011 4813 Sunt,
2035 4756 2121 4814 qui
2142 4756 2292 4802 etiam
2312 4760 2537 4813 quartam
2560 4752 2790 4808 adjiciam
2824 4754 3033 4813 speciem
3070 4769 3083 4799 z

296 4816 343 4871 b)
359 4817 384 4869 S
405 4815 521 4925 5¹95.
544 4815 659 4925 693.
678 4817 904 4875 (ML—c)
928 4822 954 4875 S
973 4817 1094 4867 702.
1113 4818 1230 4868 728.
1250 4818 1482 4877 731.-·d)
1504 4819 1531 4874 S
1550 4817 1662 4867 721.
1732 4823 2075 4926 teslt7agientum
2115 4820 2307 4865 nntium
2347 4830 2404 4865 ex
2445 4816 2556 4872 jure
2598 4828 2741 4862 novo.
2766 4819 2828 4863 De
2856 4828 2955 4877 quo
2987 4815 3084 4862 vid.

297 4885 399 4924 not.
460 4912 471 4923 .
501 4884 549 4927 et
572 4882 598 4936 S
646 4879 727 4927 55.
1505 4901 1514 4906 ·
1731 4883 1756 4935 (5
1887 4912 1899 4925 .
2770 4927 2773 4931 Α
