3544 5506
514 329 632 393 218

512 467 667 511 vero
692 454 758 508 in
776 445 1009 509 strictis
1028 443 1283 522 judiciis
1306 462 1455 506 reus
1482 462 1521 506 a
1551 445 1990 521 dependendis
2034 450 2349 509 fructibus
2382 457 2527 524 post
2567 465 2707 510 rem
2724 445 3079 527 judicatam
3101 453 3321 526 utique

509 547 803 607 immunis
843 551 938 603 est
957 539 1054 610 ²⁰).
1081 574 1158 585 —
1182 545 1515 602 Caeterum
1546 539 1911 616 superiores
1954 545 2099 603 illae
2142 542 2579 606 distinctiones
2607 591 2623 617 ‚
2666 548 2881 621 quoad
2931 563 3051 621 per
3097 564 3317 607 rerum

510 652 807 704 naturam
853 636 990 699 lieri
1016 639 1219 714 potuit
1236 682 1253 708 ‚
1282 641 1477 700 etiam
1503 643 1585 699 ad
1612 638 1832 702 civiles
1861 643 2107 702 fructus
2129 686 2148 719 ‚
2174 645 2285 719 qui
2314 642 2573 718 quidem
2605 662 2679 704 ex
2722 661 2794 704 re
2831 641 3146 717 frugifera
3174 662 3321 720 per·

509 738 834 815 cipiuntur
850 780 869 811 ,
897 737 1247 795 translatae
1268 744 1419 795 sunt
1447 780 1464 809 ,
1490 738 1614 797 hoc
1642 745 1835 812 pacto
1863 784 1878 809 ‚
1907 745 1934 798 1
1962 741 1978 802 )
2005 746 2077 796 ut
2097 755 2175 798 ex
2201 755 2282 799 eo
2306 747 2631 814 tempore,
2671 756 2803 815 quo
2829 757 2902 800 re
2943 735 3164 814 aliqua
3191 737 3318 810 uti,

510 840 837 899 fructusve
863 832 1201 911 percipere
1229 831 1465 910 cuique
1491 832 1744 896 licuerit
1768 883 1787 909 ‚
1829 838 1892 896 id
1933 834 2128 897 etiam
2150 882 2166 910 ‚
2198 846 2514 913 quantum
2556 840 2865 914 pecuniae
2909 835 3030 913 ipsi
3068 836 3324 899 heredi·

508 938 704 995 busve
733 934 871 1008 ejus
897 933 1212 991 debeatur
1235 978 1251 1006 ,
1285 928 1758 991 aestimandum
1795 934 1877 992 sit
1895 930 1964 1008 21)
1984 978 2000 1003 ,
2032 942 2173 994 tum
2208 952 2368 995 vero
2390 938 2470 1006 2)
2512 938 2669 1011 quid
2706 943 3108 1011 quantumve
3135 932 3324 995 resti·

508 1037 819 1094 tuendum
839 1028 919 1091 sit
944 1032 1171 1100 actori,
1196 1047 1272 1089 ex
1290 1027 1511 1091 iisdem
1538 1032 1672 1091 sere
1694 1030 1936 1109 legibus
1949 1030 2307 1111 judicetur,
2333 1037 2565 1111 quibus
2586 1031 2975 1096 naturalium
2990 1036 3318 1095 fructuum

512 1131 1055 1191 restituendorum
1076 1122 1359 1187 officium
1386 1122 1631 1198 regitur
1652 1124 1739 1192 ²²).

1047 337 1200 381 PARS
1235 339 1395 382 svm.
1438 340 1555 381 Lm.
1598 339 1669 382 11.
1711 341 1788 382 DE
1826 339 2014 382 REBUS
2054 341 2326 392 nummo.
2371 341 2657 385 nomme.

549 1272 693 1332 229.
724 1271 787 1345 2)
806 1266 1200 1345 Funqibilium
1224 1283 1419 1326 rerum
1441 1264 1664 1341 fructus
1689 1285 1734 1326 s.
1759 1276 1987 1327 usurae.
2014 1272 2091 1343 (⁴¹)
2122 1272 2181 1345 a)
2198 1272 2426 1330 Earum
2450 1280 2506 1330 et
2532 1271 2689 1330 notio
2707 1279 2762 1328 et
2785 1271 3326 1330 constituendarum

538 1366 544 1371 ’
1529 1365 2020 1447 tollendarumque
2047 1387 2269 1429 causae.

588 1516 788 1572 Usura
830 1517 930 1570 est
959 1506 1149 1569 sortis
1181 1509 1228 1582 ¹)
1256 1511 1537 1568 accessio
1561 1551 1579 1584 ‚
1621 1525 1790 1582 quae
1830 1527 1951 1584 pro
1997 1508 2400 1584 fungibilium
2444 1529 2665 1572 rerum
2708 1515 2948 1592 (5220.
2974 1514 2994 1586 )
3023 1530 3187 1583 usu,
3219 1522 3332 1572 aut

504 1628 806 1674 concesso
847 1618 961 1669 aut
1006 1607 1346 1684 impedito,
1396 1610 1810 1683 rependenda
1857 1618 1955 1669 est
1985 1607 2056 1685 ²).
2097 1614 2272 1688 Quae
2309 1613 2569 1687 quidem
2602 1615 2665 1670 in
2704 1615 2929 1672 eodem
2966 1630 3197 1672 rerum
3236 1630 3331 1686 ge·

501 1729 658 1774 nere
677 1755 695 1788 ‚
729 1713 952 1785 quales
968 1711 1326 1786 debentur,
1370 1712 1748 1783 plerumque
1779 1713 2205 1783 praestandae
2235 1719 2423 1786 sunt3
2449 1721 2665 1786 potest
2698 1720 2918 1772 tamen
2948 1722 3143 1787 pacto
3175 1729 3329 1772 con-

499 1807 737 1879 veniri,
764 1819 903 1870 tum
920 1852 936 1880 ‚
969 1816 1045 1867 ut
1072 1826 1148 1868 ex
1170 1805 1297 1867 alio
1321 1809 1516 1866 etiam
1552 1825 1788 1880 genere
1812 1811 2170 1878 solvantur,
2208 1819 2344 1870 tum
2366 1854 2382 1880 ‚
2410 1820 2486 1870 ut
2508 1814 2799 1871 creditor
2827 1815 3141 1873 debitoris
3162 1830 3236 1871 re
3262 1809 3326 1871 in

497 1911 702 1969 vicem
733 1922 1076 1966 usurarum
1104 1913 1326 1964 utatur
1357 1901 1439 1979 ³),
1473 1912 1931 1978 praeterquam
1962 1902 2026 1963 in
2068 1906 2384 1966 fructibus
2428 1916 2655 1968 mutuo
2680 1905 2846 1968 datis
2872 1905 2943 1980 ⁴).
2991 1911 3139 1967 Jam
3172 1926 3329 1969 vero

497 2025 842 2068 usurarum
869 2008 1324 2066 solvendarum
1369 2000 1646 2065 officium
1668 2021 1743 2063 ex
1770 2001 1866 2064 his
1887 2005 2159 2064 maxime
2189 2008 2427 2080 pendet
2461 2026 2477 2064 ε
2510 2015 2585 2066 ut
2613 2009 2896 2065 debitum
2941 2016 3267 2082 appareat
3284 2007 3331 2081 ε’)

493 2102 841 2181 ejusmodi,
892 2107 958 2164 in
1008 2108 1182 2180 quod
1219 2106 1514 2164 usuraria
1554 2101 1858 2176 obligatio
1899 2107 2132 2165 cadere
2176 2113 2426 2181 potest,
2472 2114 2611 2165 tum
2643 2108 2839 2166 etiam
2892 2108 3087 2182 hujus
3133 2109 3329 2181 ipsius

493 2207 893 2279 obligationis
936 2202 1274 2279 peculiaris
1303 2201 1471 2264 adsit
1507 2220 1736 2271 causa,
1770 2222 1965 2279 quam
2006 2208 2177 2280 leges
2202 2215 2316 2266 aut
2340 2208 2882 2281 comprobarunt,
2931 2215 3047 2266 aut
3090 2213 3333 2268 consti·

495 2314 783 2367 tuerunt.
835 2310 1185 2365 Usurarum
1227 2322 1384 2365 vero
1420 2321 1646 2365 causas
1688 2306 1982 2365 bifariam
2013 2302 2306 2365 dividunt
2343 2308 2507 2382 juris
2552 2304 2756 2367 nostri
2800 2316 3107 2367 auctores
3145 2328 3163 2363 z
3217 2315 3332 2367 aut

492 2404 663 2462 enim
698 2403 762 2461 in
803 2403 1189 2474 obligatione
1216 2410 1365 2460 sunt
1390 2418 1626 2461 usurae
1648 2441 1668 2470 ‚
1697 2408 1811 2460 aut
1834 2419 1910 2461 ex
1936 2404 2145 2462 officio
2168 2403 2397 2478 judicis
2436 2406 2936 2478 proficiscuntur
2961 2402 3035 2477 ⁶).
3067 2410 3140 2464 ln
3168 2404 3325 2465 obli-

493 2504 752 2576 gatione
778 2509 929 2560 sunt
950 2517 1067 2560 eae
1094 2545 1112 2576 ‚
1155 2517 1323 2575 quae
1347 2503 1446 2559 vel
1482 2518 1559 2560 ex
1598 2508 1988 2562 testamento
2011 2505 2332 2562 debentur
2348 2501 2394 2577 1)
2421 2550 2437 2574 ,
2477 2508 2580 2563 vel
2613 2521 2689 2564 ex
2731 2507 3201 2572 conventione.
3246 2508 3325 2564 ad

482 2619 642 2677 quas
672 2603 930 2675 quidem
956 2597 1199 2676 foenoris
1230 2616 1464 2659 nomen
1493 2601 1720 2660 referri
1750 2605 1915 2662 solet
1933 2600 1976 2672 8)
1996 2648 2012 2673 ,
2044 2606 2145 2663 vel
2187 2621 2262 2662 ex
2290 2605 2750 2678 pollicitatione
2773 2602 2844 2677 9).
2886 2607 3324 2682 Quemadmo-

546 2742 626 2800 20)
658 2746 710 2790 1..
735 2741 783 2790 5.
812 2755 885 2801 pr.
911 2743 1002 2798 εἰς
1024 2741 1070 2789 1.
1104 2743 1158 2787 D.
1190 2742 1244 2792 Ιι,
1276 2744 1314 2788 t.
1351 2741 1404 2801 (κ
1423 2741 1476 2787 In
1500 2741 1860 2789 fideicommissi

485 2809 842 2866 persecutione.
865 2818 975 2851 cum
1010 2809 1117 2862 post
1143 2806 1318 2860 judicis
1352 2807 1644 2851 sententiam
1671 2816 1860 2852 moram

484 2871 681 2916 fecisset
701 2868 1018 2923 beres„iussit
1039 2869 1158 2925 lmp.
1185 2869 1247 2913 M.
1269 2869 1561 2922 Antoninus,
1584 2869 1862 2915 intermisso

483 2932 705 2989 legitimo
724 2939 958 2988 tempore,
978 2929 1105 2989 quod
1126 2931 1478 2986 condemnatis,
1502 2934 1791 2989 praestatur,
1813 2935 1865 2977 ut

486 3007 640 3052 usque
677 2997 736 3040 ad
777 2994 1066 3041 senientiam
1100 2992 1353 3039 commoda
1391 2993 1863 3041 fideicommissarius

487 3058 707 3115 accipiat.
733 3056 868 3112 Quod
891 3054 1141 3102 decretum
1175 3056 1241 3101 ita
1273 3056 1424 3112 accipi
1446 3062 1666 3115 oportet,
1686 3056 1725 3101 si
1748 3063 1863 3103 ante

482 3119 659 3175 ,iudicis
694 3118 984 3164 sententiam
1023 3129 1159 3163 mora
1180 3119 1295 3164 'uon
1334 3117 1624 3177 intes-veum
1659 3117 1868 3166 tametsi

488 3193 595 3228 non
618 3180 776 3233 facile
796 3182 1009 3230 evenire
1025 3181 1220 3241 possit,
1249 3182 1310 3225 ut
1332 3192 1481 3227 mora
1515 3193 1626 3227 non
1642 3191 1868 3236 praece·

484 3244 644 3289 dente
679 3244 1025 3299 perveniatur
1062 3243 1137 3290 ad
1157 3242 1390 3300 judicem
1412 3257 1433 3287 .·
1455 3242 1555 3289 sed
1574 3245 1705 3300 puta
1740 3243 1870 3303 leyis

449 3351 454 3358 ,
485 3305 751 3353 Falcidiae
784 3308 1040 3354 rationem
1076 3302 1445 3353 intervenisse.
1484 3306 1764 3363 Caeterum,
1800 3307 1868 3367 si,

484 3374 747 3428 antequam
776 3371 838 3416 ad
856 3369 1071 3424 judicem
1099 3369 1459 3427 perveniretur,
1488 3369 1538 3413 in
1565 3379 1702 3415 mora
1724 3370 1867 3415 heres

487 3431 607 3491 fuit,
647 3432 819 3477 exinde
855 3433 1101 3478 fructuum
1134 3429 1538 3488 praestandorum
1579 3433 1866 3478 necessitate

485 3492 765 3548 adstrictus,
787 3506 882 3552 qua
903 3494 1101 3539 tandem
1125 3494 1331 3550 ratione,
1351 3494 1584 3549 quoniam
1605 3497 1654 3538 et
1673 3498 1868 3540 senten-

486 3556 553 3602 tia
569 3558 723 3602 victus
739 3561 830 3613 est,
849 3555 1049 3612 legitimi
1068 3555 1298 3613 temporis
1315 3556 1472 3612 spatio
1491 3554 1729 3601 fructibus
1748 3555 1868 3602 libe-

485 3618 694 3674 rabitur,
710 3629 821 3664 cum
840 3630 895 3664 ea
917 3619 1147 3674 temporis
1169 3618 1480 3673 intercapedo
1495 3616 1723 3672 judicatis
1744 3617 1865 3664 dita·

488 3681 671 3728 tionem
702 3681 844 3738 dare,
884 3692 981 3727 non
1018 3680 1206 3726 lucrum
1245 3680 1440 3726 adferre
1468 3679 1671 3726 debeat?
1694 3682 1720 3736 ς
1743 3680 1791 3726 1.
1813 3682 1866 3726 ln

489 3742 565 3788 his
587 3755 780 3801 quoque
805 3742 1029 3797 judiciis,
1052 3753 1176 3800 quae
1203 3753 1302 3787 non
1330 3746 1442 3788 sunt
1470 3741 1754 3799 arbitraria,
1779 3753 1867 3789 nee

488 3805 645 3852 bonae
683 3806 822 3862 fidei,
863 3810 971 3862 post
1005 3806 1141 3852 litem
1176 3808 1496 3850 contestatam
1534 3804 1685 3851 actori
1719 3815 1868 3852 causa

485 3869 774 3924 praestanda
791 3873 865 3913 est
886 3868 936 3914 in
954 3880 1068 3914 eum
1090 3867 1218 3912 diem
1230 3897 1247 3925 ,
1272 3877 1371 3924 quo
1387 3867 1627 3912 sententia
1647 3867 1830 3913 dicitur
1851 3882 1864 3912 :

485 3936 617 3977 certe
638 3938 746 3990 post
764 3942 868 3976 rem
881 3930 1153 3985 judicatam
1169 3934 1359 3984 tempus
1378 3940 1407 3975 a
1427 3928 1664 3975 fructibus
1685 3931 1870 3986 depen-

487 3992 658 4040 dendis
681 3994 894 4039 immune
916 3999 1007 4039 est.
1030 4007 1053 4033 ιο
1069 3993 1187 4037 —ln
1208 3988 1284 4036 his
1304 3989 1676 4049 itaquejudiciis
1695 4003 1870 4038 causae

490 4065 547 4101 ac
567 4054 815 4103 fructuum
838 4055 1250 4102 restituendorum
1273 4054 1401 4111 loco,
1424 4053 1516 4100 uisi
1536 4053 1596 4098 de
1616 4054 1675 4100 iis
1690 4055 1799 4110 jam
1818 4056 1872 4100 in

488 4117 827 4164 contrahendis
859 4116 1234 4175 obligationibus
1261 4122 1458 4162 cautum
1487 4114 1667 4174 fuerit,
1687 4118 1736 4162 in
1766 4115 1872 4173 ipso

487 4177 590 4226 litis
608 4181 807 4227 exordio
840 4185 1000 4227 certae
1020 4180 1250 4238 pecuniae
1284 4180 1567 4237 sponsiones
1588 4177 1739 4226 iactas
1763 4189 1869 4224 esse

489 4242 891 4301 existimaverim3
915 4253 1019 4300 arg.
1057 4242 1159 4291 Cic.
1198 4253 1270 4287 or.
1302 4254 1391 4299 pro
1423 4244 1559 4288 Rosc.
1592 4255 1637 4289 e.
1666 4239 1716 4288 4.
1747 4236 1797 4286 5.
1819 4245 1870 4287 et

491 4303 604 4361 ch'l
622 4305 737 4352 inst.
753 4306 831 4352 tv.
845 4302 989 4361 5167.
1005 4309 1054 4350 et
1070 4306 1096 4359 ς
1108 4301 1459 4350 171.—Caeter
1476 4303 1542 4349 cf.
1559 4303 1797 4351 Scholior.
1809 4303 1872 4349 ad

493 4368 674 4414 Basilis.
697 4373 853 4416 auctt.
876 4368 931 4412 T.
956 4368 1036 4414 lll.
1063 4381 1112 4425 p.
1135 4364 1405 4415 ato-430.
1429 4365 1567 4424 (quos
1590 4369 1719 4414 inter
1740 4368 1871 4426 ipsos

490 4432 551 4474 de
572 4431 744 4476 borum
768 4431 915 4476 locor.
941 4429 1341 4487 interpretatione
1358 4428 1459 4484 jam
1480 4429 1573 4474 fuit
1594 4430 1873 4487 dissensio),

492 4489 731 4549 cnjaoim
752 4493 822 4550 (in
844 4491 1114 4547 Papiniano
1133 4493 1193 4539 ad
1214 4493 1266 4540 h.
1292 4493 1347 4551 1.)
1367 4493 1518 4549 etqui
1541 4503 1655 4537 eum
1678 4497 1871 4538 secutus

489 4560 563 4599 est
587 4557 667 4601 Os.
691 4555 943 4600 Aureum
964 4554 1043 4610 (de
1065 4556 1326 4602 variantib.
1360 4553 1557 4612 cujacii
1578 4556 1872 4610 interpreta-

491 4618 662 4726 tion7i7b5.
687 4617 938 4673 Dispunct.
969 4617 1051 4663 32.
1080 4641 1143 4651 -
1171 4618 1222 4663 in
1246 4619 1445 4665 octonis
1469 4616 1683 4664 thesaur.
1710 4616 1769 4662 T.
1789 4617 1870 4662 111.

524 4711 537 4725 .
677 4680 823 4736 sqq.).

487 4691 521 4739 p
549 4741 630 4798 21)
660 4742 711 4787 1..
743 4739 820 4787 28.
841 4737 986 4788 1..ὔ8.
1009 4750 1082 4797 pr.
1104 4741 1160 4786 D.
1182 4740 1250 4786 de
1270 4739 1449 4794 ususr.
1473 4741 1595 4798 (Vll.
1619 4738 1856 4796 1.)-((21.

491 4805 542 4851 1..
562 4801 643 4850 58.
666 4805 692 4858 S
713 4804 761 4848 2.
785 4800 833 4849 5.
856 4800 906 4849 6.
930 4804 984 4849 D.
1010 4801 1086 4848 ad
1101 4803 1207 4848 Set.
1233 4805 1379 4851 Treb.
1402 4804 1628 4860 (xxxvl,
1653 4801 1719 4858 1.)

551 4865 633 4924 22)
654 4868 706 4913 L.
730 4861 808 4911 10.
832 4877 904 4923 pr.
931 4865 1021 4917 ets
1044 4866 1090 4910 1.
1114 4867 1167 4909 D.
1186 4864 1239 4910 Ιι.
1262 4869 1299 4912 e.
1339 4891 1400 4900 —-
1440 4866 1492 4910 1..
1516 4861 1597 4912 02.
1625 4867 1677 4912 1..
1700 4861 1781 4911 64.
1806 4866 1861 4911 D.

488 4930 555 4978 de
575 4931 637 4977 Β.
659 4930 729 4977 l'.
757 4952 809 4960 ——
829 4927 906 4974 Cf.
928 4927 979 4973 L.
1004 4926 1083 4973 20.
1105 4928 1133 4982 3
1157 4924 1234 4975 14.
1256 4928 1312 4975 D.
1334 4928 1403 4975 de
1420 4927 1538 4976 lter.
1556 4932 1668 4987 pet.
1692 4926 1771 4988 (Vi
1788 4924 1863 4986 δ.)

2529 2743 2702 2801 3229.

1987 2860 2047 2918 (”)
2069 2860 2176 2918 Dig.
2199 2860 2339 2918 (xxii
2356 2893 2371 2914 ‚
2394 2859 2462 2918 1.)
2484 2864 2532 2905 et
2554 2859 2674 2904 Cod.
2700 2859 2797 2915 (lv,
2815 2856 2920 2916 32.)
2941 2857 3010 2904 de
3031 2861 3246 2911 usuris.
3267 2887 3325 2894 —

1931 2924 1999 2970 CI.
2024 2922 2321 2969 Salmasius
2348 2922 2408 2967 de
2430 2924 2588 2968 usuris
2620 2922 2759 2967 liber.
2785 2921 2940 2976 Lugd.
2967 2922 3074 2967 Bat.
3100 2922 3248 2970 1639.
3270 2923 3325 2970 8.

1926 3009 1990 3092 -ι-
2013 2988 2070 3031 G.
2094 2984 2270 3033 Noode
2289 2987 2350 3032 de
2371 2984 2569 3031 foenore
2587 2989 2639 3030 et
2661 2983 2817 3031 usuris
2845 2983 2958 3029 libri
2982 2989 3082 3030 tres
3100 2985 3243 3045 (opp.
3260 2988 3322 3033 T.

1988 3059 2047 3167 q)
2071 3112 2126 3158 1..
2148 3110 2228 3160 40.
2255 3112 2307 3158 D.
2334 3047 2404 3157 ge
2432 3107 2545 3155 reb.
2577 3108 2725 3155 cred.
2749 3107 2869 3169 (xil,
2898 3104 2967 3164 1.)
2998 3132 3055 3140 -
3080 3108 3138 3155 1..
3162 3107 3248 3157 2⁴.
3266 3111 3329 3157 D.

1934 3171 2001 3218 de
2018 3185 2264 3229 praescr.
2291 3173 2437 3220 verb.
2463 3172 2604 3230 (xlx,
2624 3169 2695 3229 5.)
2721 3196 2777 3205 -—
2800 3171 2852 3215 L.
2880 3168 2959 3217 12.
2984 3173 3039 3216 C.
3064 3170 3125 3217 Ιι.
3147 3172 3190 3218 t.

1994 3236 2044 3292 2)
2077 3237 2131 3283 L.
2154 3238 2233 3283 12.
2262 3238 2313 3282 L.
2337 3233 2419 3283 23.
2440 3235 2495 3281 C.
2519 3233 2571 3279 Ιι.
2598 3237 2637 3281 t.
2685 3258 2739 3266 —
2766 3233 2816 3277 L.
2841 3232 2891 3277 3.
2916 3229 3013 3287 §⁴-
3037 3233 3093 3279 D.
3118 3233 3174 3280 Ιι.
3197 3237 3238 3280 e.
3264 3260 3323 3269 -

1932 3297 1984 3343 L.
2007 3296 2055 3344 8.
2081 3301 2132 3345 C.
2160 3300 2207 3348 si
2228 3301 2432 3347 certum
2463 3299 2702 3353 petatur.
2723 3294 2827 3349 (lv,
2848 3293 2920 3352 2.)
2934 3295 3052 3340 —L.
3074 3294 3158 3342 17.
3181 3300 3208 3354 ς
3231 3301 3325 3344 uu.

1931 3361 1987 3406 D.
2012 3361 2066 3407 Ιι.
2093 3364 2132 3407 t.
2163 3386 2219 3395 ——
2260 3361 2431 3407 Noodt
2453 3362 2486 3407 l.
2515 3359 2551 3407 l.
2579 3360 2687 3407 Lib.
2722 3359 2759 3403 1.
2785 3370 2830 3403 c.
2857 3356 2901 3402 1.
2929 3357 2999 3416 (p.
3029 3354 3141 3406 154.
3171 3355 3323 3417 155).

1929 3446 1991 3457 —
2030 3424 2249 3473 Pothier
2284 3424 2435 3470 Pand.
2472 3424 2653 3470 Justin.
2691 3420 2746 3468 b.
2788 3423 2825 3465 t.
2868 3420 2952 3465 ΝΡ.
2995 3421 3167 3468 xxlv.
3197 3423 3261 3468 T.
3285 3426 3324 3469 1.

1990 3547 2114 3604 3)1,.
2155 3549 2231 3599 16,
2261 3552 2315 3598 c.
2352 3550 2404 3598 12,
2449 3554 2486 3598 e.
2527 3574 2585 3585 --
2624 3547 2680 3593 L.
2706 3543 2784 3591 11.
2809 3546 2836 3600 s
2862 3545 2909 3590 1.
2936 3545 2992 3590 D.
3014 3542 3321 3606 depiynor.

1926 3608 2055 3717 (2301,
2079 3612 2146 3670 1.)
2184 3641 2241 3651 -
2274 3615 2327 3660 L.
2356 3611 2434 3661 14.
2460 3616 2514 3660 C.
2537 3611 2589 3658 Ιι.
2615 3613 2653 3656 t.
2682 3631 2736 3641 -—
2761 3607 2839 3652 Cf.
2877 3606 3054 3653 Noode
3076 3607 3187 3656 Lib.
3214 3609 3255 3656 1.
3276 3622 3326 3657 c.

1967 3705 1978 3717 .
2005 3673 2055 3717 in
2081 3675 2116 3720 f.

1995 3730 2119 3791 ⁴)1..
2145 3736 2224 3785 25.
2250 3741 2302 3787 C.
2327 3738 2379 3785 Ιι.
2406 3742 2443 3785 t.

1992 3793 2041 3853 5)
2055 3799 2376 3860 Caeteroquin
2390 3801 2489 3846 vid.
2508 3795 2623 3846 1..6.
2645 3798 2671 3852 S
2690 3796 2737 3841 1.
2756 3798 2808 3844 D.
2823 3796 2875 3843 ἡ.
2893 3799 2931 3842 t.
2953 3795 3042 3852 (cf.
3066 3800 3177 3841 not.
3206 3794 3327 3854 12).

1994 3861 2045 3917 6)
2068 3863 2119 3907 1..
2144 3860 2222 3911 49.
2248 3866 2274 3919 3
2300 3864 2343 3910 1.
2370 3866 2423 3909 1).
2447 3862 2515 3909 de
2544 3875 2596 3909 a.
2628 3871 2676 3906 e.
2701 3855 3119 3915 υ.(Χ1Κ,1.)-
3163 3857 3328 3906 1,.54.

1933 3934 2007 3980 pr.
2030 3924 2085 3969 D.
2110 3925 2207 3973 loc.
2233 3926 2374 3982 (mx,
2406 3925 2477 3982 2.)
2504 3950 2559 3958 —
2593 3924 2645 3970 1..
2668 3919 2749 3968 58.
2776 3934 2851 3980 pr.
2876 3923 2931 3966 D.
2966 3919 3044 3966 ad
3064 3922 3176 3967 Set.
3209 3923 3333 3967 Tre·

1933 3985 2051 4032 bell.
2078 3987 2308 4042 (xxxvl.
2329 3988 2396 4045 1.)
2413 4013 2471 4020 -
2486 3988 2635 4033 Aliter
2652 3986 2852 4042 quidem
2879 3982 3161 4030 Weberus
3183 3984 3332 4038 (uber

1933 4049 2012 4095 die
2034 4049 2205 4098 recbtl.
2230 4052 2426 4097 Grunde
2449 4050 2499 4096 d.
2530 4047 2811 4102 Vei-bineli„
2834 4047 3013 4091 zimen
3038 4057 3106 4090 zu
3134 4045 3328 4092 besali-

1935 4111 2045 4160 len.
2072 4112 2120 4158 in
2151 4115 2247 4160 den
2274 4115 2407 4159 vers.
2439 4113 2560 4157 uber
2594 4112 2646 4157 d.
2677 4111 2838 4155 Civilr.
2872 4107 2955 4153 Nr.
2992 4108 3100 4162 111.)
3136 4113 3189 4154 et
3220 4115 3335 4166 post

1934 4174 2064 4219 bunc
2093 4176 2308 4234 plerique
2335 4175 2658 4220 recentiorum
2687 4172 2814 4217 banc
2836 4182 2942 4216 rem
2964 4171 3221 4227 explicare
3244 4183 3334 4216 co-

1933 4237 2036 4282 nati
2062 4242 2192 4284 sunt.
2232 4243 2287 4283 At
2322 4238 2648 4283 Romanorum
2670 4235 2919 4286 definitio.
2943 4239 3001 4278 ut
3022 4236 3099 4277 est
3128 4233 3331 4291 simpli·

1933 4299 2126 4346 sissima
2145 4333 2160 4357 ‚
2188 4311 2455 4357 omnesque
2481 4309 2736 4344 usui-arum
2758 4308 2928 4343 causas
2957 4294 3337 4352 complectens,

1936 4361 2000 4406 ita
2030 4373 2110 4408 eas
2143 4374 2400 4408 usurarum
2423 4362 2632 4417 species,
2655 4371 2780 4418 quae
2802 4365 2853 4405 et
2878 4359 3038 4404 libero
3062 4356 3332 4405 hominum

1934 4425 2138 4471 arbitrio
2166 4425 2527 4471 constituuntur
2549 4429 2597 4468 et
2630 4421 2864 4479 separatis
2899 4418 3193 4466 actionibus
3225 4422 3331 4477 ple·

1934 4498 2140 4545 rumque
2163 4487 2260 4544 peti
2277 4485 2871 4544 possunt,accuratissime
2890 4483 2953 4528 ab
2976 4483 3033 4527 iis
3056 4481 3330 4542 disjungit,

1936 4560 2144 4607 quarum
2174 4550 2317 4607 longe
2343 4550 2532 4597 diversa
2574 4553 2648 4593 est
2684 4547 2809 4594 ratio
2835 4559 2896 4594 ac
2927 4546 3002 4591 vis
3032 4543 3125 4602 (cf.
3158 4547 3187 4601 ς
3209 4542 3325 4591 23¹.

1937 4623 2014 4657 nr.
2040 4612 2106 4668 1).

1996 4671 2047 4730 7)
2068 4675 2119 4720 L.
2144 4671 2193 4719 5.
2216 4676 2242 4730 S
2259 4671 2306 4720 6.
2333 4675 2388 4719 D.
2411 4671 2479 4718 de
2498 4669 2699 4717 annuis
2720 4668 2819 4728 leq.
2843 4669 3075 4727 (xxxta,
3102 4670 3174 4725 1.)

1997 4733 2047 4794 8)
2072 4739 2124 4783 L.
2148 4734 2227 4782 33.
2253 4738 2307 4781 D.
2327 4734 2394 4781 de
2416 4734 2478 4782 R.
2499 4734 2693 4790 C.(xt1,
2712 4732 2843 4788 1.)-
2864 4734 2917 4779 L.
2941 4729 3029 4778 58.
3052 4728 3148 4781 52.
3172 4733 3226 4779 D.
3249 4732 3334 4779 ad

1925 4801 2032 4849 Set.
2060 4798 2209 4847 Treb.
2233 4797 2469 4854 (xxxvl,
2490 4797 2556 4845 1.)
2580 4819 2644 4831 -
2672 4793 2746 4840 Cf.
2767 4793 3065 4843 Salmasius
3096 4793 3161 4839 de
3184 4807 3329 4843 usur.

1926 4873 1971 4909 c.
1994 4861 2043 4908 2.
2070 4858 2118 4909 ⁴.
2139 4859 2191 4908 7.
2214 4866 2266 4906 et
2283 4862 2456 4908 Noodt
2477 4858 2581 4905 Lib.
2606 4860 2644 4905 1.
2668 4870 2712 4903 c.
2736 4856 2783 4904 2.
2809 4857 2920 4904 init.
2940 4862 2994 4904 et
3015 4870 3063 4905 c.
3085 4853 3140 4903 δ.

1987 4921 2039 4984 9)
2063 4925 2114 4972 L.
2145 4920 2224 4972 10.
2250 4925 2301 4969 D.
2325 4922 2396 4970 de
2410 4918 2624 4982 pollicit.
2646 4917 2718 4979 (L.
2746 4915 2846 4977 12.)
