3544 5506
917 674 1365 796 PARS
1458 671 2407 798 SPECIALIS.

1457 1345 1754 1423 LIBER
1814 1346 1874 1421 1.
2838 1361 2849 1388 ¹

1349 1623 1467 1692 DE
1513 1619 1981 1687 PERSONIS.

1515 1873 1746 1930 CAPUT
1788 1875 1833 1928 1.

663 2153 741 2194 DE
778 2149 1060 2193 rmsonls
1099 2147 1435 2202 mmmmm:
1473 2144 1887 2188 nlrrsnENTns
1925 2144 2277 2187 Genusum
2320 2145 2670 2188 exponrrmt.

1200 2369 1305 2402 ms.
1341 2357 1408 2413 (1,
1441 2353 1511 2415 5.)
1546 2368 1606 2402 υε
1639 2367 1794 2402 suro
1830 2366 2077 2402 ιοιιιωι.

811 2561 838 2635 5
883 2557 1015 2617 176.
1060 2560 1338 2618 Personas
1378 2559 1536 2618 notio
1576 2558 1850 2637 hujusque
1888 2558 2069 2637 ipsius
2109 2575 2248 2617 usus
2289 2558 2504 2618 varias.

318 2764 715 2833 Personam,
759 2780 929 2837 quae
963 2766 1220 2838 quidem
1251 2784 1289 2824 a
1318 2770 1728 2841 personando
1755 2769 1987 2829 dicitur
2015 2767 2086 2844 ¹),
2122 2776 2503 2843 potestatem
2534 2769 2698 2843 iuris
2719 2787 3058 2847 vocamus,

231 2856 367 2916 sive
398 2858 797 2918 facultatem
827 2867 893 2917 et
912 2860 1151 2933 jurium
1182 2867 1688 2921 exercendorum
1718 2870 1784 2922 et
1812 2864 2169 2924 officiorum
2197 2866 2677 2923 subeundorum
2709 2864 3065 2925 hominibus

221 2956 373 3028 jure
412 2962 707 3033 legeque
746 2963 1295 3021 accommodatam
1333 2970 1397 3021 et
1433 2967 1609 3022 velut
1640 2965 2018 3036 impositam.
2063 2968 2145 3023 Ex
2176 2979 2305 3038 quo
2338 2960 2731 3036 intelligitur,
2759 2967 2910 3037 quid
2945 2967 3061 3038 sit,

225 3056 404 3125 quod
444 3070 744 3128 persona
780 3056 1180 3129 abJudioetur
1208 3058 1315 3125 iis,
1350 3059 1458 3130 qui
1496 3069 1607 3116 aut
1641 3074 1903 3131 prorsus
1935 3060 2113 3118 nullo
2142 3066 2255 3117 aut
2277 3061 2462 3118 valde
2498 3058 2871 3131 imperfecto
2910 3076 3065 3130 gau-

224 3154 422 3212 deant
434 3155 608 3229 Jure
626 3150 673 3227 ²)
698 3163 958 3229 ;contra
979 3155 1212 3214 mirum
1241 3158 1443 3216 videri
1460 3174 1590 3217 non
1613 3159 1803 3217 debet
1819 3199 1835 3227 ,
1850 3165 1986 3216 tum
2002 3203 2017 3229 ‚
2040 3175 2171 3218 non
2188 3160 2380 3217 modo
2400 3158 2655 3230 singulis
2670 3158 3026 3216 hominibus
3042 3202 3058 3230 ‚

220 3265 451 3308 verum
476 3252 692 3309 etiam
712 3251 998 3323 pluribus
1014 3297 1029 3319 ,
1058 3254 1166 3326 qui
1185 3256 1288 3312 vel
1308 3270 1436 3312 una
1456 3261 1605 3312 sunt
1624 3255 1723 3311 vel
1745 3255 2048 3326 deinceps
2065 3296 2081 3310 .
2104 3253 2258 3327 quin
2280 3254 2468 3311 etiam
2489 3253 2681 3312 rebus
2697 3254 3059 3326 causisque,

217 3362 745 3421 nonnumquam
774 3348 965 3406 tribui
994 3364 1334 3421 personam
1359 3350 1444 3422 (C.
1476 3353 1548 3408 ll.
1582 3352 1643 3408 S.
1672 3352 1774 3416 ΙΙ.)
1795 3389 1811 3418 ,
1830 3355 1967 3407 tum
1997 3364 2151 3409 vero
2182 3352 2264 3408 ad
2291 3350 2534 3422 singula
2555 3349 2704 3421 jura
2732 3344 3065 3422 officiaque

215 3448 389 3505 trahi
411 3450 656 3507 solere
687 3463 1001 3519 personae
1029 3451 1416 3508 vocabulum
1435 3447 1509 3528 5).
1537 3450 1847 3526 Quoniam
1869 3449 2085 3522 itaque
2106 3465 2270 3507 unus
2292 3449 2486 3508 homo
2511 3450 2725 3521 plures
2755 3450 3066 3510 sustinere

212 3555 434 3618 potest
467 3561 806 3620 personas
833 3544 903 3620 ⁴),
933 3564 1336 3621 consequens
1358 3557 1487 3617 est,
1515 3550 1574 3621 1)
1596 3556 1669 3608 ut
1691 3551 1979 3621 singulae
2009 3563 2321 3622 personae
2342 3592 2357 3616 ‚
2383 3554 2707 3621 tamquam
2735 3564 2771 3606 a
2801 3548 3066 3607 diversis

213 3643 659 3713 hominibus,
700 3645 788 3702 ita
824 3646 907 3702 ab
945 3662 1079 3704 uno
1118 3646 1227 3705 illo
1265 3646 1545 3705 exerceri
1577 3651 1855 3719 queant,
1893 3644 2009 3702 nisi
2052 3649 2368 3718 quatenus
2403 3651 2516 3702 aut
2553 3644 2646 3702 lex
2686 3650 2798 3701 aut
2831 3658 3066 3702 causae

210 3741 414 3813 ipsius
445 3748 714 3798 natura
739 3781 755 3803 .
783 3755 912 3812 quo
936 3742 1145 3800 minus
1169 3742 1232 3799 id
1263 3743 1405 3808 ilat,
1438 3741 1893 3814 impedimento
1915 3741 1992 3798 sit
2013 3737 2094 3814 ⁵);
2120 3746 2453 3812 praeterea
2477 3741 2535 3806 2)
2566 3746 2639 3798 ut
2659 3782 2675 3805 ,
2701 3740 2876 3812 quod
2903 3740 3065 3797 alte·

207 3850 350 3896 ram
389 3844 699 3910 agentes
731 3850 1070 3908 personam
1110 3837 1484 3909 gesserimus
1523 3843 1637 3895 aut
1667 3851 1893 3909 gerere
1926 3834 2415 3902 instituerimus,
2456 3850 2532 3894 ex
2566 3835 2767 3893 altera
2805 3833 3064 3894 minime

861 4032 888 4086 S
921 4029 1031 4080 176.
1702 4028 2062 4089 ιπ.1.).-Ι..7.
2082 4028 2170 4089 35.
2187 4031 2239 4076 D.
2260 4029 2422 4077 delia.
2447 4029 2545 4089 leq.
2567 4028 2793 4086 (xxxiv,
2811 4027 3002 4087 3.)-1..
3020 4031 3074 4079 δ.

269 4094 318 4149 1)
343 4097 510 4144 Gemi
536 4096 605 4143 N.
637 4093 700 4138 Α.
725 4089 850 4145 V.7.
1703 4095 1757 4140 C.
1784 4094 1877 4140 Th.
1900 4094 1969 4140 de
1988 4100 2215 4140 mater-n.
2239 4093 2361 4140 bon.
2385 4091 2510 4147 (Vlll
2529 4125 2544 4147 ‚
2587 4089 2684 4148 18.)
2710 4106 2735 4133 «ι
2761 4115 2817 4124 -
2838 4093 3075 4149 majorem

267 4156 317 4213 ἲ)
343 4158 466 4207 vid.
489 4154 841 4212 Theophilus
863 4156 969 4210 ads
992 4156 1093 4202 21.
1117 4158 1186 4204 de
1207 4155 1391 4203 heroa.
1413 4155 1639 4204 insti!.—
1704 4155 1795 4202 sibi
1815 4156 1864 4202 in
1885 4156 2030 4202 rebus
2050 4156 2260 4202 filiorum
2281 4155 2524 4202 vindicare
2545 4165 2820 4212 personam.
2837 4169 2863 4195 n

205 4219 362 4265 Idem
387 4226 456 4268 ad
482 4235 578 4282 pr.
609 4221 654 4264 Ι.
680 4217 748 4262 de
769 4216 947 4273 sapui.
971 4229 1178 4266 servor.
1207 4244 1260 4251 —
1276 4220 1533 4265 Caeterum
1554 4230 1643 4264 usu
1769 4214 1818 4275 4)
1840 4218 1896 4265 J.
1921 4218 1988 4264 H.
2023 4216 2197 4263 Her-tii
2217 4220 2271 4263 D.
2293 4218 2352 4262 de
2377 4229 2473 4264 uno
2503 4216 2701 4265 homine
2735 4220 2900 4273 plnres
2933 4219 3079 4265 susti·

201 4280 445 4338 loquendi
493 4280 717 4338 vulgari
756 4290 987 4332 personae
1029 4282 1322 4328 vocabulum
1355 4292 1414 4326 eo
1449 4280 1635 4326 traduci
1700 4283 1850 4326 nente
1864 4291 2093 4336 personas
2114 4280 2130 4335 (
2148 4290 2316 4336 opusc.
2354 4280 2461 4325 Vol.
2486 4282 2522 4325 l.
2545 4280 2605 4324 T.
2625 4279 2673 4322 3.
2699 4291 2747 4337 p.
2774 4277 2834 4324 27
2858 4304 2919 4313 —
2943 4279 3020 4329 ⁴⁴.
3039 4283 3073 4338 ).

200 4345 365 4403 eoepit
389 4383 406 4403 ,
453 4353 518 4394 ut
555 4345 734 4391 etiam
753 4339 1000 4388 hominem
1023 4344 1287 4400 significet,
1311 4344 1442 4389 velut
1484 4343 1535 4388 1..
1555 4342 1635 4388 22.
1704 4364 1759 4373 -
1787 4342 1837 4387 C.
1861 4345 1916 4389 S.
1949 4340 2259 4389 Zachariae
2278 4339 2384 4388 Lib.
2427 4341 2703 4400 quaestion.
2723 4341 2812 4396 Qu.
2841 4342 2917 4388 Vl.
2939 4355 2990 4402 p.
3014 4342 3077 4391 49

200 4416 276 4461 pr.
298 4409 357 4453 n.
380 4410 461 4456 de
485 4419 620 4467 req.
634 4406 766 4461 jur.
793 4428 847 4436 -
870 4403 946 4450 Cf.
969 4406 1036 4452 Η.
1063 4404 1229 4453 Groui
1249 4405 1389 4452 flores
1401 4406 1555 4464 sparsi
1577 4403 1637 4451 ad
1701 4413 1809 4462 sqq.

201 4467 320 4515 lust.
346 4471 553 4517 sustin.
592 4482 654 4527 p.
686 4463 766 4511 16.
1319 4460 1328 4479 “
1765 4466 1816 4523 5)
1837 4467 1884 4524 a)
1908 4468 1960 4512 L.
1980 4464 2029 4512 ὅ.
2052 4467 2106 4513 D.
2133 4464 2200 4511 de
2221 4463 2400 4522 adopt.
2437 4465 2530 4521 (1.
2567 4461 2658 4521 7.)
2698 4489 2758 4497 -
2779 4466 2830 4511 Ι..
2856 4466 2904 4513 2.
2934 4469 2987 4513 D.
3011 4467 3079 4516 de

257 4529 307 4589 3)
325 4535 445 4582 θέε.
477 4536 552 4580 de
577 4542 674 4577 or.
703 4529 742 4583 l,
764 4523 845 4574 57.
869 4528 916 4583 (ιι
934 4552 994 4562 —-
1017 4531 1240 4588 quihanc
1262 4540 1516 4587 personam
1534 4541 1642 4575 sus·
1703 4527 1843 4584 amc.
1864 4531 2111 4576 Praetor.
2137 4530 2203 4585 (1,
2232 4526 2329 4585 1⁴.)
2353 4552 2413 4560 —
2436 4527 2489 4572 Ι..
2508 4527 2553 4572 2.
2580 4527 2633 4572 D.
2659 4523 2725 4572 de
2745 4524 2881 4582 ome.
2907 4531 3078 4578 Prae-

195 4597 412 4655 βψω-ῆι,
434 4603 504 4644 ut
527 4593 832 4641 amicorum
854 4593 1204 4638 controversias
1219 4604 1484 4650 causasque
1508 4597 1641 4637 tuea-
1701 4591 1804 4639 sid.
1844 4593 1904 4649 (l,
1939 4590 2039 4651 18.)
2063 4616 2121 4624 -
2138 4592 2189 4636 l..
2213 4589 2261 4638 5.
2300 4590 2370 4637 de
2400 4600 2636 4635 manum.
2679 4589 2829 4636 viad.
2869 4591 2984 4651 (XL,
3006 4592 3078 4651 2.)

198 4657 294 4705 tar.
321 4672 347 4701 a
374 4660 394 4716 )
437 4662 482 4708 n
505 4694 525 4717 ‚
552 4652 652 4702 24.
700 4653 719 4709 (
743 4667 847 4694 ιι-
867 4661 964 4699 tres
1008 4666 1236 4713 personas
1269 4666 1395 4700 unus
1427 4656 1643 4701 sustineo
1707 4661 1758 4701 et
1782 4656 1894 4712 Arg.
1918 4667 1961 4700 c.
1988 4653 2139 4701 mx.
2161 4653 2349 4712 quim.
2371 4652 2477 4699 sint
2500 4650 2727 4711 quite'ml.
2754 4652 2870 4708 (lv.
2896 4651 2994 4711 17.)
3015 4680 3079 4690 --

202 4728 409 4768 summa
483 4718 673 4768 animi
728 4716 995 4772 aequitate.
1020 4732 1045 4760 n
1087 4718 1104 4775 )
1159 4719 1226 4763 De
1278 4715 1406 4764 offic.
1462 4718 1480 4763 Ι
1507 4749 1523 4775 ,
1562 4715 1643 4763 50.
1711 4718 1762 4764 1..
1786 4729 1872 4764 un.
1893 4717 1918 4772 S
1940 4717 1989 4762 Β.
2013 4717 2068 4763 D.
2092 4714 2310 4771 deame.
2330 4715 2534 4762 consul.
2556 4714 2617 4771 (1,
2642 4713 2898 4770 loq—ct.
2925 4719 3076 4764 Hert.

200 4778 244 4833 (ι
273 4806 331 4815 -
355 4784 587 4831 duabus
615 4778 771 4838 quasi
799 4788 887 4822 nos
925 4788 953 4821 a
981 4783 1154 4825 natura
1194 4778 1393 4826 indutos
1414 4790 1516 4823 esse
1538 4791 1649 4837 per-
1712 4781 1839 4827 sect.
1863 4781 1901 4824 1.
1923 4782 1949 4835 ς
1969 4775 2016 4825 5.
2042 4779 2170 4825 Seet.
2188 4779 2271 4824 IV.
2291 4780 2317 4833 S
2337 4777 2451 4825 9.-
2473 4777 2522 4833 b)
2543 4778 2594 4822 L.
2624 4774 2702 4822 12.
2724 4788 2798 4834 pr.
2823 4779 2877 4825 n.
2893 4777 2959 4827 de
2980 4779 3079 4841 leq.

200 4847 339 4896 senis
361 4863 392 4892 n
417 4851 437 4908 )
461 4851 524 4895 et
547 4844 651 4892 32.
695 4838 805 4897 (cf.
830 4841 1050 4893 Ernesti
1068 4843 1140 4889 Cl.
1175 4842 1274 4889 Cic.
1317 4853 1364 4887 v.
1404 4843 1650 4889 Persona
1713 4843 1818 4889 1.-
1841 4840 1992 4889 Koch
2009 4853 2139 4889 succ.
2164 4842 2226 4888 ab
2242 4842 2331 4889 int.
2357 4845 2543 4887 auctar.
2564 4839 2641 4885 lu.
2676 4839 2725 4885 S.
2747 4839 2784 4885 1.

2661 4953 2746 5013 22
