3544 5506
1118 333 1248 377 cn.
1287 335 1361 377 u.
1404 335 1478 377 ns
1514 336 1667 382 suan
1700 339 2114 385 rossnssioms.
2907 328 3018 385 225

210 449 402 512 bendi
442 450 513 526 ¹).
564 455 652 511 Ex
678 467 885 525 eaque
921 451 1206 510 nascitur
1228 452 1334 526 jus
1360 458 1770 525 possessionis
1789 501 1805 526 ‚
1836 475 1968 519 non
1998 456 2521 517 confundendum
2543 460 2697 518 illud
2719 473 2840 518 nec
2867 459 3017 519 cum

203 550 351 624 jure
375 549 736 623 possidendi
756 545 823 619 ²),
856 558 978 608 nec
1005 564 1155 607 cum
1188 565 1265 607 ea
1304 551 1703 625 conditione,
1740 571 1910 628 quae
1944 555 2210 615 omnino
2234 555 2440 612 oritur
2460 571 2535 613 ex
2558 555 2722 628 Juris
2749 552 3016 615 liberta-

209 647 419 719 tisque
439 661 560 704 usu
589 651 786 718 atque
815 641 1124 704 exercitio
1153 644 1199 724 ςς
1222 647 1256 703 7
1261 642 1373 718 5.),
1410 649 1696 719 quamvis
1718 657 1784 709 et
1809 651 1891 709 ad
1908 650 2084 707 illum
2104 664 2325 725 usum,
2348 655 2414 708 et
2436 650 2517 707 ad
2539 650 2662 707 alia
2687 651 3022 723 complura

211 742 476 801 Romani
506 741 915 815 possessionis
933 741 1318 800 vocabulum
1345 741 1590 803 referre
1607 744 1771 803 soliti
1797 746 1923 803 sint
1942 791 1960 818 ‚
1981 750 2160 803 certe
2190 759 2267 802 ex
2293 745 2536 816 vulgari
2570 745 2875 817 loquendi
2913 762 3021 805 ra-

211 841 385 900 tione
409 841 486 915 ³).
513 846 654 900 Jam
671 856 830 900 vero
852 841 983 899 duo
1007 835 1290 912 inprimis
1306 849 1456 900 sunt
1484 846 1662 902 velut
1684 845 1948 919 propria
1970 843 2380 917 possessionis
2399 844 2568 917 iura.
2607 847 2890 904 Alterum
2912 845 3019 903 in-

211 938 635 997 terdictorum
671 952 788 995 usu
815 936 1127 1004 cernitur,
1164 951 1332 1009 quae
1363 938 1619 1011 quidem
1640 935 2048 1012 possessionis
2074 940 2175 998 vel
2199 941 2679 998 conservandae
2710 942 2810 998 vel
2837 955 3024 1000 recu-

213 1039 544 1110 perandae
579 1052 773 1097 causa
816 1043 1191 1109 comparata
1228 1044 1379 1096 sunt
1426 1034 1893 1111 possidentibus
1916 1058 1934 1113 3
1960 1041 2156 1113 idque
2177 1040 2283 1114 jus
2311 1056 2386 1100 ex
2411 1037 2821 1113 possessionis
2849 1043 3026 1101 velut

212 1135 427 1193 nativa
449 1134 733 1192 manavit
753 1133 990 1200 indole,
1016 1127 1167 1190 nihil
1187 1133 1532 1206 quicquam
1551 1137 1948 1202 desiderans,
1965 1143 2227 1209 praeter
2238 1137 2331 1195 rei
2357 1137 2721 1196 custodiam
2748 1151 2870 1195 nec
2892 1152 3027 1197 non

213 1231 476 1290 dominii
509 1232 791 1289 animum
818 1234 1013 1301 atque
1038 1228 1339 1287 affectum
1362 1226 1428 1303 ⁴).
1474 1233 1756 1291 Alterum
1806 1233 1994 1291 latius
2043 1238 2255 1307 patet,
2297 1233 2533 1306 quippe
2574 1233 2749 1304 quod
2792 1247 3026 1293 usuca-

214 1327 426 1400 piendi
451 1326 753 1385 facultate
780 1320 1194 1399 continetur3
1244 1340 1413 1397 quae
1445 1331 1519 1382 ut
1562 1327 1911 1398 efficiatur,
1942 1328 2067 1387 alia
2097 1328 2288 1387 etiam
2318 1335 2579 1400 praeter
2606 1328 2866 1386 dominii
2889 1329 3027 1387 ani·

214 1443 390 1486 mum
432 1425 786 1485 detentioni
828 1425 1140 1483 accedant
1172 1438 1431 1483 necesse
1469 1432 1565 1485 est
1586 1422 1656 1499 ⁵).
1684 1423 1874 1485 Hisce
1911 1427 2103 1499 igitur
2130 1427 2381 1486 duobus
2409 1422 2625 1486 omnia
2649 1419 3021 1504 contineri,

216 1538 638 1597 quaecunque
664 1516 1043 1594 possessioni
1070 1526 1399 1594 tamquam
1441 1517 1678 1598 jurium
1723 1517 2029 1582 effectrici
2066 1524 2437 1581 tribuantur
2462 1566 2481 1596 ‚
2521 1530 2621 1581 sat
2656 1519 2869 1582 solidis
2907 1524 3026 1582 de-

215 1623 496 1680 fenditur
519 1619 915 1691 argumentis
933 1614 1002 1690 ⁶).
1041 1620 1165 1676 Nec
1188 1617 1357 1675 enirn
1387 1618 1732 1689 quicquam
1760 1619 1976 1692 juvat,
2028 1619 2199 1678 inter
2232 1618 2583 1691 peculiaria
2609 1619 3025 1691 possessionis

208 1718 353 1792 jura
381 1722 498 1776 aut
529 1732 606 1774 ea
643 1714 889 1781 reterri,
922 1729 1089 1787 quae
1116 1728 1263 1771 cum
1286 1713 1701 1786 usucapiendi
1737 1716 2106 1774 conditione
2125 1715 2256 1789 jam
2281 1731 2394 1773 sua
2418 1722 2649 1792 sponte
2666 1716 3022 1789 conjuncta

216 1822 357 1873 sunt
378 1859 395 1885 ‚
434 1820 509 1870 ut
533 1812 900 1870 Publiciana
929 1811 996 1868 in
1023 1825 1160 1868 rem
1187 1810 1392 1880 actio,
1441 1816 1516 1867 ut
1553 1808 1878 1869 fructuum
1910 1812 2235 1884 perceptio
2267 1830 2283 1885 3
2329 1818 2441 1868 aut
2476 1810 2648 1872 illam
2671 1811 3022 1884 rationem,

218 1930 377 1987 quae
402 1914 620 1972 statim
648 1907 880 1970 efficiat
900 1958 916 1981 ‚
951 1916 1024 1968 ut
1054 1925 1174 1983 per
1201 1911 1660 1983 possessionem
1685 1917 2038 1983 quaeratur
2066 1911 2416 1969 dominium
2440 1951 2456 1976 ‚
2483 1911 2769 1984 quamvis
2790 1911 2857 1969 in
2881 1926 3026 1970 eam

219 2009 615 2069 necessariae
661 2006 1077 2081 possessionis
1104 2005 1537 2078 acquirendae
1562 2006 1961 2064 conditiones
1980 2007 2205 2079 utique
2244 2005 2653 2065 conveniant.
2703 2006 2796 2064 Ac
2817 2009 3024 2066 multo

220 2107 401 2163 etiam
433 2105 647 2162 minus
696 2104 780 2161 ad
828 2101 1238 2175 possessionis
1266 2115 1526 2159 causam
1557 2102 1879 2174 pertinere
1906 2108 2204 2174 possunt,
2250 2117 2417 2175 quae
2461 2103 2625 2173 quis,
2660 2102 2847 2173 longe
2889 2103 3027 2163 aliis

221 2216 364 2261 usus
383 2202 678 2276 juribus,
710 2202 859 2259 licet
886 2199 1058 2258 circa
1102 2213 1273 2268 rem,
1315 2212 1483 2271 quae
1523 2197 1606 2255 ab
1635 2212 1717 2256 eo
1742 2203 2066 2268 teneatur,
2101 2205 2214 2256 aut
2234 2204 2383 2269 agat
2422 2203 2535 2255 aut
2562 2197 2679 2255 sibi
2710 2198 2988 2257 vindicet
3007 2239 3025 2269 ,

218 2299 392 2356 velut
425 2298 475 2356 si
499 2296 938 2355 moderamine
984 2295 1353 2366 inculpatae
1382 2294 1625 2351 tutelae
1663 2300 1885 2353 utatur
1923 2307 2248 2366 possessor
2274 2293 2293 2368 (
2311 2291 2336 2363 §
2378 2293 2522 2353 155.
2556 2299 2693 2352 not.
2733 2297 2791 2353 1.
2821 2299 2870 2363 ),
2915 2300 3028 2353 aut

219 2396 350 2454 doli
372 2398 740 2470 exceptione
768 2411 870 2469 ea,
895 2410 1094 2469 quam
1121 2401 1356 2453 vocant
1384 2393 1492 2466 jus
1519 2394 1895 2453 retentionis
1923 2391 1994 2468 ⁷),
2025 2400 2139 2450 aut
2166 2407 2244 2452 eo
2268 2393 2417 2465 ,iure
2436 2436 2454 2468 ‚
2484 2409 2618 2466 quo
2645 2408 2844 2452 onere
2872 2408 3023 2466 pro·

223 2494 417 2552 bandi
457 2512 599 2555 reus
636 2497 884 2555 levatur
908 2491 978 2568 ⁸).
1019 2499 1158 2553 Jam
1181 2510 1377 2562 vern,
1415 2509 1562 2552 curn
1606 2510 1682 2552 ex
1724 2496 1861 2553 sola
1902 2493 2295 2566 possessione
2318 2493 2468 2566 jura
2496 2494 2984 2564 proficiscantur
3006 2537 3023 2568 ,

223 2595 538 2668 sequitur,
563 2603 635 2654 ut
678 2596 864 2655 simul
889 2601 954 2653 et
977 2595 1218 2654 sactum
1243 2600 1309 2653 et
1342 2594 1449 2667 jus
1476 2594 1554 2652 sit
1580 2593 1912 2666 possessio.
1947 2597 2020 2651 Et
2050 2592 2290 2651 factum
2325 2593 2582 2666 quidem
2624 2593 2703 2649 ad
2734 2608 2990 2652 causam
3009 2635 3027 2664 ‚

211 2693 320 2766 J‘us
358 2696 439 2753 ad
467 2696 588 2753 vim
619 2701 688 2755 et
715 2701 1099 2770 potestatem
1127 2694 1263 2752 fere
1292 2692 1711 2752 referendum
1740 2701 1858 2753 est.
1886 2690 1961 2750 At
1990 2708 2145 2752 vero
2173 2693 2295 2752 hoc
2328 2709 2457 2751 non
2489 2699 2585 2750 est
2622 2698 3023 2766 perpetuum.

215 2793 544 2851 Interdum
568 2794 741 2852 enim
767 2800 833 2851 et
853 2791 1286 2864 acquirendae
1312 2798 1380 2849 et
1399 2792 1884 2851 conservandae
1910 2791 2321 2864 possessionis
2361 2790 2759 2849 conditiones
2806 2805 3027 2848 neces—

211 2888 418 2947 sariae
474 2904 607 2947 non
652 2890 934 2962 pendent
978 2903 1015 2945 e
1065 2886 1272 2954 facto,
1325 2887 1438 2945 sed
1480 2888 1563 2944 ad
1611 2902 1863 2961 merum
1903 2886 2009 2959 ,ius
2049 2886 2425 2945 referendae
2456 2893 2636 2955 sunt;
2689 2886 2880 2959 idque
2922 2887 3026 2944 vel

214 2985 490 3044 maxime
539 2987 888 3058 respiciunt
918 2984 1080 3058 juris
1111 2983 1312 3042 nostri
1356 2989 1656 3042 auctores
1696 3000 1712 3039 ι
1747 2978 1995 3039 multum
2022 2997 2098 3038 ex
2129 2981 2268 3056 jure
2309 2980 2571 3039 mutuari
2592 2978 2989 3056 possessionem
3008 3024 3025 3052 ‚

210 3083 309 3139 vel
334 3082 544 3141 simile
569 3082 725 3157 quid
744 3128 760 3156 ,
791 3080 1219 3155 percipientes
1249 3075 1320 3153 ⁹).

311 3262 336 3334 S
359 3265 511 3325 235.
559 3264 642 3322 De
664 3262 986 3331 verborum,
1014 3278 1157 3340 quas
1182 3259 1261 3319 ad
1293 3265 1697 3335 arqwmentum
1720 3255 2082 3335 propositum
2113 3254 2436 3332 portinent,
2483 3249 2917 3331 siqnificatione.

283 3449 627 3509 Possidere
670 3443 867 3507 etiam
904 3447 966 3505 is
1001 3446 1268 3520 dicitur,
1320 3442 1429 3516 qui
1479 3440 1668 3500 nullis
1718 3440 1954 3511 gaudet
2011 3437 2421 3510 possessionis
2466 3435 2818 3493 commodis
2840 3430 2903 3498 ¹).
2956 3436 3032 3491 At

204 3559 396 3623 vern,
433 3564 594 3609 cum
628 3549 711 3607 de
752 3547 903 3621 jure
929 3544 1344 3620 possessionis
1378 3541 1710 3617 quaeritur
1734 3582 1750 3609 ‚
1801 3539 1948 3613 ipsis
1996 3540 2341 3597 verborum
2391 3536 2873 3609 dictionumque
2916 3537 3029 3591 aut

201 3647 746 3722 disjunctionibus
783 3654 896 3706 aut
942 3644 1445 3721 proprietatibus
1486 3641 1635 3700 satis
1682 3644 1984 3698 accurate
2027 3639 2107 3695 ab
2151 3638 2224 3695 iis
2247 3681 2264 3713 ‚
2315 3636 2426 3709 qui
2465 3635 2724 3708 quidem
2768 3632 3027 3707 proprie

201 3749 575 3820 possident,
623 3748 977 3824 sejungitur
1009 3747 1152 3819 ille,
1197 3746 1280 3804 ad
1307 3758 1503 3818 quem
1538 3736 1949 3815 possessionis
1971 3737 2122 3811 jura
2163 3752 2292 3796 non
2334 3736 2659 3810 pertinent
2672 3729 2742 3810 ²).
2791 3731 3025 3811 Quodsi

256 3930 303 3983 1)
325 3931 378 3975 L.
401 3932 452 3979 1.
479 3942 565 3988 pr.
598 3931 647 3973 et
668 3932 689 3984 ς
712 3928 762 3974 3.
795 3927 846 3973 1..
874 3924 955 3974 41.
985 3927 1042 3972 D.
1065 3923 1118 3971 Ιι.
1156 3928 1195 3970 t.
1225 3949 1280 3957 —-
1306 3924 1356 3970 1..
1395 3920 1472 3969 18.
1510 3934 1584 3980 pr.
1714 3917 1762 3976 6)
1787 3917 2022 3977 Saviqrqr
2045 3918 2071 3971 ς
2090 3914 2135 3962 3.
2184 3912 2231 3963 4.
2278 3938 2339 3947 —
2383 3912 2587 3958 Dissent.
2614 3905 2892 3982 Huseland
2925 3909 2960 3957 1.
2992 3910 3030 3959 l.

200 3990 310 4035 eod.
346 4016 411 4025 —-
460 3994 666 4038 Festus
697 3990 758 4035 de
788 3991 846 4036 V.
873 3990 922 4035 S.
958 3989 1010 4036 h.
1045 4000 1090 4035 v.
1144 3986 1241 4044 (ap.
1285 3983 1584 4038 Gothori-ed.
1651 3994 1705 4040 p.
1724 3979 1929 4028 50—41.
1954 3991 2002 4035 p.
2026 3975 2232 4026 49—52.
2259 4001 2319 4009 -
2341 3976 2625 4030 Scliweppe
2654 3974 2816 4028 jul-ist.
2842 3972 3026 4030 Magn.

198 4051 734 4112 p.571.).-Niebular
754 4053 891 4100 Rom.
911 4051 1084 4098 Gesch.
1108 4052 1146 4097 ll
1166 4062 1231 4107 .p.
1256 4047 1367 4095 361.
1383 4053 1484 4094 not.
1505 4046 1586 4094 72.
1653 4046 1689 4090 l.
1714 4057 1763 4115 p.
1787 4042 1849 4090 45
1870 4069 1923 4076 —
1946 4041 2028 4089 50.
2044 4066 2098 4074 —
2118 4038 2507 4109 Unlerlaolzner
2529 4037 2563 4081 l.
2589 4037 2622 4081 l.
2647 4047 2697 4092 p.
2716 4031 2809 4079 359
2825 4044 3026 4106 sqq.—

198 4140 256 4149 —
283 4118 537 4173 cuperus
561 4118 601 4162 l.
625 4117 659 4161 l.
685 4116 736 4160 P.
762 4115 797 4159 l.
822 4129 865 4163 c.
891 4113 938 4161 1.
956 4112 1256 4173 —Saviqny-
1275 4113 1301 4166 S
1324 4112 1370 4156 1.
1395 4122 1443 4167 p.
1463 4109 1516 4156 2.
1537 4112 1586 4157 3.
1654 4108 1831 4153 Contra
1857 4118 1998 4163 vero,
2032 4104 2162 4149 nulla
2194 4112 2385 4161 proprie
2414 4110 2517 4144 esse
2553 4097 2862 4154 possessionis
2883 4106 2997 4151 Jura
3013 4130 3030 4156 ‚

199 4176 285 4234 39.
304 4191 353 4238 p.
374 4180 445 4230 90
462 4192 546 4239 ος.
583 4178 683 4235 (ed.
704 4174 1098 4235 5.).-Rosslzirt
1126 4178 1172 4221 in
1208 4174 1376 4221 Archiv
1393 4172 1475 4218 fur
1498 4172 1594 4218 clv.
1662 4181 1818 4227 nuper
1831 4169 2093 4214 deiendere
2111 4168 2313 4211 conatus
2350 4166 2423 4208 est
2454 4157 2697 4206 Rossltirt
2721 4160 2803 4207 l.l.
2827 4170 2877 4217 p.
2902 4159 3028 4204 12—

196 4242 359 4288 Praxis
375 4245 509 4293 Vlll.
537 4244 628 4289 Νι·-
656 4241 693 4285 1.
756 4273 767 4284 .
793 4237 824 4286 8
845 4265 903 4273 —-
928 4240 1007 4285 11.
1023 4263 1081 4272 -
1103 4238 1305 4284 Dissent.
1328 4238 1492 4291 Guyet
1509 4233 1599 4278 Ab·
1663 4229 1741 4278 14.

199 4303 364 4351 bandi.
398 4306 584 4361 (Reid.
617 4252 784 4353 1823.)
810 4303 890 4350 Nr.
921 4302 998 4348 Vl.
1033 4301 1128 4348 Sed
1160 4300 1258 4348 vid.
1284 4298 1412 4344 inira
1438 4297 1462 4352 S
1486 4291 1597 4342 237.
1724 4291 1774 4347 7)
1799 4291 1906 4337 Vid.
1933 4290 1983 4336 L.
2009 4287 2090 4335 20.
2124 4290 2178 4334 D.
2206 4287 2258 4334 Ιι.
2283 4288 2321 4332 t.

198 4374 296 4416 not.
319 4368 367 4416 2.
394 4369 448 4417 3.
1715 4350 1762 4412 8)
1785 4353 1948 4411 Neque
1970 4350 2212 4398 contraria
2234 4352 2307 4395 est
2322 4348 2348 4402 ς
2369 4342 2474 4393 4.1.
2497 4344 2565 4391 de
2584 4342 2778 4391 interd.
2798 4369 2852 4377 —
2876 4342 3028 4391 Savi-

251 4430 301 4486 2)
327 4435 396 4479 Η.
433 4429 662 4479 Donelll
686 4432 950 4474 comment.
973 4426 1010 4483 j.
1035 4427 1128 4474 civ.
1159 4426 1240 4473 tx.
1264 4434 1308 4470 c.
1333 4419 1380 4469 9.
1407 4424 1433 4478 ς
1455 4421 1504 4468 2.
1531 4444 1591 4453 -
1650 4429 1761 4477 yar
1779 4416 1804 4469 3
1825 4413 1873 4488 4.
1900 4417 1948 4461 in
1972 4415 2007 4460 l'.

197 4493 427 4554 Savlqny
449 4499 478 4553 ς
504 4496 556 4541 1.
587 4505 638 4551 p.
672 4493 721 4537 3.
1715 4480 1764 4537 9)
1787 4479 1897 4524 vid.
1921 4487 2065 4534 supra
2092 4472 2216 4529 375.
2241 4475 2345 4519 not.
2370 4471 2416 4517 ⁴.
2435 4476 2485 4517 et
2511 4470 2752 4524 cuperus
2772 4470 2825 4515 P.
2852 4470 2889 4516 1.
2909 4478 2955 4516 c.
2976 4463 3026 4515 5.

253 4557 312 4613 3)
333 4559 443 4606 vid.
470 4571 523 4604 v.
550 4569 603 4603 c.
632 4552 812 4602 Cicero
829 4563 903 4599 or.
927 4554 987 4600 de
1013 4554 1119 4610 lege
1145 4561 1303 4609 agi-ar.
1325 4549 1366 4595 11
1386 4580 1400 4605 ,
1424 4543 1504 4591 27.
1531 4568 1587 4577 -
1654 4541 1704 4591 6.
1727 4569 1787 4576 -
1812 4540 1884 4590 cf.
1910 4545 1959 4587 et
1977 4537 2267 4586 Rosshinl.
2291 4536 2327 4581 l.
2353 4547 2403 4594 p.
2430 4531 2490 4580 16
2510 4558 2567 4566 -
2587 4531 2666 4579 18.

199 4620 280 4667 Id.
305 4625 368 4670 de
390 4623 481 4667 Or.
510 4620 552 4665 ll
568 4652 586 4676 ‚
612 4614 694 4664 49.
720 4621 770 4660 et
800 4626 946 4673 supra
967 4610 1087 4664 575.
1114 4618 1199 4659 not
1220 4612 1267 4659 2.
1291 4612 1364 4671 3.,
1390 4616 1494 4655 tum
1515 4607 1585 4654 in·

199 4681 269 4730 fra
290 4689 318 4743 ς
339 4696 450 4742 seq.
484 4685 606 4728 not.
633 4677 715 4725 15.
743 4675 822 4725 14.
2263 4661 2290 4715 s
2322 4656 2433 4706 235.

254 4745 300 4806 4)
323 4749 378 4793 ι.
404 4749 455 4794 a.
481 4748 543 4791 n.
570 4742 659 4789 uu
677 4738 1074 4798 possid.(xl.1n‚
1103 4735 1181 4784 17.
1196 4736 1329 4795 )-1..
1351 4732 1400 4781 2.
1423 4728 1596 4794 3141).
1757 4792 1775 4850 )
1870 4787 1922 4836 9.
1942 4789 1995 4834 D·
2015 4785 2082 4833 ae
2101 4788 2162 4833 R·
2185 4785 2256 4832 V.
2279 4784 2376 4842 (w,
2401 4784 2467 4841 1.)

1861 4854 1877 4900 1
1999 4884 2010 4897 .

195 4811 452 4931 Ἔεέησις
467 4806 640 4915 (12,τὶιό
653 4801 825 4911 ⁴3des.
861 4864 940 4909 Pr.
986 4865 1026 4909 1.
1069 4861 1139 4908 de
1180 4868 1337 4907 usuc.
1364 4882 1424 4889 —-
1453 4851 1505 4901 ¹·-
1548 4856 1598 4904 2.
1725 4792 1860 4910 {gie
1881 4856 1936 4899 ut
1958 4852 1991 4896 L
2029 4851 2078 4896 3.
2102 4846 2191 4906 §8-
2221 4849 2277 4895 D.
2300 4846 2391 4921 ’uli
2406 4843 2607 4903 possid.
2641 4842 2823 4901 (XLIII,
2848 4837 2949 4897 17.)
2971 4864 3032 4875 -

202 4933 278 4987 9¹·
297 4938 352 4984 l).
373 4928 786 4994 procum—ct.
808 4926 1044 4986 Saviyny
1063 4927 1089 4980 s
1105 4920 1156 4972 7.
1180 4935 1230 4983 p.
1253 4918 1312 4970 71
1338 4931 1412 4978 sq.
1667 4920 1718 4965 1..
1740 4914 1794 4966 7.
1815 4928 1891 4976 pr.
1916 4916 1972 4963 D.
1993 4912 2060 4961 de
2075 4912 2273 4962 damno
2294 4908 2389 4964 mr.
2412 4909 2612 4969 (xxxlx
2625 4907 2728 5043 ἐξ.)
2752 4921 2776 4949 n
2797 4902 3033 4964 Eum,cul
