3544 5506
858 387 992 430 car.
1033 388 1076 432 ι.
1118 388 1579 433 oauoarmuun
1620 390 1868 433 nmoms
1905 391 1980 434 ac
2020 389 2232 435 sunna
2271 392 2540 436 causas.
2984 382 3092 437 ³17

293 500 472 574 prior
501 495 608 557 illa
631 495 783 559 item
805 514 944 558 esse
974 503 1206 574 duplex
1234 508 1466 575 potest,
1499 499 1864 576 principalis
1887 510 1949 562 et
1975 505 2349 564 accessoria.
2372 508 2448 563 At
2463 508 2544 565 de
2564 512 2846 582 utroque
2866 522 3100 581 genere

296 611 409 655 suo
431 591 496 655 in
524 598 665 654 loco
695 596 864 672 (Cap.
894 592 1099 674 xlv.)
1127 599 1493 656 accuratius
1523 598 1804 657 dicetur.

583 849 610 924 ὃ
637 853 776 913 527.
814 855 915 912 111.
953 850 1379 930 Obliqationum
1403 869 1628 913 summa
1652 869 1858 931 genera
1886 850 1965 928 A)
2006 854 2321 931 generatim
2354 863 2783 934 proponuntur.

371 1122 533 1178 Sunt
571 1119 702 1177 duo
729 1113 1187 1189 obligationum
1209 1120 1385 1177 velut
1417 1135 1664 1177 summa
1691 1135 1930 1190 genera
1952 1162 1970 1195 ,
1995 1119 2037 1178 i.
2067 1133 2127 1178 e.
2158 1133 2380 1178 omnes
2404 1119 2823 1190 obligationes
2848 1134 3095 1178 summa

290 1217 570 1290 quadam
595 1215 846 1273 ratione
886 1210 1362 1288 amplectentia.
1395 1216 1675 1274 Alterum
1702 1221 1830 1283 est,
1863 1231 1993 1289 quo
2016 1211 2399 1288 principales
2442 1210 2862 1288 obligationes
2891 1231 3095 1289 oppo-

290 1322 535 1373 nuntur
560 1315 947 1374 accessoriis.
985 1319 1057 1372 Et
1083 1315 1465 1388 principales
1486 1330 1679 1385 voco,
1712 1331 1880 1389 quae
1904 1331 2019 1374 sua
2055 1316 2114 1373 vi
2143 1332 2218 1374 ac
2244 1321 2560 1387 potestate
2602 1321 2931 1385 constant,
2986 1331 3094 1374 ac·-

291 1408 631 1483 cessorias‚
676 1429 841 1487 quae
888 1413 1341 1472 confirmandis
1381 1408 1496 1471 illis
1538 1414 1954 1486 tutandisque
1995 1408 2372 1472 inserviunt.
2423 1416 2625 1485 Atque
2656 1415 2777 1471 hae
2823 1410 3096 1473 maxime

290 1506 697 1569 cautionibus
729 1510 1143 1568 continentur
1171 1510 1325 1584 (quo
1358 1508 1418 1566 in
1452 1524 1686 1580 genere
1712 1516 1863 1567 sunt
1896 1504 2232 1582 pignorum
2270 1511 2844 1584 fidejussorumque
2869 1526 3093 1569 acces·

290 1609 550 1684 siones),
580 1617 715 1668 tum
736 1625 890 1670 vero
915 1625 1162 1682 poenae
1192 1610 1741 1686 stipulationibus3
1778 1612 1859 1668 de
1891 1611 2121 1683 quibus
2146 1611 2409 1683 singulis
2431 1654 2446 1682 ,
2479 1610 2743 1695 aliisque
2766 1611 3097 1683 obligatio—

291 1702 510 1777 nibus,
562 1701 816 1779 quaein
857 1707 1352 1764 accessor-iarum
1384 1722 1727 1765 numerum
1756 1702 1987 1765 merito
2011 1706 2385 1765 referuntur
2409 1748 2424 1773 ,
2467 1722 2585 1764 suo
2613 1721 2909 1780 quaeque
2950 1708 3099 1766 loco

292 1807 482 1878 plura
511 1807 805 1864 dicentur
829 1804 896 1878 ¹).
931 1807 1211 1864 Alterum
1241 1814 1336 1865 est
1379 1803 1837 1879 obligationum
1867 1823 2186 1866 summum
2212 1819 2443 1879 genuS,
2473 1808 2645 1880 quod
2675 1809 2886 1865 civiles
2906 1823 3095 1880 sepa-

294 1909 395 1959 rat
422 1922 460 1959 a
486 1903 879 1960 naturalibus
909 1898 1422 1974 obligationibus.
1453 1899 1681 1961 Civiles
1711 1904 1834 1962 boc
1876 1902 1938 1961 in
1984 1906 2129 1962 loco
2156 1904 2560 1974 intelligimus
2584 1947 2601 1975 ‚
2636 1919 2803 1976 quac
2827 1900 3094 1962 actioni-

293 1998 411 2056 bus
442 2000 818 2058 muniuntur
838 2041 855 2067 ,
887 2002 1211 2058 naturales
1234 2049 1250 2070 ,
1285 2016 1452 2073 quae
1480 2001 1961 2074 exceptionibus
1994 2006 2248 2058 tantum
2273 1995 2347 2073 ²).
2382 2006 2424 2056 Α
2449 2001 2679 2071 quibus
2708 2001 2899 2058 etiarn
2922 2001 3096 2059 diffe-

295 2104 449 2154 runt
472 2095 828 2154 inefficaces
851 2092 927 2170 ³),
954 2112 1122 2170 quae
1153 2098 1414 2169 quidem
1449 2093 1614 2155 civili
1639 2098 1789 2170 jure
1812 2098 2130 2154 debentur
2153 2141 2169 2167 ,
2218 2093 2548 2169 praetorio
2577 2113 2707 2155 non
2733 2099 3052 2155 debentur
3071 2137 3089 2164 ,

294 2191 336 2254 i.
367 2212 429 2254 e.
479 2191 957 2267 exceptionibus
1002 2197 1329 2254 eliduntur
1351 2193 1436 2271 ⁴),
1485 2205 1620 2254 tum
1664 2214 1819 2256 vero
1864 2197 2165 2267 maxime,
2218 2212 2374 2270 quas
2417 2199 2792 2270 reprobatas
2834 2205 3093 2255 nostrae

294 2291 522 2349 aetatis
548 2287 674 2349 Jcti
718 2306 950 2350 vocare
980 2294 1143 2349 soliti
1189 2301 1369 2362 sunt,
1407 2289 1445 2351 i.
1479 2309 1538 2352 e.
1569 2309 1735 2366 quae
1761 2289 2037 2351 naturali
2063 2294 2211 2367 jure
2243 2297 2493 2368 valent,
2540 2290 2704 2352 civili
2731 2294 3090 2370 improban-

295 2395 403 2446 tur
422 2385 497 2459 5).
529 2391 603 2446 Et
631 2390 710 2446 de
731 2405 1127 2466 unoquoque
1154 2405 1390 2462 genere
1413 2391 1547 2464 jam
1576 2391 1939 2462 singulatim
1973 2386 2323 2449 videamus.

295 2650 320 2724 S
339 2653 483 2716 528.
511 2651 579 2727 B)
607 2650 918 2729 speciatim
949 2651 1004 2728 1)
1033 2650 1102 2711 do
1123 2650 1381 2712 civilibus
1399 2650 1834 2730 obliyationibm
1846 2671 1869 2721 ;
1892 2652 1952 2728 a)
1978 2650 2255 2730 simplices
2274 2659 2330 2713 et
2348 2658 2580 2712 mutuas
2596 2650 2961 2730 obliqaaeiom
2988 2648 3088 2729 (²⁹¹).

375 2912 700 2985 Simplices
743 2912 1195 2988 obligationes,
1241 2928 1407 2986 quae
1449 2915 1708 2985 quidem
1737 2919 1803 2972 et
1840 2913 2249 2971 unilaterales
2290 2929 2328 2970 a
2377 2911 2695 2984 plerisque
2742 2916 3088 2975 vocantur,

294 3015 442 3067 sunt
463 3052 476 3077 ,
507 3025 542 3066 e
561 3009 787 3082 quibus
809 3025 946 3075 non
970 3005 1086 3068 nisi
1103 3010 1286 3067 alteri
1314 3009 1480 3068 actio
1506 3010 1820 3078 nascitur,
1853 3018 1922 3066 ut
1947 3010 2270 3083 stipulatio
2295 3056 2311 3081 ‚
2344 3015 2416 3065 ut
2446 3015 2741 3065 mutuum
2765 3051 2780 3075 ,
2811 3014 2879 3064 ut
2912 3005 3088 3063 inde·

294 3109 402 3167 biti
430 3110 664 3169 solutio
684 3150 700 3175 ‚
731 3117 803 3167 ut
827 3109 977 3168 furti
1006 3108 1349 3183 obligati03
1380 3117 1641 3168 mutuae
1668 3126 1855 3180 vere,
1888 3128 1939 3168 s.
1974 3111 2335 3168 bilaterales
2356 3150 2371 3176 ‚
2404 3114 2475 3166 ut
2517 3108 2705 3177 vulgo
2740 3112 3087 3170 vocantur,

295 3222 331 3263 e
365 3208 598 3279 quibus
643 3207 922 3280 utrique.
972 3210 1258 3281 Itemque
1297 3207 1408 3264 bas
1443 3208 1538 3265 vel
1569 3209 1868 3280 aequales
1915 3204 2170 3281 dicunt,
2220 3221 2386 3280 quae
2430 3204 2763 3275 utriusque
2811 3196 3094 3260 efficiunt

293 3296 570 3363 directas
596 3304 912 3375 actiones,
955 3311 1027 3361 ut
1051 3301 1249 3362 emtio
1282 3304 1596 3375 venditio,
1631 3298 1867 3361 locatio
1907 3302 2287 3377 conducti0‚
2316 3315 2670 3372 earumque
2701 3299 2969 3374 similes3
2993 3299 3090 3357 vel

293 3404 696 3478 inaequales,
734 3406 905 3463 unde
943 3406 1126 3463 alteri
1163 3400 1449 3464 nascitur
1480 3407 1757 3475 directa,
1814 3405 1997 3462 alteri
2036 3401 2364 3462 contraria
2404 3397 2571 3459 actio
2600 3396 2675 3474 ¹),
2709 3405 2782 3456 ut
2811 3413 3093 3458 commo·

295 3502 516 3560 datum
534 3540 551 3569 ‚
579 3509 652 3560 ut
682 3503 1055 3565 mandatum
1075 3546 1093 3579 ,
1122 3509 1195 3559 ut
1220 3498 1625 3574 negotiorum
1654 3501 1853 3574 gestio
1873 3546 1889 3572 ,
1916 3508 1989 3559 ut
2015 3501 2255 3557 tutelae
2282 3498 2748 3557 administratio
2771 3495 2843 3571 ²).

874 3711 1038 3769 3327.
1789 3706 1836 3764 4)
1871 3708 1948 3754 Cf.
1970 3708 2022 3754 L.
2045 3706 2139 3765 ἃς
2164 3710 2206 3756 1.
2233 3713 2283 3753 et
2300 3708 2347 3754 2.
2376 3708 2429 3753 ῐ).
2454 3706 2523 3753 de
2540 3709 2840 3760 conse.pec.
2857 3704 3001 3761 (xm,
3021 3700 3093 3763 5.)

1727 3786 1754 3813 ιι
1780 3773 1829 3817 si
1848 3772 1955 3828 quis
1981 3773 2307 3830 constituerit,
2332 3770 2480 3827 quod
2498 3772 2631 3829 jure
2670 3767 2811 3816 civili
2834 3765 3063 3813 debebat
3070 3800 3091 3829 ,

361 3837 407 3894 1)
439 3836 516 3884 (Ξῖ.
552 3842 746 3895 praeter
782 3848 866 3885 eos
903 3838 1055 3896 locos,
1079 3837 1246 3898 quide
1267 3836 1514 3896 pignorlb.
1563 3839 1664 3887 tra·
1712 3836 1844 3891 jure
1861 3834 2133 3888 praetorio
2154 3846 2262 3881 non
2290 3833 2531 3893 debebat,
2560 3834 2593 3878 i.
2632 3842 2677 3876 e.
2700 3842 2802 3887 pet·
2831 3828 3093 3886 excepclo·

295 3903 436 3945 etant
480 3899 990 3957 fideiussionibusque,
1024 3913 1169 3958 supra
1215 3900 1241 3954 S
1283 3898 1390 3948 124.
1435 3906 1485 3945 et
1532 3899 1662 3944 infra
1727 3909 1881 3953 nem,
1925 3909 1987 3941 an
2011 3901 2352 3942 constituendo
2397 3902 2617 3941 teneatur
2641 3896 2661 3938 7
2686 3917 2743 3924 -
2769 3893 2817 3937 Sl
2841 3896 2898 3951 ts,
2922 3893 3005 3948 qui
3040 3896 3095 3939 et

295 3963 321 4017 ς
341 3959 455 4007 340.
473 3961 609 4023 541„
634 3969 735 4008 tum
755 3974 895 4012 vero.
918 3974 1044 4020 quae
1066 3965 1126 4009 de
1148 3964 1300 4020 pactis
1321 3963 1531 4009 maxime
1555 3972 1662 4008 em·
1712 3962 1844 4015 jure
1870 3958 2009 4005 civili
2029 3963 2085 4005 et
2100 3959 2374 4015 praetorio
2397 3958 2625 4011 debebat,
2651 3956 2702 4000 in
2725 3955 2855 4000 diem
2880 3962 2940 3999 sit
2963 3954 3089 4002 obli-

297 4024 513 4070 tionibus
537 4026 682 4081 adjici
705 4025 858 4071 solitis
873 4028 991 4082 Cap.
1015 4029 1115 4073 Vll.
1139 4027 1488 4073 edisset-entur.
1722 4027 1883 4080 gatus,
1907 4034 1970 4067 an
1994 4022 2332 4068 constituendo
2350 4022 2609 4066 teneatur?
2625 4035 2649 4060 n

359 4088 409 4144 2)
444 4089 498 4135 1..
522 4085 598 4132 19.
624 4100 698 4143 pr.
724 4089 780 4133 1».
802 4087 870 4134 de
902 4090 1060 4136 cond.
1085 4088 1198 4135 iud.
1222 4092 1238 4143 (
1263 4089 1367 4146 xli,
1389 4088 1438 4134 6.
1457 4091 1472 4146 )
1493 4110 1554 4122 —
1577 4086 1655 4133 Cf.
1788 4082 1836 4140 5)
1872 4087 1937 4130 De
1973 4096 2068 4142 qua
2112 4084 2310 4144 quidem
2333 4086 2532 4129 notione
2557 4093 2652 4126 non
2676 4089 2771 4123 una
2792 4082 2865 4124 est
2889 4084 3083 4125 nostrae

298 4150 350 4194 L.
375 4148 426 4195 7.
450 4154 477 4209 ς
514 4147 563 4196 4.
601 4154 656 4198 D.
679 4150 749 4197 de
765 4149 959 4213 pactis.
983 4153 1074 4209 (lt,
1099 4150 1196 4209 14.)
1213 4175 1268 4184 —
1289 4153 1659 4210 Nonnumquam
1721 4150 1898 4192 aetatis
1918 4149 2144 4193 sciorum
2169 4144 2572 4191 sententia.—-Ci.
2591 4141 2945 4200 [Vestenberq
2966 4144 3021 4187 D.
3049 4144 3086 4187 l.

295 4213 448 4258 etiam
469 4214 730 4268 disjunctio
752 4216 833 4261 illa
851 4214 1062 4260 refertur
1078 4216 1140 4260 ad
1153 4214 1395 4270 originem
1418 4226 1457 4260 s.
1474 4218 1532 4260 ad
1552 4215 1656 4259 fon-
1721 4209 1783 4253 de
1815 4220 1973 4255 causa.
1999 4209 2198 4267 obligat.
2224 4220 2332 4265 cap.
2375 4208 2452 4252 lv.
2478 4229 2532 4238 —-
2564 4203 2768 4253 Weber
2790 4215 2880 4248 von
2913 4205 2960 4249 d.
2997 4215 3087 4250 na-

298 4280 418 4335 tea),
443 4275 574 4323 unde
597 4282 861 4323 manarunt
882 4276 1223 4335 obligationes,
1248 4278 1341 4324 hoc
1362 4310 1378 4335 ,
1402 4283 1572 4335 pacto,
1603 4279 1659 4320 ut
1723 4271 1839 4316 turi.
1870 4270 2118 4317 Verbindt.
2144 4275 2168 4327 S
2192 4267 2677 4317 42-48.-Bucloer
2697 4265 2847 4316 Recbt
2862 4266 2912 4313 d.
2939 4268 3085 4313 Ford.

295 4337 464 4386 civiles
482 4340 585 4385 obl.
609 4340 725 4395 sint,
755 4351 882 4399 quae
918 4352 979 4386 ex
1016 4341 1142 4385 civili
1171 4340 1496 4388 Romanorum
1520 4340 1653 4395 jure,
1719 4333 2031 4389 swa-vid.
2055 4339 2104 4381 ct
2125 4337 2150 4389 3
2168 4332 2284 4381 530.
2307 4344 2387 4378 nr.
2411 4329 2460 4378 5.

295 4405 578 4459 naturales,
597 4414 723 4460 quae
763 4414 823 4447 ex
849 4405 956 4458 jure
987 4405 1205 4459 gentium
1246 4402 1647 4462 proficiscantur3

295 4473 346 4508 v.
381 4477 426 4510 c.
454 4466 509 4510 L.
529 4461 612 4511 84.
637 4467 663 4520 ς
689 4464 732 4510 1.
757 4465 813 4510 D.
837 4467 904 4511 de
930 4477 1041 4525 req.
1061 4466 1175 4525 jur.
1206 4491 1260 4498 -—
1285 4467 1338 4511 L.
1364 4463 1413 4510 5.
1440 4477 1513 4522 pr.
1542 4466 1590 4509 ln
1611 4464 1648 4511 f.

293 4525 362 4571 de
382 4531 528 4576 auct.
552 4531 654 4574 tut.
680 4528 859 4583 (xxvi,
878 4525 948 4585 8.)
973 4554 1027 4561 -—
1057 4526 1207 4574 1..14.
1233 4530 1285 4574 L.
1309 4525 1385 4574 15.
1412 4539 1483 4583 pr.
1505 4530 1561 4573 D.
1584 4528 1654 4574 de
2304 4495 2463 4552 3528·

293 4590 454 4635 cond.
478 4590 590 4636 ind.
618 4591 740 4644 (xli,
763 4588 898 4645 0.)—-
914 4592 963 4641 1..
985 4590 1066 4637 25.
1089 4591 1116 4645 S
1140 4591 1218 4636 11.
1244 4593 1297 4636 Ι).
1319 4589 1386 4637 de
1407 4590 1519 4637 lter.
1543 4593 1652 4646 pet.

294 4653 375 4708 (v,
394 4650 520 4709 5.)—
535 4651 892 4712 Westenberq
915 4654 976 4698 de
996 4664 1130 4699 caus.
1154 4653 1355 4711 obligat.
1378 4654 1432 4698 1).
1457 4654 1495 4698 l.
1517 4654 1663 4699 (λιν.
1793 4647 1855 4704 (¹⁴)
1888 4648 1940 4693 C.
1978 4650 2092 4707 Nap.
2117 4647 2238 4695 ilo-3
2258 4675 2316 4683 —
2334 4644 2786 4705 Πολ-Τυπαῖον,
2821 4645 2957 4695 Droit
2989 4647 3083 4697 civ.

291 4715 319 4767 3
352 4715 386 4759 9
415 4727 437 4759 s
478 4749 490 4760 .
509 4739 565 4748 -
593 4715 688 4764 JV.
716 4715 959 4761 Francke
992 4717 1187 4762 civilist.
1223 4716 1345 4763 Abb.
1385 4728 1435 4773 p.
1463 4712 1526 4760 66
1558 4727 1663 4773 sqq.
1727 4710 1884 4770 franc·
1910 4712 1990 4757 Vl.
2017 4725 2092 4759 nr.
2116 4710 2229 4759 570.

295 4777 395 4831 (nr.
420 4776 466 4822 1.
515 4802 573 4808 -
598 4777 803 4823 Disseut.
839 4778 1080 4829 Rossltirt
1117 4778 1349 4825 zeitschr.
1394 4780 1431 4824 1.
1473 4790 1522 4836 p.
1551 4776 1660 4825 125.
1795 4772 1838 4830 1)
1875 4775 1981 4820 Vid.
2006 4787 2148 4832 supra
2172 4777 2196 4831 ς
2222 4772 2331 4821 159.
2351 4779 2455 4820 not.
2482 4775 2561 4819 23.

293 4846 398 4885 not.
424 4839 471 4886 1.
1792 4835 1837 4891 2)
1874 4835 2255 4893 Cf.Hoepsne1-i
2277 4838 2604 4883 commentar.
2628 4833 2781 4890 3750.
2806 4836 2925 4894 ibiq.
2960 4835 3037 4881 W
3037 4844 3089 4880 e·

355 4904 407 4957 3)
437 4903 491 4947 t..
520 4897 598 4947 13.
625 4900 677 4945 D.
702 4898 909 4954 dejure
929 4901 1039 4949 dot.
1063 4903 1247 4962 (xxul,
1269 4900 1342 4957 ὅ.)
1371 4928 1418 4934 -
1449 4904 1500 4949 l..
1525 4900 1576 4948 9.
1606 4904 1659 4948 C.
1726 4896 1940 4945 tier-um.
1968 4926 2021 4932 —-
2046 4902 2190 4947 Garis
2211 4898 2707 4959 Obligationenrscht.
2749 4912 2798 4958 p.
2829 4896 2936 4946 107·
2977 4898 3025 4941 in
3047 4896 3091 4949 θ.

295 4965 372 5014 ad
387 4967 498 5013 Set.
523 4963 719 5018 Velle).
740 4963 838 5024 (lv,
854 4962 954 5021 29.)
1729 4985 1781 4991 -
1812 4958 1919 5008 116.
