3544 5506
437 331 550 390 294
913 403 924 412 ·
1001 345 1153 389 rans
1189 344 1348 388 erno.
1388 345 1506 388 us.
1547 345 1619 387 11.
1660 344 1736 387 nr.
1774 343 1962 387 nasus
1998 344 2271 394 nanuum.
2314 343 2606 386 pontino.

439 454 678 514 factum
713 449 1139 514 interveniens
1161 445 1511 528 eiusmodi,
1548 468 1680 527 quo
1692 454 1800 528 jus
1829 454 2036 526 ipsum
2066 454 2346 527 pignoris
2371 451 2712 513 efficiatur.
2747 456 2821 510 At
2846 453 2929 512 de
2957 460 3255 526 utroque

441 556 635 628 priori
664 553 788 615 hoc
815 556 1009 614 etiam
1028 555 1174 615 loco
1203 555 1549 627 separatim
1581 555 1706 613 erit
1736 553 2216 625 exponendum.

1153 795 1180 867 §
1220 797 1365 855 504.
1400 798 1475 872 lt)
1521 795 1832 874 Obliqatio,
1877 796 1972 855 cui
2005 798 2217 876 piqnus
2258 797 2507 856 accedat.

521 1059 718 1131 igitur
755 1059 1058 1133 obligatio
1089 1060 1290 1119 subsit
1328 1075 1589 1119 necesse
1617 1067 1750 1131 est,
1797 1061 1982 1135 cujus
2021 1060 2283 1119 nomine
2323 1061 2550 1133 pignus
2589 1064 2891 1116 teneatur
2916 1055 2985 1131 ι).
3020 1060 3100 1114 At
3122 1071 3256 1114 non

440 1159 641 1216 solum
660 1159 827 1217 civili
853 1159 1225 1232 obligationi
1266 1160 1491 1234 pignus
1524 1163 1835 1221 accedere
1871 1168 2113 1234 potest,
2139 1176 2365 1220 verum
2390 1167 2457 1219 et
2483 1154 2851 1233 natura1i²)‚
2897 1158 3258 1216 dummodo

438 1263 614 1317 recte
634 1260 883 1320 solvere
907 1261 1104 1334 possit
1128 1255 1180 1318 is
1199 1302 1216 1331 ,
1254 1262 1365 1334 qui
1394 1262 1769 1320 naturaliter
1791 1256 2111 1333 obligatur
2124 1257 2195 1334 ³).
2228 1260 2462 1338 Quodsi
2507 1260 2854 1333 reprobata
2882 1263 2984 1317 est
3011 1257 3262 1329 legibus

440 1356 739 1429 obligatio
761 1406 777 1432 ,
809 1374 944 1420 non
964 1360 1170 1418 solum
1208 1356 1490 1434 pignoris
1512 1362 1688 1420 nulla
1722 1367 1821 1420 est
1859 1361 2250 1437 persecutio,
2275 1375 2498 1418 verum
2515 1359 2706 1418 etiam
2732 1357 2867 1417 dati
2909 1359 3036 1415 erit
3066 1373 3261 1430 repe-

438 1452 579 1512 titio
600 1450 664 1528 ⁴).
713 1459 1053 1515 Praeterea
1078 1461 1144 1514 et
1184 1455 1441 1516 futurae
1481 1458 1884 1530 obligationis
1907 1472 2136 1534 causa,
2166 1458 2561 1532 omninoque
2601 1454 2773 1534 eius,
2822 1455 3002 1528 quod
3031 1461 3150 1513 aut
3185 1470 3261 1512 ex

438 1549 578 1622 die,
611 1561 725 1614 aut
750 1557 870 1614 sub
893 1552 1262 1617 conditione
1297 1558 1600 1627 debetur,
1633 1573 1737 1617 res
1781 1559 2108 1636 pignorari
2142 1563 2411 1632 possunt
2434 1553 2511 1633 ⁵).
2544 1560 2682 1616 Jam
2706 1570 2862 1614 vero
2894 1554 2944 1612 si
2982 1560 3265 1612 eatenus

437 1654 694 1725 quidem
715 1661 895 1714 certa
917 1662 1015 1715 est
1031 1653 1334 1728 obligatio
1354 1701 1370 1727 ‚
1390 1664 1466 1715 ut
1492 1658 1730 1716 nemini
1755 1660 1962 1718 altero
1986 1660 2184 1718 invito
2212 1660 2296 1717 ab
2324 1673 2401 1717 ea
2426 1657 2736 1716 recedere
2764 1656 2956 1714 liceat
2974 1698 2992 1730 ,
3031 1670 3262 1727 quam-

438 1751 528 1810 vis
555 1755 804 1812 nullum
835 1770 993 1815 vere
1032 1757 1243 1815 adhuc
1283 1758 1463 1816 adest
1492 1758 1778 1817 debitum
1801 1801 1816 1828 ‚
1863 1766 2114 1834 tamen,
2162 1755 2347 1817 simul
2388 1763 2462 1815 ut
2498 1752 2733 1815 exstitit
2775 1755 2970 1814 debiti
3018 1770 3261 1820 causa.

436 1849 584 1909 inde
627 1854 709 1911 ab
750 1869 832 1914 eo
873 1862 1196 1930 tempore,
1243 1872 1373 1929 quo
1403 1858 1680 1930 primum
1722 1861 2140 1918 constitutum
2183 1867 2277 1918 est
2305 1858 2566 1932 pignus,
2627 1861 2959 1929 repetetur
3006 1853 3266 1911 initium

439 1946 631 2019 iuris;
682 1951 776 2008 sin
801 1967 957 2011 vero
983 1968 1060 2011 ea
1093 1959 1188 2012 est
1222 1955 1459 2026 negotii
1498 1962 1767 2025 natura,
1813 1963 1887 2014 ut
1928 1971 2060 2014 non
2099 1955 2308 2028 prius,
2354 1969 2549 2027 quam
2591 1953 2877 2011 debitum
2923 1958 3257 2023 appareat

436 2050 683 2103 certum
711 2062 787 2106 ac
807 2064 1042 2120 purum
1061 2091 1077 2118 ‚
1111 2051 1244 2107 ulla
1260 2051 1426 2109 adsit
1451 2052 1756 2130 obligatio
1777 2097 1793 2121 ,
1827 2059 1964 2110 tum
1985 2067 2107 2111 nec
2131 2051 2413 2124 pignoris
2436 2065 2698 2109 causam
2727 2054 2919 2106 antea
2944 2047 3268 2107 exstitisse

442 2140 789 2201 dicendum
822 2152 920 2205 est
938 2143 1006 2220 ⁶).
1047 2147 1264 2220 Neque
1287 2163 1445 2207 vero
1472 2150 1556 2206 ad
1583 2148 1648 2207 id
1670 2150 1879 2207 solum
1897 2195 1913 2222 ‚
1963 2149 2140 2222 quod
2172 2146 2615 2220 principaliter
2641 2147 2946 2213 debetur,
2977 2144 3272 2217 pignoris

441 2240 744 2312 obligatio
783 2246 1098 2321 pertinet,
1134 2247 1247 2304 sed
1273 2243 1469 2305 etiam
1510 2251 1984 2321 accessionum,
2010 2251 2053 2308 i.
2098 2264 2156 2307 e.
2186 2255 2252 2307 et
2280 2262 2625 2307 usurarum
2650 2288 2666 2312 .
2710 2260 2860 2305 cum
2886 2259 2964 2302 ex
3014 2241 3273 2317 obliga-

440 2335 617 2395 tione
660 2344 798 2396 tum
815 2339 1050 2413 judicis
1086 2336 1296 2401 officio
1321 2345 1685 2402 debitarum
1709 2389 1725 2416 ,
1752 2352 1818 2403 et
1845 2346 2014 2419 ejus,
2047 2346 2221 2417 quod
2264 2344 2537 2403 interest
2555 2391 2570 2418 ,
2602 2348 2669 2402 et
2701 2357 2951 2416 poenae
2977 2356 3266 2400 conven-

441 2431 726 2502 tionalia,
772 2453 969 2509 quam
1013 2445 1287 2514 vocant,
1332 2442 1625 2515 nomine,
1654 2443 1827 2500 velut
1868 2442 2066 2501 tacito
2104 2442 2253 2516 jure
2295 2442 2527 2515 pignus
2569 2445 2834 2498 tenetur
2859 2435 2939 2511 7),
2984 2438 3035 2497 si
3067 2439 3274 2496 modo

439 2545 632 2589 causa
655 2532 911 2591 illarum
933 2540 999 2592 et
1026 2551 1159 2593 una
1189 2550 1337 2593 cum
1363 2539 1698 2612 principali
1716 2540 2101 2611 obligatione
2126 2538 2361 2598 exstitit
2384 2534 2452 2608 ⁸),
2489 2545 2555 2596 et
2570 2537 2722 2611 jure
2749 2538 3023 2608 legeque
3044 2542 3271 2608 potest

470 2632 770 2685 constare
786 2624 855 2698 ⁹).
906 2629 1201 2689 Similiter
1230 2639 1501 2705 propter
1528 2634 1846 2708 impensas
1866 2679 1884 2707 ‚
1919 2651 2065 2694 cum
2093 2635 2488 2694 necessarias
2513 2640 2651 2692 tum
2680 2628 2872 2691 utiles
2895 2678 2911 2705 ,
2943 2633 3086 2704 ipso
3108 2631 3270 2702 ,iure

1130 2845 1156 2899 3
1176 2841 1287 2892 304.
1877 2848 1959 2893 Nr.
1985 2846 2062 2895 14.
2098 2859 2148 2905 p.
2165 2843 2261 2894 225
2280 2857 2387 2904 sqq.
2413 2870 2472 2879 --
2494 2841 2730 2899 Seuffert
2750 2842 2907 2888 Erort.
2925 2842 2981 2887 ll.
3001 2854 3051 2899 p.
3077 2837 3274 2899 85sqq.

1878 2911 1958 2957 Νι.
1982 2909 2262 2956 xvll.—-Cf.
2289 2915 2338 2954 et
2360 2908 2569 2957 Weber
2585 2907 2766 2951 naturl.
2788 2906 2980 2961 Verb.s
3005 2901 3242 2950 105.106.
3259 2937 3277 2957 ,

505 2966 551 3023 1)
577 2966 636 3011 Τ.
660 2965 719 3010 Τ.
744 2966 796 3012 C.
813 2967 1117 3027 Sipiqnoris
1136 2970 1541 3019 conventionem
1566 2982 1816 3018 numera·
1880 2974 1964 3031 qui
1999 2971 2196 3030 quidem
2221 2972 2438 3030 pignoris
2468 2969 2747 3026 repetitioni
2768 3001 2783 3026 ,
2825 2974 2930 3013 tum
2971 2967 3180 3013 demum
3206 2968 3279 3011 lo-

436 3025 510 3073 tio
526 3027 791 3086 pecuniae
810 3036 997 3081 secuta
1028 3045 1137 3079 non
1155 3032 1340 3087 fuer-il.
1360 3032 1503 3093 (vill,
1526 3032 1743 3093 ὃδὴ-1..
1765 3033 1815 3081 2.
1880 3047 1993 3081 cum
2031 3048 2134 3082 esse
2175 3034 2398 3079 futurum
2439 3034 2709 3079 arbitratur
2733 3064 2749 3086 ,
2780 3041 2894 3076 cum
2933 3029 3186 3085 eiusmodi
3217 3030 3279 3074 sit

442 3091 494 3139 D·
506 3104 650 3153 quae
661 3094 960 3156 retpwnor.
971 3097 1071 3145 obl.
1085 3106 1193 3143 non
1208 3108 1353 3154 poss.
1369 3095 1686 3156 (xx,3.)—-t..
1702 3095 1810 3144 129.
1875 3098 2111 3156 obligatio
2129 3132 2144 3156 ,
2164 3100 2215 3141 ut
2234 3098 2382 3143 etiam
2407 3096 2561 3156 repeti
2581 3094 2763 3153 possit,
2785 3093 2918 3152 quod
2939 3093 3052 3148 ejus
3073 3094 3274 3139 solven-

440 3153 494 3201 Ι).
515 3156 585 3203 de
605 3158 668 3202 R.
690 3155 1076 3207 J--Averanii
1097 3162 1347 3217 interpret.
1371 3158 1469 3214 iur.
1488 3162 1550 3216 ll,
1573 3161 1652 3205 12.
1675 3172 1751 3205 nr.
1767 3159 1812 3207 1.
1877 3162 1967 3206 dae
1984 3172 2128 3206 causa
2153 3159 2321 3205 datum
2340 3160 2422 3204 sit.

439 3239 501 3249 —-
524 3220 577 3265 1..
596 3216 676 3266 28.
699 3216 842 3268 0133.
862 3224 917 3268 D.
938 3222 989 3268 Ιι.
1015 3226 1052 3270 t.
1071 3246 1130 3255 —
1150 3223 1404 3269 Caeterum
1427 3222 1492 3270 cf.
1516 3220 1807 3279 iah-aszffi.
1935 3218 1986 3278 5)
2004 3224 2056 3269 L.
2081 3221 2129 3268 5.
2157 3233 2229 3279 pr.
2257 3224 2310 3268 D.
2330 3221 2385 3268 Ιι.
2410 3225 2446 3267 t.

438 3286 540 3326 not.
567 3281 615 3330 1.
638 3291 685 3327 a.
708 3283 760 3325 et
777 3283 829 3330 b.
1599 3324 1603 3333 ,
1936 3286 1983 3339 6)
2008 3287 2191 3341 Quibus
2215 3286 2379 3340 positis
2399 3281 2649 3341 principiis
2667 3313 2683 3337 ,
2703 3280 2838 3325 nullo
2872 3280 3077 3337 negotio
3110 3281 3276 3338 expli·

501 3343 548 3399 2)
572 3346 625 3391 1..
659 3341 708 3389 5.
742 3355 818 3401 pr.
863 3348 916 3393 1..
954 3345 1031 3394 14.
1072 3350 1099 3404 3
1140 3349 1188 3397 1.
1212 3352 1266 3396 D.
1293 3350 1345 3397 Ιι.
1388 3351 1425 3394 t.
1462 3348 1582 3404 (XX,
1606 3349 1692 3405 1.).
1751 3372 1811 3381 -
1874 3348 1973 3392 cari
1995 3355 2041 3393 et
2064 3349 2191 3394 inter
2219 3359 2269 3392 se
2308 3346 2561 3393 conciliari
2588 3347 2790 3401 possunt
2823 3343 2917 3388 loci
2945 3377 2963 3401 ,
2985 3345 3074 3401 qui
3106 3347 3277 3389 tantas

439 3405 491 3451 L.
516 3407 626 3454 101.
649 3407 676 3462 3
711 3406 758 3451 1.
782 3407 836 3455 in
855 3409 893 3455 t'.
919 3411 974 3456 D.
1012 3410 1083 3457 de
1113 3416 1270 3461 solut.
1294 3411 1454 3470 (XLVI
1472 3444 1488 3467 ,
1521 3408 1594 3457 ὅ.)
1620 3434 1675 3443 -
1696 3410 1808 3456 Viti.
1873 3409 2076 3456 subinde
2094 3412 2372 3457 excitarunt
2393 3409 2720 3464 interpretum
2755 3416 2895 3451 curas
2919 3423 2929 3452 :
2969 3408 3027 3452 L.
3049 3407 3136 3453 13.
3173 3406 3200 3460 ς
3221 3402 3270 3451 5.

438 3470 692 3516 Auctoris·
710 3470 903 3518 ceuton
926 3471 1031 3526 359
1063 3476 1143 3522 Nr.
1169 3479 1226 3523 ll.
1253 3488 1302 3532 p.
1323 3470 1417 3521 454
1437 3485 1511 3532 sq.
1537 3473 1633 3530 (ed.
1658 3473 1810 3529 2.).—-
1875 3472 1929 3516 D.
1954 3472 2007 3519 Ιι.
2028 3476 2069 3518 t.
2115 3498 2171 3506 —
2215 3474 2268 3519 L.
2291 3473 2338 3517 1.
2372 3483 2450 3529 pr.
2469 3473 2520 3514 et
2537 3464 2632 3524 31.
2659 3469 2712 3513 L.
2730 3463 2781 3512 9.
2815 3478 2891 3523 pr.
2915 3471 2939 3523 3
2967 3470 3018 3516 1.
3039 3470 3092 3516 2.
3115 3471 3169 3514 L.
3197 3468 3276 3514 11.

444 3531 537 3578 W.
559 3534 805 3581 Franz-ke
835 3534 1030 3581 civilist.
1056 3537 1295 3585 Abbandl.
1319 3538 1471 3593 (Gutt.
1494 3534 1652 3592 1826.)
1679 3547 1727 3592 p.
1748 3531 1813 3579 80
1876 3546 1950 3591 pr.
1972 3536 1999 3590 3
2022 3537 2066 3581 1.
2084 3537 2249 3595 1).ᾳυὶ
2260 3539 2374 3594 pot.
2397 3532 2454 3579 in
2470 3531 2614 3593 piqn.
2641 3526 3029 3586 (usta—LA.
3056 3534 3114 3579 D.
3133 3542 3281 3589 quas

441 3592 616 3641 —1o7.
631 3607 681 3653 p.
698 3594 1305 3647 125-128.—Schrader
1324 3602 1377 3646 in
1395 3596 1809 3655 ephemerid.jur.
1878 3607 1967 3642 res
1992 3597 2139 3658 piqn.
2165 3600 2272 3656 (xx
2295 3632 2312 3657 ,
2328 3600 2412 3654 3.)
2452 3617 2513 3627 --
2552 3593 2629 3640 Cf.
2652 3591 2916 3639 Averanii
2947 3594 3214 3652 interpret.
3233 3592 3277 3647 j.

440 3655 567 3703 Tub.
594 3659 653 3703 Τ.
681 3660 738 3705 ll.
766 3672 813 3717 p.
843 3658 925 3706 63.
958 3685 1015 3693 --
1041 3663 1116 3709 Cf.
1154 3667 1203 3707 et
1227 3665 1276 3708 t..
1314 3659 1395 3710 59.
1430 3672 1505 3718 pr.
1531 3663 1584 3707 D.
1610 3659 1685 3707 ad
1704 3657 1812 3705 Sct.
1880 3660 1953 3713 ll,
1984 3659 2060 3707 12.
2086 3674 2163 3709 nr.
2187 3660 2219 3708 6
2241 3673 2347 3718 sqq.
2382 3664 2430 3704 et
2459 3653 2620 3713 111‚9.
2659 3679 2720 3688 —--
2758 3654 3056 3725 lVestplcal
3073 3655 3276 3702 Ptandr.

442 3719 590 3766 Treb.
620 3722 824 3779 (xxxvl
851 3757 866 3779 ,
890 3721 958 3782 1.)
983 3740 1007 3767 u
1037 3726 1188 3782 igitur
1225 3737 1323 3771 non
1347 3729 1538 3770 tantum
1558 3721 1769 3769 retentio
1792 3755 1806 3773 ,
1869 3725 1895 3779 3
1921 3717 2027 3768 150.
2067 3748 2128 3759 —-
2172 3723 2475 3778 Gesterdinq
2497 3733 2544 3777 p.
2568 3716 2599 3764 9
2619 3730 2726 3776 sqq.
2762 3740 2818 3749 -
2864 3722 2916 3764 C.
2942 3721 3004 3765 F.
3039 3721 3099 3765 Τ.
3124 3721 3276 3774 Hem»

438 3782 522 3827 sed
544 3783 691 3830 etiam
730 3786 901 3841 petitio
932 3788 1148 3845 pignoris
1173 3789 1367 3833 nomine
1388 3787 1621 3843 competit
1643 3809 1699 3818 -—
1725 3805 1803 3828 —.
1871 3786 1921 3829 in
1954 3785 2097 3832 Arcb.
2124 3789 2160 3833 i.
2188 3787 2280 3833 civ.
2309 3788 2385 3831 l’r.
2411 3784 2468 3828 X.
2504 3794 2552 3837 p.
2583 3778 2677 3827 ⁶28⁰
2714 3803 2768 3812 —-
2804 3778 2920 3828 294.
2960 3783 3064 3837 (nr.
3085 3780 3179 3838 6.).
3219 3804 3272 3812 -

439 3842 668 3892 Remanet
688 3860 807 3905 ergo
827 3855 1025 3907 propter
1045 3850 1219 3908 pignus
1245 3849 1481 3895 naturalis
1502 3847 1754 3904 obligatio.
1779 3860 1805 3887 ι»
1871 3843 2146 3898 Zimmern
2170 3853 2216 3897 in
2239 3846 2537 3906 ephemerid.
2563 3845 2665 3897 jur.
2689 3839 2887 3900 lit-lang.
2910 3845 2972 3890 Τ.
2991 3847 3054 3890 ll.
3084 3857 3136 3902 p.
3158 3842 3275 3891 2⁴9.

436 3929 497 3975 .—
537 3906 716 3967 lntegri
751 3912 846 3958 loci
880 3913 1259 3970 explicationem
1285 3911 1411 3958 intra
1435 3910 1691 3966 dabimus,
1721 3907 1809 3954 ubi
1872 3909 1920 3953 iu
1949 3907 1983 3952 f.
2027 3923 2098 3969 sq.
2127 3939 2181 3946 —
2209 3913 2430 3968 inprimis
2463 3915 2513 3953 et
2539 3908 2710 3964 cropp
2745 3908 2797 3952 in
2816 3907 2887 3962 ei.
2908 3912 2960 3952 et
2984 3908 3154 3954 Heise
3170 3905 3278 3967 jur.

437 3978 485 4012 tu
523 3967 1007 4021 fideicommissorum
1027 3975 1138 4031 iure
1169 3975 1487 4022 versabimur.
1531 3974 1717 4019 interea
1741 3970 1808 4016 cf.
1875 3968 2119 4022 Abhandl.
2157 3977 2237 4022 Nr.
2260 3975 2363 4021 XV.

439 4030 618 4087 Canac.
655 4036 705 4082 ln
726 4037 831 4083 Lib.
871 4039 948 4083 tv.
969 4038 1058 4093 Qu.
1098 4038 1230 4085 Pauli
1252 4038 1387 4095 (opp.
1411 4040 1535 4094 post.
1558 4036 1617 4081 Τ.
1643 4035 1703 4079 11.
1745 4055 1811 4068 —
1936 4032 1984 4090 7)
2020 4035 2070 4081 L.
2092 4035 2141 4084 8.
2163 4035 2313 4094 §5.D.
2337 4035 2401 4083 de
2419 4032 2567 4091 pe‘yn.
2590 4035 2697 4078 act.
2721 4029 3279 4089 (xtn,7.)—1..15.36.

443 4093 523 4139 ed.
556 4095 706 4144 Paris.
732 4124 791 4132 —
815 4111 862 4155 p.
887 4098 1012 4147 1016
1038 4102 1184 4159 sqq.).
1210 4125 1270 4134 -
1294 4102 1410 4148 Jos.
1447 4097 1704 4146 Avemnii
1734 4097 1811 4142 in·
1875 4095 1995 4143 D.l1.
2021 4100 2060 4143 t.
2100 4125 2161 4133 -
2196 4103 2245 4148 L.
2271 4097 2349 4145 18.
2376 4103 2427 4145 D.
2453 4095 2547 4154 qui
2564 4098 2675 4154 pot.
2709 4094 2765 4142 in
2784 4094 2932 4154 piyn.
2969 4096 3107 4150 (xx,
3125 4092 3196 4146 ⁴.)
3221 4118 3285 4126 —-

437 4159 635 4213 terpret.
660 4161 719 4208 ll.
743 4173 789 4207 c.
815 4159 893 4210 11.
919 4187 976 4196 --
998 4164 1272 4223 Schulce'nq
1299 4164 1348 4210 in
1374 4168 1478 4211 not.
1498 4161 1560 4206 ad
1578 4161 1629 4207 h.
1650 4162 1685 4206 l.
1709 4159 1808 4216 (ed.
1874 4158 1949 4203 Cl‘.
1977 4161 2027 4205 t..
2052 4158 2130 4210 11.
2153 4168 2177 4222 ς
2197 4165 2243 4210 3.
2269 4165 2324 4207 D.
2347 4159 2692 4220 depiqnacc.
2716 4182 2777 4190 —
2801 4156 2920 4205 LA.
2945 4158 3002 4203 C.
3024 4158 3097 4206 de
3120 4169 3284 4203 usur.

432 4217 798 4282 Smallenbury
820 4226 949 4270 T.v.
969 4238 1018 4284 p.
1035 4224 1131 4273 609
1149 4229 1264 4285 sq.).
1289 4251 1350 4260 —
1374 4227 1518 4273 Arch.
1544 4224 1581 4269 f.
1609 4223 1809 4270 civilist.
1875 4218 1974 4277 (IV,
1997 4221 2097 4280 52.)
2125 4254 2185 4261 —-
2212 4227 2266 4272 L.
2291 4224 2373 4271 22.
2397 4222 2516 4270 eod.
2543 4247 2604 4257 --
2626 4236 2651 4263 ιι
2672 4231 2762 4265 nec
2783 4221 2986 4266 retineri
3008 4223 3282 4278 quiequam

338 4320 349 4335 .
434 4279 512 4325 Pr.
534 4282 615 4328 Vl.
637 4296 685 4341 p.
711 4283 979 4333 ist-146.
1005 4313 1064 4322 -
1084 4290 1327 4338 Francke
1346 4292 1383 4337 l.
1409 4292 1444 4336 1.
1480 4302 1528 4347 p.
1551 4283 1616 4333 8ss
1643 4311 1699 4319 -
1723 4282 1803 4330 98.
1874 4286 2103 4339 amplius
2127 4304 2152 4331 »ι
2176 4289 2229 4346 (i.
2256 4300 2301 4334 e.
2325 4291 2520 4344 praeter
2545 4293 2730 4343 poenae
2749 4284 3045 4329 commissae
3057 4291 3300 4342 eausamy·

437 4366 495 4373 —
521 4345 710 4401 Meyer
752 4348 802 4393 in
824 4349 1122 4406 ephemerid.
1152 4352 1252 4407 jur.
1281 4353 1407 4398 Tub.
1441 4352 1499 4399 T.
1543 4350 1600 4395 ΙΙ.
1637 4363 1684 4408 p.
1710 4345 1804 4395 100
1890 4352 2065 4402 potest.
2091 4365 2116 4392 n
2143 4376 2202 4383 —-
2223 4350 2298 4396 cf.
2327 4347 2531 4396 {Veber
2552 4347 2698 4393 Beitr.
2723 4356 2783 4390 zu
2805 4346 2856 4390 d.
2883 4346 3044 4392 Lebre
3063 4359 3115 4392 v.
3149 4346 3280 4391 still-

439 4414 546 4462 899·
582 4408 684 4459 (NP.
709 4408 777 4467 1.)
1891 4407 2042 4456 schw.
2065 4408 2549 4468 conventionalpmr.
2571 4422 2648 4457 nr.
2665 4406 2714 4454 3.
2738 4408 2894 4463 (vers.
2914 4409 3005 4455 ub.
3021 4408 3075 4456 d.
3101 4409 3209 4455 Cir.
3225 4408 3279 4453 a.

469 4466 545 4534 ‚31
566 4470 703 4523 Quod
726 4483 822 4517 non
850 4473 1327 4533 animadverterunt,
1361 4477 1443 4535 qui
1477 4477 1670 4533 plenam
1704 4485 1813 4520 esse
1888 4480 1939 4526 ι).
1963 4468 2047 4518 151
2074 4476 2202 4534 sqq.)

435 4536 535 4573 vim
559 4532 772 4588 pignoris
795 4536 1006 4581 naturali
1027 4537 1312 4594 obligationi
1334 4539 1514 4596 adjecti
1537 4540 1810 4598 negarunt,
1939 4530 1989 4590 8)
2015 4536 2066 4580 L.
2089 4535 2138 4584 4.
2172 4538 2222 4584 in
2259 4536 2295 4583 i’.
2334 4538 2389 4584 C.
2413 4534 2482 4583 de
2516 4546 2669 4582 usur.
2717 4558 2769 4568 —-
2810 4531 3026 4581 Weber
3063 4533 3098 4579 1.
3121 4533 3157 4581 l.
3183 4533 3277 4590 52.

433 4592 666 4645 quoniam
698 4598 831 4643 nulla
862 4597 925 4642 sit
948 4599 1077 4644 aetio
1098 4601 1313 4658 pignoris
1346 4602 1545 4647 nomine
1561 4635 1575 4651 .
1596 4602 1726 4657 quod
1752 4610 1811 4645 ex
1914 4596 1958 4642 i.
1980 4598 2056 4643 12.

433 4661 579 4722 capsa
611 4659 843 4712 pecuniae
874 4664 1045 4706 mutuo
1074 4659 1220 4708 datae
1258 4663 1597 4710 filiusfamilias
1629 4662 1812 4707 cousti-
1941 4657 1992 4715 9)
2014 4661 2169 4717 Igitur
2190 4672 2280 4707 nec
2312 4664 2514 4720 propter
2534 4670 2730 4716 usuras,
2761 4668 2892 4716 quae
2915 4657 3030 4715 lege
3064 4657 3286 4716 probibi-

436 4716 567 4761 tun:
603 4719 735 4764 velut
771 4722 1039 4769 Weber-us
1067 4727 1250 4770 uaturl.
1280 4727 1526 4772 Verbincll.
1565 4726 1592 4779 3
1625 4722 1739 4771 107.
1769 4728 1821 4768 et
1885 4728 1963 4768 tae
1986 4728 2127 4781 sunt,
2154 4725 2331 4782 pignus
2361 4723 2610 4781 obligatur
2645 4721 2714 4776 (L.
2745 4719 2819 4768 11.
2856 4721 2882 4774 S
2902 4716 2957 4765 5.
2995 4721 3049 4768 iu
3071 4721 3110 4768 f.
3136 4722 3192 4767 D.
3215 4718 3289 4766 de

435 4775 670 4833 Seuffert
691 4780 1823 4842 Ertirter.ll.p.88.Nr.xvlll.-—Vid.FrancRe
1883 4783 2023 4843 pr'qn.
2054 4790 2213 4842 ace.),·
2248 4786 2311 4831 de
2339 4786 2444 4840 bis,
2485 4796 2611 4843 quae
2644 4784 2940 4831 naturaliter
2975 4787 3175 4830 tantum
3195 4785 3290 4829 de·

451 4838 484 4885 ¹·
506 4839 541 4886 ¹·
565 4851 613 4897 l)-
635 4839 692 4887 8¹
715 4855 789 4901 “l-
1886 4848 2080 4907 bentur,
2115 4849 2213 4895 vid.
2253 4851 2404 4895 eund.
2438 4849 2633 4906 locum,
2660 4852 2763 4893 tum
2796 4847 2850 4893 L.
2871 4840 2922 4892 4.
2951 4851 3007 4893 et
3028 4844 3110 4895 22.
3136 4847 3190 4892 C.
3214 4844 3291 4892 de

529 4900 578 4962 4)
601 4903 651 4950 l..
672 4902 753 4952 25.
778 4907 831 4950 D.
855 4905 906 4952 Ιι.
927 4912 964 4954 t.
1002 4932 1060 4942 —
1104 4908 1327 4959 Thibaut
1358 4911 1549 4960 civilist.
1586 4910 1821 4959 Abbandl.
1888 4920 2042 4956 usur.
2070 4936 2128 4945 -
2151 4910 2223 4959 cf.
2251 4923 2396 4970 supra
2419 4918 2525 4958 not.
2550 4911 2595 4956 Β.
