3544 5506
475 291 585 346 524
1209 304 1358 345 rsus
1399 303 1560 345 sruc.
1602 303 1719 345 un.
1761 304 1858 346 111.
1901 305 1975 346 os
2012 267 2529 352 onmem-mimus,

475 417 675 475 stricti
703 413 855 493 juris
884 414 1335 486 obligationum
1351 458 1368 482 ,
1394 418 1619 488 quales
1643 418 1903 490 quidem
1925 417 2222 476 Romanis
2244 423 2439 476 notae
2463 423 2678 486 erant,
2706 416 2980 490 amplius
3000 421 3284 492 supersit

478 532 628 575 usus
663 516 820 592 (529.
851 530 948 571 nr.
979 512 1065 587 6.)
1084 557 1102 586 ,
1128 524 1358 586 sponte
1388 517 1674 589 sequitur
1698 561 1713 586 ,
1748 524 1821 575 ut
1852 520 1920 575 in
1954 518 2028 576 iis
2054 518 2587 577 conventionibus
2611 559 2627 586 ‚
2675 533 2843 592 quae
2883 520 3287 580 constituen-

475 613 701 670 darum
744 610 1202 681 obligationum
1245 627 1439 671 causa
1477 613 1814 684 ineuntur,
1863 616 1944 673 ad
1975 615 2289 674 Praetoris
2312 615 2613 673 auxilium
2640 614 2992 687 confugere
3017 631 3284 678 necesse

476 723 605 766 non
645 706 760 776 sit,
809 705 1096 777 quamvis
1142 706 1298 764 illud
1342 703 1663 782 hodieque
1707 711 1865 767 utile
1907 725 2044 768 esse
2078 711 2278 783 possit
2307 706 2378 782 ⁴).
2412 713 2537 769 Nec
2573 710 2918 784 quicquam
2965 712 3281 786 interest,

476 810 689 860 utrum
716 802 797 858 ab
830 817 942 877 ec,
976 816 1260 874 quocum
1305 804 1709 862 contrahitur
1731 848 1747 875 ‚
1786 822 1872 866 an
1898 806 1979 863 ab
2020 805 2149 866 alio
2186 806 2277 865 vis
2308 806 2689 867 adhibeatur
2706 806 2756 879 ⁵)
2776 852 2794 880 ‚
2825 807 2993 865 sicut
3020 823 3144 866 nec
3171 809 3286 866 ad·

475 901 850 960 mittendum
879 916 1013 959 esse
1043 903 1328 972 videtur,
1371 906 1544 976 quod
1572 921 1611 962 a
1638 905 1960 966 nonnullis
2000 903 2421 982 proponitur,
2461 906 2804 972 discrimen
2832 906 3009 970 inter
3034 914 3284 968 metum

474 1018 731 1071 causam
755 1002 1013 1066 dantem
1039 1009 1232 1076 atque
1253 1003 1637 1064 incidentem
1657 1003 1707 1079 6)
1723 1048 1738 1071 ,

1604 1200 1630 1272 §
1670 1201 1902 1277 sae)
1945 1199 2140 1262 Dolus.

556 1417 629 1470 At
660 1415 725 1469 in
763 1409 859 1488 iis,
896 1427 1063 1484 quae
1106 1412 1258 1470 dolo
1289 1413 1457 1469 malo
1501 1418 1676 1482 gesta
1704 1418 1876 1480 sunt,
1906 1412 2078 1469 haud
2103 1408 2503 1485 improbabili
2534 1412 2786 1471 ratione
2814 1412 3237 1483 distinguitur
3261 1428 3280 1466 ε

477 1520 694 1571 utrum
716 1515 801 1581 id,
841 1515 905 1570 in
952 1528 1081 1586 quo
1116 1528 1309 1571 causa
1343 1514 1434 1569 rei
1469 1512 1868 1583 potissimum
1914 1513 2212 1583 vertitur,
2245 1513 2395 1571 dolo
2422 1513 2501 1571 sit
2525 1520 2764 1580 actum,
2793 1529 2877 1570 an
2902 1509 2966 1570 id
2993 1517 3284 1570 tantum-

474 1611 692 1684 modo,
723 1611 899 1683 quod
932 1624 1065 1667 non
1090 1609 1315 1682 utique
1335 1615 1428 1667 est
1457 1610 1891 1666 necessarium
1913 1608 1979 1665 in
2014 1623 2092 1666 ea
2115 1623 2210 1684 re,
2238 1610 2320 1667 de
2336 1625 2464 1682 qua
2486 1609 2819 1681 quaeritur
2834 1607 3048 1682 ¹),hoc
3063 1614 3280 1680 pacto,

474 1711 546 1761 ut
576 1707 641 1763 in
677 1707 827 1764 dolo
856 1721 1115 1763 causam
1140 1707 1334 1763 dante
1368 1719 1488 1779 pro
1518 1700 1716 1762 nihilo
1748 1704 2086 1772 habeatur,
2103 1706 2277 1777 quod
2308 1711 2522 1763 actum
2552 1706 2655 1776 sit,
2690 1710 2922 1762 contra
2949 1719 3112 1761 vero
3140 1718 3284 1775 pro-

475 1809 620 1876 pter
647 1805 864 1863 dolum
920 1805 1337 1878 incidentem,
1393 1820 1585 1877 quem
1646 1811 1917 1873 vocant,
1974 1811 2118 1863 rato
2149 1811 2452 1863 manente
2489 1811 2828 1863 contractu
2851 1844 2869 1874 ‚
2902 1820 3039 1863 non
3062 1804 3182 1861 nisi
3203 1804 3283 1861 ad

475 1901 780 1961 damnum
801 1903 952 1960 dolo
969 1902 1189 1962 datum
1219 1901 1696 1966 resarciendum
1720 1901 1820 1971 agi
1848 1901 2042 1973 possit
2062 1897 2129 1974 ²).
2168 1904 2307 1965 ,lam
2337 1902 2388 1958 si
2414 1901 2478 1958 in
2508 1903 2868 1964 necessaria
2898 1900 3281 1960 conventio·

475 2000 571 2058 nis
603 2007 787 2073 parte
815 2015 1161 2062 consensus
1183 2003 1338 2060 dolo
1369 2002 1541 2060 malo
1566 2002 1907 2072 impeditus
1918 2008 2036 2075 est,
2058 2001 2145 2067 id,
2170 1993 2345 2073 quod
2369 2002 2521 2059 dolo
2545 2001 2778 2073 agitur,
2797 2000 2957 2058 alias
2982 2000 3284 2074 ipsojure

474 2103 709 2162 nullius
737 2111 833 2162 est
858 2106 1192 2175 momenti,
1222 2106 1379 2166 alias
1425 2104 1784 2163 actionibus
1812 2106 1911 2161 vel
1955 2099 2437 2176 exceptionibus
2460 2099 2822 2161 infirmatur
2848 2103 2915 2159 in
2939 2110 3178 2161 totum.
3215 2106 3288 2160 Et

473 2217 736 2274 prorsus
756 2203 1031 2262 habetur
1051 2206 1285 2263 nullius
1308 2204 1614 2262 momenti
1636 2205 1812 2277 quod
1838 2210 2054 2262 actum
2076 2210 2197 2272 est,
2229 2218 2375 2261 cum
2400 2210 2510 2260 aut
2533 2210 2812 2275 uterque
2853 2203 2919 2259 in
2947 2203 3112 2260 dolo
3141 2216 3282 2259 ver-

473 2309 651 2360 satur
673 2297 749 2378 ³),
777 2310 888 2360 aut
918 2304 1102 2363 dolus
1128 2311 1223 2362 est
1252 2304 1569 2364 adhibitus
1600 2305 1681 2360 ab
1708 2305 1920 2361 altero
1943 2303 2464 2362 contrahentium
2488 2303 2590 2360 vel
2620 2303 2700 2358 ad
2724 2302 3104 2359 societatem
3130 2315 3285 2359 con·

473 2401 858 2461 stituendam
890 2398 963 2476 ⁴),
984 2405 1082 2462 vel
1114 2405 1195 2461 ad
1216 2403 1445 2461 tutoris
1470 2405 1922 2461 auctoritatem
1951 2398 2327 2461 eliciendam
2360 2401 2432 2473 5).
2465 2398 2538 2459 In
2567 2402 2828 2474 reliquis
2859 2401 3060 2472 igitur
3083 2399 3287 2458 omni-

474 2498 591 2556 bus
613 2499 818 2557 causis
839 2500 976 2571 ipso
1007 2501 1263 2574 quidem
1284 2501 1435 2574 jure
1463 2502 1665 2574 valet,
1698 2500 1875 2572 quod
1901 2500 2052 2557 dolo
2075 2505 2322 2571 gestum
2348 2505 2443 2556 est
2474 2542 2490 2567 ,
2524 2504 2589 2556 at
2614 2498 2887 2556 rescindi
2920 2497 3189 2572 poterit,
3222 2496 3284 2553 id

473 2598 731 2669 quidem
753 2600 1011 2657 volente
1032 2615 1136 2667 ec,
1170 2597 1277 2672 qui
1319 2602 1468 2658 dolo
1500 2600 1975 2658 circumventus
2004 2605 2104 2657 est
2147 2599 2303 2673 (not.
2337 2597 2522 2673 seq.).
2546 2593 2927 2655 Actionibus
2949 2602 3169 2654 autem
3199 2594 3284 2651 ad

473 2693 967 2769 impugnandam
1009 2700 1317 2774 ejusmodi
1348 2701 1837 2758 conventionem
1872 2699 2255 2772 plerumque
2278 2703 2496 2755 utetur
2518 2697 2612 2769 iis,
2638 2709 2807 2769 quae
2834 2710 2912 2755 ex
2936 2700 3282 2753 contractu

473 2799 965 2870 proficiscuntur
984 2797 1056 2872 ⁶),
1094 2801 1182 2860 sic
1208 2808 1448 2871 tamen,
1469 2807 1567 2868 ut,
1594 2801 1729 2874 jam
1751 2800 2014 2873 impleta
2038 2800 2487 2864 conventione,
2519 2797 2714 2856 etiam
2741 2791 3153 2857 condictione
3178 2808 3285 2853 re-

472 2894 601 2966 peti
632 2910 734 2953 res
755 2897 995 2968 possint
1018 2894 1091 2970 ⁷).
1125 2898 1211 2955 Ad
1239 2898 1656 2954 infirmandas
1686 2913 1841 2955 vero
1869 2897 2329 2955 conventiones
2353 2938 2372 2969 ,
2421 2910 2587 2967 quae
2638 2894 3016 2952 liberandae
3048 2892 3285 2963 obliga-

470 2990 660 3050 tionis
680 3007 874 3051 causa
914 2995 1063 3052 dolo
1090 2996 1259 3053 malo
1308 2990 1502 3051 initae
1545 3000 1711 3063 sunt,
1751 2994 2075 3065 praetoria
2114 2993 2195 3049 de
2238 2992 2394 3049 dolo
2435 2991 2687 3051 actione
2707 3004 2869 3063 opus
2896 2984 3024 3046 erit
3042 2984 3123 3065 ⁸),
3154 3002 3286 3061 qua

469 3233 618 3281 quam
640 3223 702 3268 ad
729 3224 880 3283 ipsius
902 3226 1220 3283 obligationis
1246 3229 1365 3285 vim,
1386 3229 1561 3274 rationi
1585 3234 1730 3287 atque
1752 3242 1835 3275 ae-

472 3287 648 3343 quitati
680 3294 1060 3335 consentaneum
1099 3294 1193 3335 est.
1246 3292 1341 3337 Nec
1372 3292 1477 3337 tore
1518 3291 1835 3350 dubitamus,

470 3348 588 3405 quin
616 3348 744 3394 idem
766 3352 976 3395 sentiant
993 3353 1276 3409 scriptores,
1300 3354 1476 3411 quibus
1500 3355 1603 3411 ipso
1622 3356 1730 3410 jure
1765 3362 1837 3399 ta-

473 3411 541 3456 les
575 3423 672 3456 non
695 3413 853 3457 valere
873 3418 1221 3462 conventiones
1245 3419 1445 3473 placuit,
1469 3418 1573 3463 scil.
1600 3430 1652 3461 re
1673 3417 1840 3463 uobis-

470 3485 583 3518 cum
605 3476 981 3531 consentientes,
999 3480 1155 3524 verbis
1172 3481 1361 3524 tantum
1383 3480 1835 3527 dissidentes.—Cf.

470 3546 515 3580 v.
552 3547 595 3581 c.
618 3536 789 3582 Noodl
814 3536 875 3581 de
898 3538 1054 3584 forma
1077 3541 1370 3586 emendandi
1413 3542 1509 3589 doli
1535 3544 1648 3588 mali
1683 3555 1727 3587 c.
1755 3539 1834 3587 16.

470 3598 599 3655 (opp.
624 3599 683 3653 Τ.
707 3600 745 3642 l.
767 3597 1330 3656 p.353.)-13urclmrdi
1353 3606 1839 3661 Wiedereinsetzung

472 3660 519 3703 in
542 3660 635 3706 den
658 3671 763 3705 vor.
785 3661 955 3707 Staod.
981 3676 1027 3719 p.
1053 3662 1322 3711 551—358.

533 3719 583 3777 4)
617 3723 692 3769 Cf.
716 3723 873 3769 Klien
892 3726 1062 3771 Archiv
1088 3728 1124 3774 1.
1144 3728 1236 3774 civ.
1260 3728 1424 3773 Praxis
1446 3729 1482 3773 l.
1509 3729 1590 3774 Nr.
1612 3730 1729 3774 XVl.

531 3782 579 3840 5)
612 3786 663 3831 L.
689 3785 767 3832 11.
794 3788 845 3831 D.
872 3788 1022 3844 quod
1037 3800 1105 3834 m.
1127 3802 1174 3836 c.
1204 3815 1257 3823 —
1285 3791 1335 3834 L.
1361 3788 1409 3835 5.
1436 3796 1483 3835 et
1504 3789 1552 3836 5.
1579 3794 1631 3838 C.
1649 3789 1829 3847 deltis,

469 3858 607 3903 quae
641 3848 693 3895 vi
706 3851 941 3896 metusve
957 3861 1123 3898 causa
1137 3856 1292 3911 qesta
1305 3856 1450 3905 sunt.
1472 3854 1831 3911 (ll.20.)—-vid.

473 3909 749 3970 Schullt'nq
766 3923 928 3957 enarr.
957 3920 1083 3971 part.
1114 3917 1147 3960 Ι.
1173 3916 1278 3971 Dig.
1309 3915 1410 3969 Lib.
1437 3916 1516 3961 tv.
1542 3918 1642 3962 Tit.
1664 3918 1711 3960 2.
1740 3913 1833 3971 §5-

474 3995 529 4003 -
554 3972 623 4018 de
645 3971 974 4029 Jonquieres
993 3978 1053 4021 de
1080 3981 1193 4022 rest.
1222 3978 1270 4022 in
1293 3977 1383 4023 int.
1412 3978 1514 4024 Tit.
1553 3981 1600 4024 2.
1622 3980 1648 4033 S
1671 3976 1750 4024 23.
1775 4001 1836 4009 -—

472 4034 677 4140 atinent.
706 4036 869 4082 Glack
894 4038 1044 4084 Pand.
1073 4041 1150 4087 Ν.
1174 4052 1224 4097 p.
1250 4038 1343 4086 179
1363 4051 1435 4097 sq.
1475 4066 1531 4073 —-
1553 4042 1690 4098 [Cod.
1714 4042 1834 4099 Nap.

531 4155 579 4213 6)
618 4159 667 4203 L.
696 4157 737 4203 1.
768 4161 819 4204 D.
844 4161 991 4217 quod
1010 4174 1075 4207 m.
1098 4175 1149 4210 c.
1174 4188 1229 4195 -—
1250 4165 1456 4211 Dissent.
1482 4165 1602 4212 alios
1618 4171 1838 4226 secutus,

471 4221 640 4277 Guiclc
665 4222 816 4267 l‘aud.
842 4226 917 4269 lv.
945 4225 996 4270 P.
1024 4224 1113 4271 170
1135 4227 1212 4272 cf.
1236 4227 1262 4281 S
1283 4239 1386 4286 seq.
1408 4233 1512 4274 not.
1538 4230 1584 4275 1.

1056 4361 1082 4415 ἓ
1102 4357 1215 4407 557.

536 4469 581 4524 1)
617 4470 873 4538 (laeter-um
913 4473 1202 4532 plerumque
1248 4476 1315 4520 ita
1366 4475 1634 4532 explanare
1675 4476 1833 4520 solent

472 4529 562 4575 hoc
601 4531 892 4589 discrimen,
947 4540 1001 4579 ut
1052 4548 1247 4587 causam
1291 4537 1491 4582 dantem
1547 4538 1712 4583 dolum
1753 4535 1833 4584 dl-

470 4596 604 4645 cant,
626 4603 737 4639 cum
770 4597 878 4651 quis
900 4599 949 4643 in
973 4609 1031 4641 eo
1066 4600 1200 4658 ipse,
1240 4605 1292 4644 ut
1330 4601 1610 4657 contrahat,
1655 4600 1833 4659 decep-

470 4661 546 4698 tus
567 4660 659 4709 est,
684 4656 997 4715 incidentem,
1016 4672 1127 4705 cum
1154 4663 1199 4706 in
1225 4663 1564 4710 conventionis
1602 4663 1834 4709 acciden-

1962 3231 2008 3285 2)
2042 3230 2113 3275 Cf.
2153 3229 2377 3287 inprimis
2402 3231 2450 3275 L.
2476 3230 2553 3275 12.
2579 3231 2605 3284 S
2628 3230 2674 3275 1.
2699 3231 2754 3275 D.
2778 3228 2849 3275 de
2872 3231 3006 3284 jure
3050 3226 3282 3273 dotium

1903 3292 2089 3347 (xxiii.
2110 3292 2182 3349 3.)
2203 3293 2316 3336 -L.
2349 3286 2430 3337 155
2453 3293 2480 3347 S
2499 3290 2546 3339 4.
2573 3294 2628 3338 Ι).
2660 3291 2729 3338 de
2750 3302 2802 3338 a.
2827 3303 2875 3337 e.
2897 3303 2948 3337 v.
2973 3291 3122 3348 (xlx,
3153 3291 3290 3345 1.)—

1904 3356 1955 3399 L.
1982 3353 2029 3401 7.
2056 3366 2131 3411 pr.
2159 3356 2212 3399 D.
2238 3353 2444 3400 dedolo
2467 3353 2622 3400 malo.
2648 3354 2747 3409 (Ν,
2770 3354 2840 3410 3.)
2869 3377 2928 3386 -—-
2951 3352 3066 3398 vid.
3091 3352 3286 3396 Basilio.

1904 3418 1961 3461 Τ.
1990 3419 2004 3462 Ι
2026 3431 2072 3475 p.
2095 3415 2205 3461 399.
2231 3417 2330 3472 (ed.
2356 3416 2644 3463 Heimbacli
2667 3418 2701 3463 Ι.
2730 3427 2779 3473 p.
2799 3414 2896 3462 498
2917 3413 3288 3473 sqq.)-·G!aeiclt

1903 3480 2056 3526 Pand.
2083 3480 2163 3523 lv.
2190 3490 2237 3535 p.
2265 3476 2357 3523 114
2380 3491 2489 3536 sqq.
2514 3479 2834 3524 ——Caeterum
2865 3479 2966 3523 vid.
3001 3474 3183 3522 Noode
3224 3476 3287 3522 de

1901 3542 2059 3586 forma
2081 3540 2374 3585 emendandi
2394 3541 2490 3585 doli
2519 3541 2632 3586 mali
2656 3554 2700 3586 c.
2725 3541 2774 3586 3.
2797 3538 2848 3586 7.
2874 3545 2923 3584 et
2939 3538 3284 3594 1⁴.-i⁹omp.

1901 3603 1970 3650 de
2007 3601 2331 3658 Jonqm'eoes
2376 3604 2436 3648 de
2466 3609 2581 3647 rest.
2628 3604 2677 3647 in
2724 3603 2814 3647 int.
2848 3602 2950 3648 Tit.
2990 3605 3039 3647 3.
3064 3602 3093 3656 s
3114 3597 3197 3645 2⁴.
3223 3624 3282 3633 -

1903 3668 1959 3710 L.
1979 3669 2037 3712 J.
2062 3665 2336 3711 Neu-stete!
2352 3666 2404 3709 D.
2432 3665 2589 3711 bonae
2607 3666 2720 3711 fidei
2759 3666 2955 3720 negotia
2991 3666 3114 3710 doto
3155 3663 3285 3707 inita

1899 3740 1995 3774 non
2017 3740 2118 3774 esse
2143 3729 2273 3772 nulla
2293 3726 2450 3783 (Reid.
2487 3725 2625 3772 1818.
2662 3725 2733 3785 8.)
2753 3739 2796 3771 c.
2829 3724 2877 3771 ὅ.
2898 3730 2949 3771 et
2973 3738 3019 3772 c.
3046 3724 3100 3770 7.
3139 3738 3191 3781 p.
3225 3721 3287 3770 58

1897 3802 2071 3847 sqq.——
2092 3788 2398 3835 Burclmrdi
2421 3790 2739 3835 wiedereius.
2772 3790 2820 3833 in
2844 3787 2942 3834 den
2969 3799 3078 3834 vor.
3106 3788 3283 3833 sumt.

1897 3864 1947 3909 p.
1971 3850 2064 3898 5⁴5
2083 3864 2191 3909 sqq.
2218 3876 2274 3883 —
2298 3850 2588 3897 Schneider·
2625 3854 2739 3910 allg.
2784 3851 3068 3897 subsidia-e
3107 3852 3284 3908 tuagen

1897 3927 1945 3971 p.
1983 3913 2074 3960 350
2097 3927 2208 3971 sqq.
2229 3938 2277 3945 —
2308 3914 2564 3959 Caeterum
2591 3914 2669 3959 vix
2691 3916 2787 3967 est,
2808 3914 2944 3970 quod
2966 3925 3284 3968 moneamus,

1901 3977 2237 4033 probationem
2252 3987 2443 4034 semper
2456 3976 2518 4022 ab
2533 3988 2591 4021 eo
2613 3976 2719 4022 fleri
2740 3976 2943 4035 debere,
2967 3977 3056 4033 qui
3080 3985 3284 4021 causan

1900 4040 2088 4084 dedisse
2113 4040 2387 4084 contractui
2413 4036 2576 4084 dolum
2601 4038 2886 4084 contendat.

1962 4099 2011 4154 δ)
2043 4102 2096 4146 L.
2117 4099 2197 4146 57.
2225 4102 2252 4155 s
2285 4103 2332 4146 3.
2358 4102 2407 4146 tn
2436 4100 2473 4145 i‘.
2497 4102 2550 4145 D.
2574 4100 2642 4145 de
2664 4104 2840 4147 eonlr.
2861 4097 3290 4158 em1.(xvlll,l.)

1905 4164 2040 4210 ——ch
2067 4164 2119 4207 L.
2137 4161 2219 4208 56.
2243 4165 2294 4208 D.
2315 4162 2378 4208 de
2400 4163 2522 4208 dolo
2538 4163 2695 4208 malo.
2721 4163 2821 4219 (Ν,
2845 4163 2917 4217 3.)

1964 4223 2013 4279 4)
2046 4226 2097 4270 L.
2121 4227 2169 4271 3.
2194 4226 2219 4278 s
2239 4223 2287 4270 ὅ.
2316 4227 2370 4270 Ι).
2390 4238 2491 4281 pro
2509 4236 2616 4272 soc.
2636 4226 2797 4286 (xvn,
2823 4226 2896 4281 2.)
2920 4248 2979 4257 —
3002 4221 3164 4270 1,.16.
3190 4223 3218 4277 S
3236 4222 3280 4271 t.

1904 4288 1957 4335 D.
1981 4287 2050 4334 de
2069 4286 2255 4334 minor.
2279 4287 2378 4344 (Ν,
2399 4286 2468 4343 4.)

1967 4348 2017 4407 5)
2052 4352 2104 4396 L.
2127 4348 2175 4396 5.
2197 4352 2223 4405 S
2242 4348 2290 4394 2.
2317 4352 2371 4396 D.
2398 4351 2467 4396 de
2488 4352 2630 4396 auct.
2656 4352 2754 4395 tut.
2782 4349 2973 4406 (xxvi,
2999 4346 3076 4405 8.)

1969 4411 2116 4520 (Docti.
2144 4413 2258 4521 loci⁴
2256 4415 2519 4474 scriptores
2538 4414 2564 4468 s
2589 4409 2699 4457 164.
2722 4417 2825 4457 not.
2848 4410 2898 4458 3.
2920 4413 3162 4459 landast
3185 4410 3282 4458 vid.

1897 4476 1922 4530 S
1953 4474 2015 4521 53
2058 4508 2070 4520 .
2096 4479 2201 4520 not.
2264 4507 2278 4520 .

1957 4536 2008 4595 7)
2047 4539 2094 4583 L.
2118 4535 2167 4582 9.
2194 4548 2272 4593 pr.
2297 4538 2353 4583 D.
2379 4538 2448 4583 de
2470 4536 2579 4583 reb.
2608 4534 2757 4582 cred.
2782 4535 2908 4591 (xil,
2937 4533 3068 4593 l.)-
3086 4538 3138 4582 t..
3163 4534 3212 4583 6.
3227 4538 3279 4582 D.

1896 4598 1964 4647 de
1981 4600 2127 4648 cond
2149 4598 2232 4644 ob.
2260 4604 2401 4655 eur-p.
2421 4611 2470 4646 c.
2494 4599 2615 4655 (xli.
2636 4596 2707 4653 5.)

1959 4660 2008 4721 8)
2042 4665 2094 4709 L.
2117 4662 2162 4709 1.
2192 4661 2284 4716 §7-
2310 4665 2363 4709 L.
2386 4661 2466 4707 28.
2484 4663 2535 4706 L.
2559 4658 2641 4706 58.
2677 4662 2728 4705 D.
2754 4659 2824 4705 de
2842 4659 2971 4705 dolo
2995 4661 3160 4707 malo.
3186 4662 3284 4716 (lv,

473 4716 651 4761 talibus
669 4717 808 4762 dolus
833 4722 1068 4767 admissus
1090 4729 1180 4768 est.
1210 4750 1261 4755 —-
1286 4724 1393 4770 vid.
1420 4729 1482 4772 D.
1522 4724 1850 4772 Neteelbladt
1907 4722 1978 4782 ὅ.)
2004 4753 2054 4761 --
2079 4726 2154 4771 Cf.
2183 4729 2231 4769 et
2256 4727 2308 4770 L.
2331 4724 2414 4770 20.
2431 4726 2458 4777 S
2483 4722 2527 4769 1.
2549 4723 2669 4769 eod.
2688 4747 2747 4755 —-
2769 4724 2802 4767 Α
2828 4733 2929 4780 quo
2951 4724 3159 4780 quidem
3182 4726 3288 4768 loeo

471 4778 531 4823 de
554 4777 654 4824 doli
698 4780 954 4828 incidentis
994 4789 1045 4827 et
1082 4796 1279 4832 causam
1319 4785 1480 4834 dantis
1502 4788 1550 4832 in
1580 4789 1845 4834 contracti-

470 4844 561 4886 bus
597 4839 790 4888 effectu.
828 4843 933 4891 Hal.
987 4844 1123 4893 1744.
1175 4874 1232 4882 -
1259 4849 1419 4895 Glticli·
1458 4849 1610 4896 Pand.
1647 4861 1694 4908 p.
1733 4847 1844 4898 11⁴.

473 4915 578 4965 sqq.

1909 4786 2142 4833 dissidere
2183 4788 2373 4833 videtur
2413 4788 2464 4832 L.
2510 4782 2589 4831 25.
2624 4787 2677 4830 D.
2700 4785 2820 4830 eod.
2844 4808 2907 4816 —
2933 4788 2992 4830 At
3015 4797 3153 4841 vem,
3175 4797 3286 4832 cum

1912 4856 2116 4907 uterque
2140 4852 2274 4896 locus
2308 4861 2335 4894 e
2355 4850 2482 4895 libro
2502 4848 2761 4894 undecimo
2782 4847 2922 4892 Pauli
2946 4850 3014 4894 ad
3032 4848 3184 4893 edict.
3206 4850 3287 4892 de-

1912 4916 2102 4959 sumtus
2121 4913 2199 4971 sit,
2222 4924 2322 4959 non
2342 4909 2768 4967 dtihitandumest,
2779 4910 2901 4967 quin
2917 4910 3150 4957 diversae
3165 4922 3283 4957 uno-
