3544 5506
434 379 545 436 318
1161 392 1310 435 rans
1347 391 1510 435 srnc.
1552 392 1669 435 ιιΒ.
1711 392 1809 435 ιιι.
1850 392 1927 434 nr.
1964 391 2487 435 onnon-romnus.

760 586 949 665 5529.
981 583 1044 660 b)
1071 581 1278 641 Stricti
1289 581 1446 658 juris
1476 591 1530 640 et
1555 582 1934 650 arbitrariae,
1982 590 2106 642 tum
2146 584 2321 642 bonas
2346 582 2479 661 fidei
2505 581 2888 660 obligationes.

512 792 722 852 Stricti
761 793 924 867 juris
947 833 963 861 ,
1017 787 1504 850 arbitrariarum
1558 792 1896 863 bonaeque
1940 792 2085 850 fidei
2138 792 2597 864 obligationum
2621 836 2636 861 ‚
2687 792 3228 865 quemadmodum

429 903 668 947 nomen
706 884 1020 961 notioque
1045 889 1124 945 ad
1144 887 1536 961 Judiciorum
1575 887 1732 945 certi
1764 893 1832 944 et
1860 886 2087 946 incerti
2120 884 2329 962 (§158.
2369 891 2472 946 Nr.
2513 887 2609 961 11.)
2639 887 3113 946 similitudinem
3134 888 3230 944 in-

428 995 687 1046 ventum
712 995 839 1062 est,
875 990 964 1046 sic
987 988 1180 1044 etiam
1207 987 1297 1044 vis
1319 993 1383 1044 et
1409 992 1691 1060 potestas
1720 987 1785 1043 in
1803 982 1915 1045 illo
1933 983 2321 1060 iudiciorum
2340 988 2702 1046 discrimine
2725 994 2864 1046 tota
2890 988 3229 1046 inhabitat.

428 1090 517 1144 De
545 1102 676 1160 quo
704 1102 851 1145 cum
874 1085 1024 1144 satis
1054 1100 1246 1157 supra
1281 1101 1319 1142 a
1360 1085 1541 1143 nobis
1571 1086 1928 1159 expositum
1953 1087 2063 1160 sit,
2114 1089 2433 1160 reliquum
2463 1095 2560 1146 est
2581 1131 2597 1158 ,
2629 1095 2704 1144 ut
2730 1102 2807 1145 ea
2844 1089 3039 1146 modo
3069 1089 3230 1161 adji-

425 1181 699 1252 ciamus,
734 1196 900 1255 quae
949 1181 1121 1238 hunc
1146 1181 1212 1237 in
1254 1181 1466 1239 locum
1507 1182 1777 1237 maxime
1809 1177 2219 1239 conveniant.
2262 1180 2457 1254 Igitur
2488 1184 2544 1253 1)
2583 1189 2696 1240 str.
2721 1183 2774 1256 j.
2807 1182 3229 1255 obligationes

424 1279 687 1337 omnino
710 1292 932 1337 omnes
961 1271 1276 1349 simplices
1300 1291 1351 1333 s.
1395 1275 1803 1333 unitaterales
1828 1282 1976 1334 sunt
1993 1273 2033 1349 ι)
2051 1319 2067 1347 ,
2094 1278 2636 1350 quemadmodum
2664 1279 3007 1351 pleraeque
3033 1279 3227 1337 etiam

423 1388 500 1435 ex
517 1373 1003 1435 arbitrariarum
1035 1390 1270 1448 genere
1294 1372 1381 1449 ²);
1412 1379 1640 1432 contra
1675 1390 1829 1433 vero
1865 1376 1930 1433 b.
1952 1375 1993 1433 l'.
2017 1376 2434 1448 obligationes
2452 1384 2711 1435 mutuae
2737 1385 2888 1435 sunt
2914 1393 3137 1437 omnes
3168 1394 3223 1436 s.

420 1470 786 1536 bilaterales
803 1473 875 1551 ³).
900 1475 961 1550 2)
990 1477 1111 1533 Str.
1139 1476 1191 1548 j.
1219 1473 1678 1545 obligationum
1721 1471 1984 1549 proprie
2009 1476 2271 1548 quidem
2300 1493 2379 1536 ea
2416 1484 2513 1535 est
2539 1484 2772 1535 natura
2793 1521 2810 1548 ‚
2842 1483 2915 1535 ut
2942 1478 3027 1534 ad
3070 1478 3220 1535 dan·

418 1572 575 1631 dum
619 1587 766 1631 reus
805 1572 1122 1642 obligetur
1141 1565 1210 1643 ⁴).
1244 1569 1306 1643 5)
1336 1570 1551 1629 Bonae
1581 1570 1725 1628 ssdei
1755 1567 2243 1644 obligationibus
2282 1579 2349 1631 et
2387 1570 2517 1632 doli
2542 1580 2608 1631 et
2636 1573 2806 1646 pacti
2823 1575 3228 1647 exceptiones

418 1670 557 1742 ipso
571 1668 720 1741 jure
747 1669 961 1726 insunt
980 1663 1046 1741 ⁶),
1079 1666 1312 1724 cumin
1337 1665 1536 1724 stricti
1553 1666 1716 1740 juris
1739 1662 2239 1739 obligationibus
2263 1685 2345 1727 ne
2367 1683 2591 1728 omnes
2620 1669 2879 1743 quidem
2898 1669 3228 1743 impetrari

419 1775 678 1839 possent
703 1767 1109 1840 exceptiones
1129 1762 1197 1838 ⁶).
1243 1766 1304 1842 4)
1351 1769 1421 1823 ln
1448 1762 1654 1824 stricti
1686 1767 1850 1840 juris
1882 1768 2376 1839 obligationibus
2400 1813 2416 1840 ‚
2447 1765 2556 1826 ubi
2581 1770 2662 1826 de
2692 1770 2881 1842 culpa
2912 1784 2988 1827 ac
3008 1785 3189 1828 mora
3209 1809 3225 1839 ,

419 1864 811 1936 omninoque
833 1865 915 1921 de
943 1863 1190 1921 damnis
1218 1862 1556 1936 omnisque
1596 1858 1847 1934 generis
1872 1861 2341 1922 accessionibus
2369 1866 2775 1923 restituendis
2806 1872 3000 1938 atque
3028 1867 3224 1924 aesti-

418 1964 665 2021 mandis
684 1964 1040 2037 quaeritur,
1069 1965 1255 2035 longe
1277 1963 1412 2021 aliis
1431 1978 1532 2020 res
1550 1965 1794 2035 regitur
1818 1964 2141 2037 principiis
2156 2008 2174 2035 ,
2195 1971 2389 2038 atque
2407 1965 2470 2021 in
2497 1960 2748 2037 reliquo
2767 1960 3225 2037 obligationum

417 2075 653 2133 genere
673 2058 742 2134 ⁷).
775 2064 1107 2119 Caeterum
1134 2058 1193 2134 5)
1231 2075 1267 2117 e
1289 2059 1453 2131 ¹iuris
1481 2059 1726 2130 rigore,
1753 2075 1883 2131 quo
1913 2049 2265 2132 antiquitus
2293 2062 2789 2120 continebantur
2828 2067 2941 2119 str.
2973 2061 3023 2134 j.
3065 2062 3226 2120 obli-

417 2161 704 2233 gationes
720 2203 737 2234 ‚
764 2160 1050 2218 nonnihil
1066 2162 1201 2234 jam
1224 2159 1469 2232 pridem
1494 2160 1850 2217 relaxatum
1874 2167 1992 2236 est,
2027 2155 2218 2233 idque
2242 2160 2510 2218 maxime
2534 2162 2726 2219 fiebat
2753 2161 3223 2233 praetoriarum

419 2258 895 2316 restitutionum
919 2255 1499 2329 exceptionumque
1528 2270 1650 2328 ope
1669 2251 1743 2332 ⁸),
1765 2262 1901 2312 tum
1930 2270 2084 2313 vero
2106 2257 2585 2328 stipulationum
2607 2257 2903 2314 clausulis
2929 2254 3007 2332 ⁹);
3029 2272 3225 2333 quae-

417 2359 565 2417 dam
589 2360 782 2417 etiam
805 2374 881 2416 ex
899 2358 1021 2426 his,
1041 2373 1206 2430 quae
1232 2358 1493 2429 propria
1518 2363 1729 2428 essent
1753 2357 2103 2414 arbitrariis
2127 2357 2617 2428 obligationibus
2638 2399 2656 2432 ,
2683 2357 2818 2429 ipso
2832 2355 2982 2429 jure
3014 2361 3225 2415 trans-

421 2458 550 2515 lata
572 2464 722 2515 sunt
751 2457 834 2514 ad
859 2458 1202 2513 nonnullas
1231 2451 1689 2526 obligationum
1714 2471 1939 2514 causas
1959 2499 1976 2532 ‚
2009 2472 2175 2529 quae
2199 2472 2273 2514 ex
2301 2452 2466 2513 civili
2503 2456 2766 2529 antiquo
2785 2456 2934 2530 jure
2958 2456 3225 2514 descen-

417 2554 654 2612 derunt
706 2549 790 2627 ιο).
823 2554 1011 2609 Plura
1044 2551 1425 2630 judiciorum
1458 2553 1683 2610 ordine
1713 2552 1965 2611 sublato
2006 2558 2235 2625 sponte
2272 2559 2555 2629 mutata,
2600 2553 2917 2626 quaedam
2946 2552 3140 2610 etiam
3183 2571 3222 2611 a

416 2652 771 2711 lustiniano
799 2653 1101 2710 innovata
1136 2658 1287 2708 sunt
1310 2651 1404 2725 ¹¹),
1438 2652 1520 2709 de
1549 2652 1778 2724 quibus
1800 2694 1816 2720 ,
1857 2667 2003 2710 cum
2032 2653 2312 2724 singulos
2353 2659 2607 2710 tantum
2650 2654 2829 2710 locos
2862 2653 3217 2724 attingant,

416 2750 846 2825 opportunior
874 2750 1039 2809 infra
1071 2750 1192 2808 erit
1214 2750 1467 2809 dicendi
1496 2752 1693 2809 locus.
1728 2756 1870 2810 Jam
1906 2768 2061 2811 vero
2094 2756 2156 2828 6)
2179 2755 2356 2825 quod
2397 2755 2479 2810 ad
2507 2753 2735 2812 harum
2759 2768 2976 2810 rerum
3009 2752 3222 2811 foren-

418 2862 552 2906 sem
575 2862 762 2906 usum
805 2843 1064 2917 attinet,
1089 2842 1375 2920 quamvis
1402 2862 1522 2905 nec
1550 2847 1758 2919 patrio
1778 2849 1908 2922 juri
1935 2864 2196 2922 prorsus
2224 2849 2583 2921 incognitae
2609 2854 2759 2907 sunt
2800 2845 3223 2919 obligationes

414 2954 480 3005 et
504 2949 790 3006 actiones
813 2994 829 3023 ‚
870 2963 1037 3021 quae
1067 2949 1146 3005 ad
1171 2954 1286 3007 str.
1309 2947 1472 3021 juris
1500 2962 1795 3006 normam
1835 2964 1910 3006 ac
1938 2950 2251 3007 rationem
2292 2950 2624 3021 exigantur
2646 2990 2662 3017 ‚
2711 2949 2883 3006 velut
2916 2945 3222 3021 obligatio

413 3064 490 3106 ex
512 3050 763 3109 cambio
805 3050 1247 3123 proficiscens,
1289 3055 1505 3107 tamen
1547 3064 1695 3107 cum
1726 3050 2184 3123 principiorum
2228 3050 2513 3118 ratione,
2558 3056 2698 3106 tum
2727 3049 2784 3105 vi
2811 3054 2874 3106 et
2901 3054 3220 3121 potestate

410 3155 556 3209 toto
589 3166 823 3223 genere
867 3168 905 3209 a
946 3154 1382 3209 Romanorum
1427 3150 1658 3209 strictis
1694 3151 1948 3224 judiciis
1984 3152 2131 3210 illae
2167 3147 2492 3210 dissident.
2528 3153 2742 3223 Neque
2789 3151 3050 3208 omnino
3081 3151 3220 3208 lieri

415 3262 599 3319 posse
624 3255 920 3320 putamus
940 3291 956 3318 ,
986 3254 1058 3305 ut
1089 3242 1152 3304 in
1180 3246 1330 3306 soris
1367 3248 1597 3306 nostris
1626 3248 1995 3318 obtineant,
2040 3263 2205 3320 quae
2232 3264 2308 3305 ex
2339 3248 2458 3306 isto
2487 3246 2811 3304 actionum
2851 3246 3218 3305 discrimine

411 3353 761 3404 manarunt
805 3362 952 3405 cum
1003 3362 1211 3419 eoque
1256 3354 1434 3405 arcte
1473 3348 1824 3405 cohaerent
1858 3348 2022 3421 juris
2075 3354 2441 3421 praecepta.
2491 3350 2642 3404 Nam
2687 3362 2833 3404 cum
2875 3348 3218 3418 complura

411 3455 637 3499 eorum
655 3442 788 3516 jam
810 3442 1141 3500 Justiniani
1173 3449 1382 3504 aetate
1413 3458 1489 3501 ex
1524 3458 1641 3499 usu
1675 3444 2121 3518 recessissent,
2151 3444 2276 3501 alia
2315 3459 2430 3516 per
2454 3444 2954 3515 compositorum
2990 3444 3217 3500 incon-

410 3540 707 3596 stantiam
737 3539 821 3595 ita
843 3537 1007 3595 inter
1030 3553 1096 3596 se
1127 3537 1393 3596 confusa
1422 3545 1663 3607 essent,
1691 3545 1763 3595 ut
1787 3538 1891 3596 vix
1922 3547 2035 3597 aut
2057 3555 2138 3597 ne
2171 3541 2271 3597 vix
2293 3541 2551 3613 quidem
2572 3539 2915 3597 internosci
2951 3548 3216 3611 possent

411 3638 719 3711 principia
740 3681 758 3714 ,
790 3654 957 3711 quae
990 3638 1220 3710 cuique
1240 3638 1402 3711 juris
1433 3633 1628 3695 indoli
1662 3644 1812 3711 apte
1842 3639 2301 3713 convenirent,
2334 3645 2674 3711 praeterea
2700 3637 3056 3710 stipulati0‚
3104 3645 3216 3695 ut-

410 3743 562 3808 pote
593 3738 937 3810 praecipua
968 3738 1335 3795 strictarum
1360 3732 1814 3809 obligationum
1842 3739 2122 3798 effectrix
2141 3783 2156 3804 ‚
2202 3739 2266 3795 in
2305 3738 2791 3796 desuetudinem
2823 3737 3213 3810 pedetentim

412 3833 665 3898 abiisset
692 3837 962 3896 :sensim
985 3838 1343 3910 sensimque
1370 3837 1664 3909 invaluit,
1710 3854 1830 3897 usu
1852 3840 1948 3897 vel
1974 3839 2244 3897 maxime
2272 3843 2336 3897 et
2360 3837 2820 3896 consuetudine
2841 3881 2857 3908 ‚
2887 3843 2961 3894 ut
2984 3832 3048 3893 in
3072 3853 3211 3895 om-

1844 4078 1943 4136 leq.
1963 4078 2117 4125 1.—1..
2141 4075 2221 4125 58.
2240 4077 2291 4124 in
2316 4078 2352 4124 t.
2381 4080 2434 4124 D.
2467 4076 2536 4124 de
2556 4077 2669 4123 lter.
2688 4080 2794 4132 pet.
2821 4074 2895 4132 (V,
2916 4073 3060 4133 3.)—
3082 4078 3217 4123 Bur-

1005 4141 1031 4195 S
1049 4137 1159 4187 329.
1845 4140 2036 4187 eliardi
2055 4142 2206 4186 Lebre
2229 4153 2322 4187 von
2348 4142 2436 4187 der
2460 4141 2942 4195 Wiedereinsetzung
2961 4150 3010 4195 p.
3033 4137 3129 4186 28⁴
3157 4165 3215 4174 -—

1846 4200 2038 4249 289.—
2060 4204 2134 4249 Cf.
2160 4205 2287 4250 infra
2327 4204 2353 4258 S
2391 4200 2505 4249 356.
2542 4199 2655 4248 537.
2696 4208 2745 4247 et
2782 4202 3004 4259 inprimis
3036 4202 3062 4255 S
3097 4200 3215 4249 465.

467 4263 525 4319 ,1)
558 4263 668 4311 vid.
692 4267 719 4322 ς
737 4262 849 4311 528.
869 4264 1038 4311 init.——
1056 4267 1108 4312 L.
1131 4262 1211 4312 19.
1236 4266 1290 4310 D.
1312 4264 1380 4311 de
1401 4265 1469 4311 V.
1497 4264 1551 4310 S.
1566 4267 1786 4311 ——Gam
1849 4271 1955 4312 not.
1974 4263 2025 4312 7.
2045 4271 2093 4310 et
2109 4263 2159 4311 9.
3080 4290 3083 4291 ⁷

413 4326 895 4435 Olgggationeflirecbt
915 4340 963 4385 p.
981 4325 1059 4375 15.
1076 4353 1133 4362 -—
1149 4328 1420 4375 Zimmern
1437 4332 1564 4373 rum.
1587 4327 1783 4375 Process
1910 4327 1959 4383 0)
1992 4328 2101 4375 vid.
2124 4340 2167 4373 v.
2191 4340 2236 4375 c.
2261 4331 2287 4385 ς
2305 4327 2384 4374 30.
2417 4329 2456 4372 l.
2479 4325 2549 4373 de
2581 4330 2686 4374 act.
2715 4351 2773 4360 --
2798 4324 2872 4371 Cf.
2894 4326 3023 4371 intra
3049 4326 3075 4380 ς
3092 4323 3213 4373 538.

415 4391 441 4444 3
529 4421 541 4434 .
567 4394 670 4434 not.
696 4390 719 4434 1
763 4424 774 4435 .
1848 4395 1954 4437 not.
1980 4390 2057 4435 1⁰.

477 4451 525 4509 2)
558 4452 634 4497 ct.
656 4453 799 4498 Garis
819 4452 853 4496 1.
875 4450 912 4498 l.
933 4464 983 4510 p.
1013 4450 1124 4508 161.
1906 4451 1954 4509 7)
1987 4452 2095 4498 Vid.
2123 4453 2251 4499 intra
2273 4455 2299 4509 S
2319 4450 2430 4498 555.
2457 4455 2561 4497 not.
2598 4452 2644 4496 4.
2671 4453 2720 4495 et
2741 4452 2903 4496 locum
2929 4450 2989 4496 de
3012 4450 3217 4498 damnis

477 4512 526 4571 ὅ)
561 4513 680 4569 ch't'
700 4516 817 4561 inst.
841 4514 922 4560 lv.
944 4516 970 4569 S
990 4512 1070 4560 62.
1087 4513 1172 4567 -S
1188 4510 1267 4558 28.
1292 4513 1328 4560 Ι.
1353 4513 1421 4560 de
1440 4518 1613 4560 σοι-
1637 4517 1782 4561 Gans
1845 4515 2162 4561 resarciendis
2193 4517 2326 4573 (Cap.
2353 4515 2475 4571 nh),
2498 4520 2603 4560 tum
2625 4523 2773 4571 supra
2792 4512 2817 4567 S
2837 4508 2949 4557 228.
2978 4524 3055 4560 nr.
3078 4515 3129 4559 5.
3154 4540 3216 4549 —

417 4578 451 4623 1.
485 4576 570 4629 ns
604 4574 649 4620 5.
690 4589 738 4635 p.
760 4574 825 4624 ss
858 4589 965 4635 sqq.
993 4601 1048 4609 -
1069 4574 1276 4633 nemer
1298 4578 1357 4623 ad
1391 4577 1498 4632 Gaii
1541 4578 1654 4624 inst.
1700 4578 1779 4623 ιν.
1845 4578 1919 4624 cr.
1942 4576 2186 4632 camasi.
2213 4578 2269 4624 ιι.
2296 4579 2321 4633 ς
2353 4577 2465 4625 280.

413 4639 521 4686 obs.
544 4637 645 4682 XV.
1903 4636 1951 4691 8)
1984 4640 2092 4685 vid.
2117 4652 2262 4698 supra
2281 4641 2305 4694 3
2326 4639 2437 4687 163.
2476 4637 2587 4687 164.

475 4697 525 4756 4)
563 4700 671 4746 Vld.
693 4697 843 4751 5325.
869 4704 971 4747 nol.
995 4704 1040 4748 1.
1066 4706 1115 4746 et
1139 4700 1263 4745 turra
1298 4697 1449 4755 ς343.
1479 4704 1690 4747 context.
1721 4701 1785 4746 ad
1908 4699 1956 4758 9)
1994 4702 2102 4747 vid.
2130 4705 2252 4750 intra
2274 4702 2428 4757 3543.
2447 4708 2551 4748 not.
2576 4698 2654 4747 15.
2679 4700 2758 4750 14.

415 4767 519 4809 not.
540 4760 587 4806 8.
607 4758 657 4807 9.
681 4767 896 4810 ——Gans
917 4765 950 4810 Ι.
970 4764 1003 4812 Ι.
1031 4776 1078 4822 p.
1105 4762 1183 4809 11.
1211 4763 1287 4811 15.
1308 4764 1388 4809 22.
1418 4787 1479 4796 —
1504 4764 1780 4810 Zimmern
1908 4761 1987 4820 10)
2026 4767 2139 4822 Gaje’
2160 4768 2270 4812 inst.
2302 4768 2405 4821 lLS
2432 4765 2542 4811 280.

416 4827 450 4870 Ι.
478 4826 512 4870 Ι.
536 4827 563 4880 S
583 4821 665 4871 60.
693 4830 795 4872 not.
824 4825 868 4872 1.
1912 4826 1990 4883 11)
2019 4828 2064 4883 a)
2087 4829 2138 4873 Ι..
2165 4841 2251 4874 un.
2277 4830 2329 4874 C.
2354 4828 2419 4874 de
2444 4827 2521 4874 rei
2554 4834 2710 4872 uxor.
2732 4829 2842 4873 act.
2868 4829 2925 4875 in
2949 4838 3019 4874 ea:
3045 4826 3222 4883 stipu-

476 4885 524 4945 6)
557 4889 611 4933 1..
633 4885 682 4934 ὅ.
709 4890 764 4935 D.
799 4888 867 4934 de
889 4898 1024 4934 rese.
1051 4889 1211 4935 vend.
1239 4888 1400 4946 (lell
1450 4885 1519 4944 5.)
1543 4912 1595 4920 -
1621 4889 1671 4933 L.
1696 4887 1780 4934 2¹.
1843 4890 1961 4936 latu
1986 4893 2247 4937 actionem
2282 4889 2577 4943 transfusa.
2607 4890 2904 4950 (v‚13.)-b)
2927 4892 2978 4936 1..
3011 4890 3057 4933 1.
3083 4896 3137 4935 et
3167 4889 3218 4936 2.

414 4948 466 4995 in
502 4951 538 4997 ι.
560 4951 613 4997 o.
637 4949 735 4997 sot.
761 4953 917 4997 matr.
946 4951 1132 5011 (xxm,
1157 4948 1227 4998 s.)
1244 4977 1301 4985 -
1323 4950 1373 4995 L.
1397 4919 1478 4997 ἐτι.
1510 4948 1607 5004 35.
1635 4952 1688 4996 o.
1712 4951 1782 4998 de
1848 4953 1901 4998 c.
1925 4961 2188 5000 commun.
2213 4952 2449 5014 deteqat.
2476 4952 2575 5011 (vi,
2594 4949 2693 5007 43.)
