3544 5506
1140 344 1281 387 car.
1324 346 1397 388 11.
1438 347 1518 388 nn
1553 347 1783 390 raram
1821 348 2169 393 romaum.
2694 340 2701 347 '
2949 340 3065 398 2509

251 454 423 523 talis,
452 455 563 528 qui
588 470 740 515 suus
755 456 943 516 heres
966 463 1063 517 est
1088 459 1367 518 naturali
1385 455 1556 532 patri
1570 462 1671 519 vel
1702 476 1856 532 avo,
1876 468 2014 520 tum
2038 478 2114 520 ea
2141 463 2489 536 adoptione
2513 463 2667 522 nihil
2696 461 2906 537 agitur
2921 468 3065 537 ,nisi

255 552 434 623 quod
452 546 536 621 is,
572 550 681 625 qui
698 552 1061 624 adoptatur,
1099 554 1192 623 ei,
1226 556 1338 628 qui
1356 555 1536 613 velut
1560 562 1656 615 est
1680 558 2017 630 adoptivus
2041 564 2263 631 pater,
2298 559 2600 618 intestato
2629 567 2893 621 mortuo
2916 578 3063 623 suc-

253 645 519 722 cedat5).
538 653 708 727 Quae
728 648 986 722 quidem
1013 666 1207 711 causa
1228 650 1348 710 suit
1370 650 1837 714 recentioribus
1858 652 1927 729 ⁶),
1951 662 2025 713 ut
2047 655 2215 715 inter
2230 657 2483 729 plenam
2499 663 2565 715 et
2584 657 2792 718 minus
2805 661 3061 732 plenam

252 745 664 818 adoptionem
699 741 1160 818 distinguerent
1187 747 1262 822 ⁷).
1281 752 1538 821 Atquea
1565 750 1776 809 minus
1795 752 1986 824 plena
2008 753 2127 810 ista
2143 751 2306 824 juris
2319 753 2693 812 Justinianei
2709 756 3063 828 adoptione

253 846 528 905 multum
569 847 764 906 etiam
808 843 1113 907 differunt
1152 864 1300 908 cum
1341 850 1722 924 adoptiones
1749 889 1767 918 ‚
1816 867 1986 925 quae
2024 868 2102 911 ex
2142 852 2548 925 imperatoris
2591 854 2989 927 indulgentia
3019 873 3059 915 a

253 944 532 1003 foemina
559 946 753 1017 liunt,
780 947 1128 1020 siquidem,
1160 948 1307 1007 licet
1339 964 1466 1008 non
1500 950 1785 1010 efficiant
1808 951 2083 1025 patriam
2121 959 2505 1025 potestatem
2523 999 2540 1025 ‚
2571 961 2791 1013 tamen
2815 955 2922 1029 ius
2947 972 3061 1016 ne-

253 1040 512 1099 cessarii
532 1037 787 1100 heredis
799 1043 1089 1101 tribuunt
1102 1044 1412 1117 adoptato
1431 1041 1499 1121 8);
1525 1051 1663 1105 tum
1680 1061 1836 1107 vero
1849 1062 1989 1124 eae,
2013 1063 2181 1121 quae
2202 1064 2330 1107 non
2352 1049 2493 1125 jure
2515 1049 2724 1108 tactae
2740 1057 2910 1108 sunt.
2930 1055 3060 1110 liae

252 1134 526 1210 etenim,
558 1156 677 1214 pro
704 1157 777 1201 re
798 1148 951 1200 nata
969 1187 986 1213 ‚
1029 1159 1204 1204 nune
1231 1160 1496 1218 prorsus
1520 1146 1755 1206 nullius
1784 1148 2097 1207 momenti
2126 1155 2308 1218 sunt,
2343 1164 2518 1207 nunc
2545 1150 2918 1223 imperantis
2944 1151 3055 1210 de-

251 1241 456 1305 creto,
484 1251 533 1293 s.
562 1232 890 1310 privilegio
911 1240 1381 1299 confirmantur
1399 1237 1445 1316 ⁹)
1466 1260 1484 1316 3
1510 1257 1642 1315 quo
1670 1239 1734 1300 in
1757 1259 1996 1315 genere
2012 1250 2110 1303 est
2132 1246 2392 1319 adoptio
2409 1290 2427 1318 ‚
2453 1260 2622 1319 quae
2640 1261 2789 1304 cum
2806 1242 3061 1306 heredis

207 1346 214 1353 ·
251 1336 736 1408 nuncupatione
766 1338 838 1396 nt
869 1344 1258 1400 testamento
1298 1337 1395 1414 ¹⁰).
1438 1337 1604 1400 Sunt
1640 1343 1832 1401 etiam
1865 1344 1974 1417 qui
2016 1343 2254 1403 alumni
2289 1346 2737 1420 appellentur3
2765 1341 2910 1419 qui,
2940 1342 3058 1405 etsi

254 1430 321 1488 in
350 1430 795 1505 adoptivorum
824 1449 1100 1493 numero
1126 1436 1385 1495 minime
1405 1434 1684 1496 habendi
1711 1445 1864 1498 sunt
1895 1436 1960 1515 ¹¹)
1985 1481 2002 1510 ,
2030 1438 2346 1501 nonnullo
2372 1448 2589 1500 tamen
2606 1440 2770 1515 juris
2798 1436 3059 1501 vinculo

253 1531 706 1591 devinciuntur
732 1532 850 1603 his,
877 1550 915 1592 a
945 1534 1176 1607 quibus
1203 1537 1467 1595 aluntur
1494 1543 1689 1611 atque
1722 1534 2086 1598 edu’cantur
2108 1535 2196 1612 ¹²).

1156 1767 1181 1840 §
1206 1765 1352 1827 555.
1386 1766 1446 1841 β)
1472 1764 1879 1845 Adroqationis
1897 1766 2160 1846 propria.

336 1981 400 2043 Si
427 1979 876 2055 paterfamilias
912 1983 1262 2056 adrogatur
1280 2026 1299 2053 ‚
1327 1998 1459 2044 una
1488 1998 1637 2043 cum
1664 1998 1745 2043 eo
1769 1991 1837 2043 et
1863 1981 2078 2056 liberi,
2122 1983 2233 2057 qui
2264 1984 2365 2041 vel
2410 1983 2530 2041 sub
2570 1982 2710 2057 ejus
2742 1987 3059 2056 potestate

253 2084 438 2148 sunt,
470 2079 573 2138 vel
607 2073 991 2151 postliminio
1020 2080 1335 2148 redeunt,
1365 2082 1466 2140 vel
1497 2086 1718 2154 postea
1755 2085 2147 2153 naseuntur,
2177 2084 2511 2151 tamquam
2564 2083 2832 2150 nepotes
2879 2083 3061 2151 pote·

252 2176 402 2234 stati
444 2177 871 2251 subjiciuntur
930 2178 1328 2251 adrogatoris
1375 2175 1458 2252 ι);
1500 2179 1695 2252 idque
1760 2178 2049 2252 inprimis
2094 2184 2193 2237 est
2225 2178 2562 2252 proprium
2598 2176 3057 2249 adrogationis.

253 2270 601 2337 Enimvero
626 2278 778 2337 olim
802 2277 1060 2351 quidem
1082 2278 1330 2350 omnia,
1356 2294 1787 2353 quaeeunque
1808 2279 1875 2337 in
1899 2278 2191 2350 adrogati
2218 2271 2607 2351 patrimonio
2630 2281 2821 2335 erant
2837 2318 2855 2351 ,
2884 2291 3059 2350 prae·

258 2376 360 2430 ter
381 2387 461 2431 ea
477 2419 495 2445 ‚
521 2388 688 2446 quae
708 2372 935 2447 capitis
957 2373 1396 2434 deminutione
1419 2375 1727 2434 exstincta
1749 2381 1900 2433 sunt
1915 2417 1935 2450 ,
1963 2376 2156 2449 pleno
2171 2373 2322 2447 jure
2341 2373 2849 2447 adquirebantur
2876 2372 3064 2430 adro-

259 2468 490 2539 gatori.
522 2465 618 2529 Ex
644 2483 775 2542 quo
810 2475 1025 2528 autem
1064 2476 1244 2529 vetus
1288 2471 1381 2529 rei
1428 2469 1756 2529 familiaris
1795 2466 2002 2538 ratio,
2050 2485 2182 2543 qua
2229 2468 2472 2528 scilieet
2509 2469 2593 2527 ad
2628 2460 3062 2546 filiosfamilias

258 2566 597 2637 spectabat
615 2607 634 2636 ‚
660 2566 1131 2638 propemodum
1154 2581 1378 2625 eversa
1398 2573 1527 2642 est,
1544 2581 1946 2640 consequens
1964 2565 2083 2625 fuit
2099 2608 2116 2637 ,
2148 2570 2221 2623 ut
2242 2560 2437 2624 etiam
2460 2578 2653 2638 penes
2678 2563 3061 2641 adrogatum

257 2670 623 2723 remaneret
646 2665 966 2724 bonorum
993 2667 1358 2739 proprietas
1371 2661 1442 2739 2).
1463 2668 1878 2739 Impuberum
1895 2672 2112 2725 autem
2133 2664 2493 2741 adrogatio,
2518 2663 3061 2737 quemadmodum

257 2762 506 2841 torma,
561 2765 654 2825 sic
685 2765 879 2825 etiam
910 2760 975 2824 vi
1018 2772 1215 2840 atque
1246 2761 1479 2826 effectu
1521 2764 1780 2841 insignis
1807 2775 1925 2828 est.
1974 2771 2132 2828 Nam
2176 2767 2237 2841 1)
2266 2764 2659 2839 emancipari
2684 2779 2818 2823 non
2848 2770 3061 2837 potest

254 2863 549 2937 impubes
568 2909 586 2936 ‚
617 2865 733 2926 nisi
776 2881 972 2924 causa
998 2868 1256 2939 cognita
1292 2862 1522 2939 dignus
1554 2868 2072 2941 emancipatione
2101 2866 2216 2935 sit,
2248 2872 2317 2926 et
2343 2866 2515 2924 bona
2549 2863 2609 2924 ei
2638 2859 3063 2923 restituantur

255 2962 505 3035 integra
529 2960 597 3037 ³).
624 2965 857 3042 Quodsi
873 2963 937 3039 2)
965 2966 1373 3025 exheredavit
1395 2983 1546 3026 eum
1572 2968 1926 3040 adrogator
1942 3010 1961 3041 ‚
1988 2972 2102 3024 aut
2126 2967 2262 3025 sine
2279 2966 2455 3039 ,iusta
2481 2979 2679 3031 causa
2700 2963 3062 3037 emancipa-

255 3062 344 3120 vit
363 3105 382 3138 ‚
404 3068 544 3120 tum
570 3064 892 3123 bonorum
924 3080 1195 3123 suorum
1231 3073 1529 3138 quartam
1557 3076 1807 3141 partem
1838 3063 2157 3142 relinquero
2191 3066 2250 3124 ei
2275 3079 2534 3123 necesse
2562 3063 2786 3134 habet,
2825 3062 3062 3120 scilicet

258 3164 520 3230 praeter
540 3146 618 3217 ea
635 3201 652 3228 ‚
673 3159 991 3235 quaejam
1012 3159 1275 3219 fuerunt
1298 3157 1648 3234 impuberis
1670 3203 1687 3232 ,
1716 3163 1959 3235 quippe
1979 3176 2149 3235 quae
2163 3161 2300 3220 sine
2321 3176 2506 3219 mora
2536 3158 2864 3217 reddenda
2883 3163 3055 3215 sunt.

257 3252 543 3331 Eamque
570 3264 818 3331 partem
835 3301 854 3333 ,
887 3274 1084 3331 quam
1105 3258 1365 3333 quidem
1392 3266 1669 3337 quartam
1693 3261 1769 3319 D.
1794 3258 1895 3318 Pii
1920 3262 2112 3335 vulgo
2135 3266 2402 3330 vocant,
2433 3260 2610 3318 velut
2635 3273 2744 3316 aes
2775 3257 3055 3315 alienum

321 3428 371 3489 5)
404 3432 456 3479 1..
497 3431 576 3480 10.
611 3435 666 3481 C.
705 3434 756 3481 Ιι.
783 3437 828 3482 t.
849 3460 911 3469 —
931 3435 1103 3483 Loehr
1119 3436 1306 3494 Μυκη.
1332 3437 1410 3482 111.
1435 3436 1517 3483 Nr.
1537 3437 1617 3483 xi.
1746 3435 1824 3492 12)
1859 3435 2017 3482 Velut.
2039 3434 2104 3491 a)
2128 3434 2183 3480 1..
2207 3432 2254 3480 1.
2276 3435 2302 3490 s
2323 3434 2372 3479 3.
2414 3433 2468 3478 D.
2510 3429 2578 3478 de
2610 3428 2789 3482 obsec.
2824 3427 3044 3481 parent-

259 3506 308 3551 p.
328 3492 538 3553 ssoseq.
561 3498 681 3543 cnm
703 3509 801 3554 quo
824 3508 925 3544 non
947 3508 1144 3556 prorsus
1162 3502 1383 3545 consent.
1406 3497 1627 3547 Schmt'tt
1678 3500 1883 3555 praest.
1906 3496 2154 3555 (xxxvu,
2174 3493 2271 3552 15.)
2290 3521 2350 3531 -
2373 3495 2424 3552 b)
2446 3494 2497 3541 t..
2521 3494 2570 3540 3.
2591 3492 2617 3546 S
2636 3490 2686 3538 4.
2731 3492 2787 3536 D.
2810 3488 2885 3561 de·
2908 3487 3047 3533 hom.

260 3558 294 3603 l.
316 3558 348 3602 1.
376 3569 425 3616 p.
447 3556 512 3604 96
532 3571 640 3617 sqq.
658 3564 707 3605 st
729 3560 780 3605 in
803 3561 924 3606 Diss.
949 3571 1065 3607 mox
1086 3562 1218 3607 laud.
1240 3583 1301 3594 --
1323 3560 1434 3607 Vid.
1474 3564 1526 3606 et
1561 3561 1619 3608 J.
1682 3560 1771 3608 lib.
1798 3558 1978 3607 eaeltib.
2003 3560 2187 3618 (xum,
2207 3556 2309 3612 29.)
2331 3582 2392 3591 —-
2413 3557 2465 3614 e)
2491 3557 2543 3602 1..
2570 3551 2647 3602 17.
2670 3555 2725 3600 C.
2746 3551 2813 3598 de
2831 3550 2931 3609 lm,
2953 3547 3049 3607 qui

256 3620 1429 3680 LE.PaltmanniMiscellaneor.1.ib.singular.
1455 3635 1500 3668 c.
1517 3624 1618 3679 lx..
1683 3635 1867 3671 accus.
1891 3635 2020 3669 non.
2041 3632 2183 3679 poss.
2222 3622 2323 3677 (lx,
2348 3620 2491 3675 1.)—
2513 3619 2570 3664 J.
2593 3618 2653 3662 B.
2676 3615 2747 3662 de
2763 3611 2937 3661 Staud
2956 3610 3055 3668 (1³¹⁸-

257 3684 308 3726 et
330 3682 393 3727 de
407 3683 519 3737 jure
534 3684 777 3731 educandi
796 3694 967 3730 eorum
994 3719 1009 3741 ‚
1040 3686 1126 3744 qui
1148 3687 1308 3731 minus
1349 3686 1494 3742 plene
1536 3684 1627 3731 ad·
1688 3688 1747 3732 F.
1772 3688 1829 3731 G.
1849 3686 2061 3742 Seruve)
2083 3685 2137 3728 D.
2155 3685 2217 3730 ds
2238 3684 2349 3738 jure
2363 3683 2694 3728 alumnorum.
2715 3677 2824 3723 Jen.
2845 3673 3053 3721 1716.-

258 3747 472 3803 optant,
498 3770 560 3779 —·
604 3745 905 3794 Bur-charde·
935 3748 1084 3794 Arch.
1142 3748 1180 3794 1.
1215 3748 1310 3794 civ.
1364 3748 1444 3795 Pr.
1499 3748 1625 3794 Vlll.
1689 3749 1765 3795 Cf.
1789 3748 1909 3793 etl..
1931 3746 2040 3794 132.
2063 3758 2139 3804 pr.
2165 3748 2219 3791 D.
2242 3745 2310 3792 de
2336 3746 2409 3792 V.
2436 3746 2495 3790 0.
2516 3742 2689 3815 (JKLY,
2712 3737 2805 3796 1..)
2838 3799 2847 3808 ·
2845 3766 3056 3784 .....

259 3817 308 3863 Ρ·
337 3802 431 3852 ¹33
449 3819 522 3866 ⁸¹1·
1694 3811 1825 3856 «Sed
1847 3810 1889 3855 si
1910 3809 1969 3863 is,
1989 3810 2073 3868 qui
2092 3809 2309 3865 legitime
2331 3808 2602 3864 adoptavit,
2621 3802 2741 3874 nibil
2757 3800 3056 3847 facitcontra

322 3864 374 3924 6)
408 3869 515 3916 Vid.
532 3873 695 3916 tamen
711 3865 797 3927 38.
814 3871 864 3918 in
880 3871 964 3917 Μ.
978 3869 1172 3931 quibus
1183 3871 1319 3918 mod.
1331 3875 1429 3929 jus
1436 3875 1627 3929 potest.
1693 3872 1843 3919 verba
1865 3871 2210 3929 stipulationis,
2231 3880 2342 3916 cum
2361 3870 2516 3914 utitur
2539 3871 2695 3924 patrio
2721 3873 2831 3919 Jure
2854 3877 2865 3905 z
2889 3860 2940 3906 in
2960 3870 3020 3930 eo
3042 3892 3058 3912 ,

259 3930 397 3976 mlv.
1071 3932 1086 3955 ³
1692 3936 1778 3993 qui
1797 3934 1919 3980 haec
1937 3946 2037 3980 non
2060 3934 2196 3988 fecit,
2217 3933 2339 3978 dicit
2360 3931 2447 3988 (αΙ.
2472 3930 2601 3984 licet)
2619 3933 2917 3994 supervacuo
2932 3936 2945 3968 ε
2963 3921 3058 3967 dici

321 3990 373 4048 7)
410 3994 466 4040 C.
489 3996 546 4040 G.
566 3993 780 4044 Schmin
799 3997 855 4043 D.
877 3995 939 4041 de
960 3996 1128 4055 adopt.
1149 3998 1309 4044 minus
1325 3998 1486 4056 plena.
1510 3999 1623 4044 Jen.
1688 4001 1856 4044 umen
1879 3998 2058 4054 poterit
2078 4028 2095 4053 ‚
2136 3995 2449 4041 commissam
2477 4003 2581 4037 esse
2620 3990 3004 4054 stipulationem.
3027 3998 3054 4024 n

260 4051 404 4100 ¹⁸²3·
1689 4057 1817 4115 (Al.
1860 4058 1923 4103 ita
1968 4060 2137 4116 legunt
2177 4068 2235 4103 ac
2271 4057 2577 4112 distinguunt
2603 4067 2614 4097 :
2638 4066 2663 4092 ιι
2686 4075 2747 4084 -
2767 4060 2879 4094 cum
2902 4051 3058 4092 utitur

322 4114 374 4174 8)
407 4118 518 4164 vid.
560 4118 587 4173 S
625 4116 738 4167 552.
781 4124 885 4168 not.
915 4116 965 4166 4.
1005 4123 1055 4165 et
1076 4119 1141 4167 ef.
1174 4121 1227 4167 1..
1250 4119 1330 4169 29.
1355 4122 1447 4177 95.
1473 4122 1529 4167 D.
1552 4121 1623 4168 de
1684 4119 1969 4179 patriojure
1991 4121 2040 4167 in
2064 4132 2140 4173 eo,
2164 4120 2248 4177 qui
2271 4118 2392 4164 baec
2415 4127 2511 4163 non
2530 4114 2666 4169 facit
2687 4147 2704 4175 ,
2748 4111 2866 4182 dicit
2890 4120 3057 4165 supet·-

253 4178 409 4235 inoff.
433 4180 553 4226 test.
578 4180 658 4236 (V,
678 4181 766 4245 5.);
783 4194 929 4241 quem
942 4183 994 4228 in
1007 4184 1101 4228 loc.
1126 4182 1229 4230 vid.
1245 4185 1433 4231 Basilio.
1455 4183 1618 4230 Sebol.
1684 4194 1856 4230 vacuo.
1870 4197 1895 4224 υ
1910 4182 2038 4239 )Vid.
2058 4184 2198 4242 Huq.
2219 4177 2426 4228 Donetli
2444 4181 2708 4225 comment.
2728 4176 2791 4222 ad
2803 4171 2977 4219 Tit.de
2999 4172 3058 4216 V.

257 4241 319 4287 Τ.
336 4242 427 4346 fll.
468 4254 519 4301 p.
562 4240 675 4291 2⁴8.
703 4251 810 4292 not.
832 4258 882 4293 x.
905 4258 955 4304 y.
982 4270 1038 4281 —-
1062 4245 1172 4291 vid.
1193 4250 1245 4292 et
1264 4257 1409 4305 supra
1440 4251 1550 4292 not.
1571 4244 1622 4292 5.
1688 4246 1745 4292 Ο.
1770 4258 1820 4305 p.
1843 4256 1913 4291 m.
1934 4242 2048 4292 585.
2074 4246 2123 4289 B.
2230 4286 2241 4291 „

259 4315 311 4349 m
361 4337 374 4349 .

320 4362 371 4421 9)
405 4367 456 4412 1..
479 4364 561 4414 58.
581 4365 662 4415 39.
688 4370 742 4415 D.
768 4369 820 4416 lt.
844 4373 882 4416 t.
2282 4368 2309 4431 s
2341 4364 2454 4414 555.

328 4428 408 4486 10)
442 4429 551 4475 vid.
572 4441 620 4476 v.
641 4442 686 4477 c.
712 4431 816 4479 Cic.
841 4434 975 4480 Brut.
997 4444 1042 4479 c.
1065 4428 1428 4479 tis—sueton.
1453 4433 1502 4479 in
1527 4433 1624 4479 vita

257 4490 358 4537 Jul.
383 4503 431 4537 c.
452 4489 535 4538 83.
558 4518 620 4526 —
646 4492 845 4549 cujacil
869 4495 975 4542 obs.
1008 4495 1113 4555 Vll,
1129 4491 1180 4540 7.
1202 4519 1264 4529 -
1290 4497 1397 4542 ΠΙ».
1421 4494 1628 4542 Hubert
1752 4493 1802 4552 1)
1833 4495 1886 4540 1..
1907 4494 1958 4540 2.
1976 4493 2065 4549 §2-
2093 4494 2144 4540 1..
2164 4489 2242 4539 15.
2263 4504 2340 4550 pr.
2363 4492 2416 4538 1..
2437 4488 2518 4538 40.
2544 4500 2620 4547 pr.
2640 4489 2697 4535 D.
2719 4486 2771 4533 Ιι.
2797 4491 2904 4533 t.—
2923 4489 2950 4543 s
2978 4483 3055 4532 11.

258 4553 556 4611 Digression.
578 4555 754 4602 Justin.
780 4558 833 4604 P.
856 4558 893 4603 l.
915 4558 1020 4603 Lib.
1045 4557 1104 4601 ll.
1122 4569 1169 4605 e.
1189 4556 1309 4614 235
1329 4556 1622 4606 2.—Scltul-
1688 4557 1724 4604 l.
1748 4557 1934 4604 eod.-
1948 4557 2025 4603 Cf.
2046 4559 2073 4613 s
2093 4555 2144 4603 9.
2169 4557 2203 4601 l.
2228 4554 2369 4613 quib.
2396 4553 2532 4600 mod.
2554 4555 2666 4609 pol.
2685 4550 2886 4596 solv.-
2903 4546 3052 4622 ¹2²⁷·

261 4614 412 4676 tinqil
429 4628 593 4664 enarr.
616 4619 747 4663 Part.
773 4621 812 4665 l.
838 4620 943 4677 Dig.
965 4620 1028 4666 ad
1046 4619 1148 4665 Tit.
1170 4620 1232 4666 de
1253 4622 1416 4678 adopt.
1439 4623 1465 4677 S
1489 4622 1535 4667 4.
1560 4644 1622 4655 -
1686 4622 1740 4666 D.
1765 4619 1821 4665 Ιι.
1846 4621 1883 4664 t.
1912 4620 2011 4666 “Ex
2031 4619 2259 4677 adoptivo
2281 4623 2426 4662 natus
2441 4615 2656 4673 adoptivi
2676 4616 2838 4660 locum
2857 4614 3052 4661 obtinet

259 4678 335 4723 Cf.
361 4685 412 4724 et
429 4681 518 4725 Jo.
540 4680 635 4725 (ἔτι.
658 4677 957 4732 Ηοῇηαπηὶ
978 4682 1240 4737 singularia
1259 4683 1423 4740 capita
1438 4695 1498 4729 ex
1519 4682 1621 4728 his·
1685 4682 1865 4736 injure
1886 4682 2034 4727 civili.
2054 4697 2078 4721 n
2107 4706 2162 4713 -
2188 4681 2264 4726 (ΣΙ.
2286 4680 2312 4735 S
2336 4676 2450 4726 581.
2472 4683 2574 4723 not.
2596 4675 2678 4723 19.
2701 4689 2768 4748 a.-

259 4745 356 4786 tor.
399 4741 737 4788 triumviratus
763 4744 789 4797 S
817 4744 865 4790 2.
890 4745 968 4798 (in
999 4742 1348 4805 Fellenberqii
1377 4744 1621 4802 jurispru-
1749 4745 1798 4802 2)
1829 4743 1919 4798 32.
1948 4745 1981 4789 1.
2003 4743 2073 4790 de
2090 4741 2344 4801 adquirit.
2384 4752 2488 4797 per
2519 4739 2857 4800 adroqatcon.
2884 4763 2940 4772 —
2962 4738 3044 4783 Cf.

259 4802 427 4848 dentia
448 4804 650 4862 antiqua
672 4806 729 4851 T.
753 4808 810 4852 ll.
839 4819 887 4864 p.
911 4804 1004 4853 274
1027 4808 1155 4865 sqq.)
1170 4807 1463 4858 -Dirltsen
1483 4810 1619 4856 vers.
1685 4808 1817 4854 infra
1837 4808 1864 4861 s
1884 4803 1996 4852 565.
2020 4818 2099 4854 nr.
2123 4807 2172 4852 1.
2191 4808 2217 4862 s
2236 4802 2350 4852 564.
2382 4806 2409 4860 S
2447 4801 2560 4850 572.
2593 4808 2695 4851 not.
2732 4799 2780 4850 8.
2819 4827 2875 4836 —-
2896 4801 2969 4848 Cf.
3008 4804 3055 4844 et

260 4877 306 4911 1.
332 4866 457 4912 Krit.
482 4878 534 4911 u.
558 4867 750 4927 Ausleg.
777 4872 873 4915 etc.
895 4880 943 4926 p.
966 4866 1028 4914 75
1052 4881 1158 4927 sqq.
1686 4873 1712 4926 S
1736 4866 1846 4916 184.
1871 4870 1921 4915 in
1946 4869 1988 4916 f.

323 4928 403 4986 11)
436 4929 490 4976 1..
515 4924 597 4975 26.
616 4929 671 4977 C.
691 4931 759 4978 de
783 4934 936 4988 nupt.
960 4931 1036 4990 (v,
1060 4930 1128 4987 4.)
1749 4932 1797 4989 3)
1831 4933 1857 4987 ς
1878 4932 1925 4977 3.
1950 4932 1987 4979 l.
2014 4930 2066 4979 le.
2089 4932 2245 4979 t.——1..
2265 4929 2347 4978 22.
2372 4940 2448 4989 pr.
2475 4931 2529 4974 D.
2552 4929 2670 4977 eod.
