3544 5506
449 343 524 401 86

450 462 821 538 vilegiorum
843 468 1169 527 notionem
1193 461 1418 526 referri
1440 464 1709 522 soleant.
1741 467 1816 522 Et
1830 465 2104 537 primum
2130 465 2390 538 quidem
2411 464 2738 538 privilegia
2753 465 3044 539 dividunt
3066 467 3130 525 in
3152 468 3251 525 af·-

456 563 768 620 firmativa
786 569 851 620 et
874 558 1165 633 negativa
1197 561 1261 636 ¹),
1292 561 1517 619 deinde
1539 560 1604 616 in
1619 556 1988 618 favorabilia
2012 561 2198 633 (quae
2216 603 2231 627 ‚
2252 561 2303 618 si
2319 562 2602 632 generali
2620 560 2824 618 forma
2842 557 3246 638 emittuntur,

450 658 758 716 beneficia
781 658 932 729 legis
950 702 965 725 ‚
996 660 1090 717 sin
1117 654 1374 728 singulis
1394 657 1771 714 tribuuntur
1794 702 1810 726 ,
1836 673 1993 730 prae
2023 659 2253 717 ceteris
2297 654 2626 732 privilegia
2657 660 3078 731 appellantur)
3098 656 3162 729 ²),
3184 667 3253 718 et

451 751 669 808 odiosa
697 748 759 816 δ).
785 747 994 810 Tertia
1019 758 1116 810 est
1153 746 1628 824 privilegiorum
1657 751 1875 809 divisio
1926 747 1991 808 in
2021 767 2333 824 personae
2355 794 2373 826 ,
2407 751 2501 811 rei
2531 758 2597 810 et
2622 767 2853 809 causae
2887 750 3247 825 privilegia;

450 846 623 918 quod
651 846 911 918 quidem
938 847 1253 919 posterius
1287 847 1679 903 vocabulum
1714 846 1781 902 in
1820 846 1991 904 hunc
2048 862 2309 919 quoque
2360 848 2571 905 locum
2616 846 2802 904 liceat
2846 847 3149 906 adhibere
3181 844 3244 913 ι).

451 944 524 998 Et
540 956 853 1013 personae
873 942 1197 1014 privilegia
1227 957 1305 999 ea
1331 956 1633 999 vocamus
1650 982 1667 1013 ‚
1695 955 1862 1013 quae
1887 941 2174 1013 personis
2199 985 2216 1011 ‚
2235 941 2368 999 sive
2399 940 2560 998 veris
2588 941 2719 998 sive
2740 941 2900 999 fictis
2927 986 2942 1013 ‚
2968 937 3251 999 tribuun-

449 1045 559 1095 tur
574 1036 652 1114 ⁵),
706 1039 835 1107 rei,
868 1055 1037 1113 quae
1079 1056 1224 1098 cum
1271 1040 1461 1098 rebus
1490 1083 1506 1110 ‚
1553 1045 1822 1109 causae,
1864 1056 2032 1113 quae
2075 1056 2223 1098 cum
2273 1041 2759 1113 obligationibus
2803 1046 2871 1097 et
2895 1040 3251 1100 actionibus

449 1139 798 1213 conjuncta
828 1147 1022 1214 sunt3
1067 1142 1295 1213 quibus
1346 1155 1684 1213 perperam
1727 1143 2019 1199 nonnulli
2043 1148 2373 1213 tamquam
2405 1138 2746 1201 mixtorum
2770 1137 3247 1215 privilegiorum

451 1234 733 1307 speciem
797 1251 874 1294 ea
940 1237 1187 1293 addunt
1236 1231 1558 1309 privilegia
1581 1281 1598 1307 ‚
1659 1251 1826 1308 quae
1886 1238 1968 1293 ad
2033 1231 2435 1309 privilegiarii
2485 1237 2754 1295 heredes
2801 1243 3138 1296 transeunt
3183 1234 3252 1303 ⁶).

450 1339 557 1394 Est
577 1343 792 1394 autem
841 1337 1340 1409 privilegiorum,
1375 1352 1541 1409 quae
1566 1333 1858 1409 personis
1879 1333 2285 1405 tribuuntur,
2329 1332 2481 1395 item
2520 1332 2751 1409 triplex
2779 1335 2980 1394 forma
3025 1332 3255 1396 distin-

450 1433 704 1503 guenda
724 1429 792 1498 ⁷).
810 1435 930 1489 Aut
950 1432 1120 1489 enim
1136 1433 1215 1489 ad
1249 1427 1820 1504 privilegiariorum
1836 1432 2258 1506 possessiones
2274 1437 2563 1504 spectant
2585 1472 2602 1499 ‚
2622 1432 2826 1489 autad
2838 1432 3256 1503 obligationes

450 1543 676 1586 eorum
707 1523 1116 1601 actionesque
1135 1571 1151 1598 ‚
1188 1535 1303 1585 aut
1326 1528 1603 1601 alioquin
1628 1528 1775 1600 ipsis
1796 1535 2026 1586 contra
2051 1528 2216 1602 juris
2266 1527 2620 1586 communis
2643 1529 2934 1598 regulam
2957 1568 2973 1597 ,
3001 1523 3129 1585 sive
3165 1528 3257 1586 l'a-

449 1627 658 1686 ciendi
706 1629 1023 1699 quaedam
1087 1633 1369 1701 potestas
1387 1670 1405 1702 ‚
1456 1625 1586 1685 sive
1637 1628 1972 1685 omittendi
2024 1634 2171 1700 (quo
2199 1629 2266 1683 in
2311 1641 2547 1697 genere
2575 1625 3006 1684 immunitates
3050 1624 3254 1696 sunt),

451 1722 844 1795 impertitur.
873 1728 902 1782 J
910 1739 1014 1781 am
1033 1739 1186 1783 vero
1211 1738 1380 1796 quae
1413 1722 1675 1795 propria
1698 1723 1823 1780 sint
1847 1718 2318 1796 privilegiorum
2334 1721 2396 1777 in
2425 1721 2819 1791 singulorum
2854 1723 3077 1778 causas
3098 1735 3256 1779 con-

446 1817 815 1875 stitutorum
843 1820 1199 1878 videamus.
1232 1819 1481 1877 Etenim
1500 1819 1600 1875 vel
1627 1817 1857 1875 suturis
1886 1819 2091 1876 causis
2120 1822 2509 1888 statuuntur,
2538 1821 2611 1873 ut
2642 1811 3144 1889 dispensationes
3167 1813 3209 1881 ⁸)
3232 1859 3254 1891 ‚

452 1923 525 1974 ut
585 1919 1023 1977 concessiones
1040 1916 1081 1993 ⁹)
1101 1961 1117 1988 ‚
1180 1920 1279 1978 vel
1330 1912 1691 1991 praeteritis
1714 1961 1733 1993 ‚
1783 1934 1913 1990 quo
1957 1918 2023 1974 in
2066 1932 2301 1989 genere
2345 1922 2494 1974 sunt
2542 1916 2800 1974 abolitio
2867 1912 2935 1980 ¹⁰)
2954 1958 2970 1985 ‚
3028 1917 3256 1987 adgra-

454 2011 664 2080 tiati0‚
691 2029 884 2085 quam
927 2021 1190 2083 vocant,
1234 2021 1372 2072 tum
1425 2012 1617 2070 etiam
1665 2028 2006 2070 causarum
2058 2011 2426 2085 poenalium
2455 2018 2567 2068 aut
2594 2013 2811 2070 mitior
2849 2018 2960 2069 aut
2980 2011 3259 2070 severior

452 2103 794 2183 tractatio,
818 2104 1099 2182 denique
1128 2106 1193 2167 in
1210 2106 1524 2186 integrum
1551 2108 1892 2179 restitutio,
1916 2125 2112 2182 quam
2134 2104 2266 2181 ipse
2290 2109 2588 2181 princeps
2627 2103 2985 2179 indulgeat.

1333 356 1486 401 PARS
1525 355 1665 398 0131«.
1708 357 1825 400 un.
1867 359 1938 399 11.
1981 358 2056 399 DE
2093 358 2362 401 sumnus.

775 2301 883 2374 §81
897 2343 911 2359 .
940 2304 994 2371 2)
1017 2303 1496 2376 Prim'leqiorum
1524 2309 1585 2358 et
1607 2302 2136 2375 acquirendorum
2167 2307 2231 2359 et
2257 2301 2685 2373 finiendorum
2711 2304 2893 2360 ratio.

536 2481 691 2535 Cum
719 2491 912 2534 nemo
935 2476 1341 2548 exceptiones
1372 2492 1411 2532 a
1427 2476 1574 2549 jure
1598 2478 1923 2535 communi
1951 2484 2127 2536 recte
2152 2482 2426 2548 statuat,
2458 2474 2576 2536 nisi
2601 2479 2710 2551 qui
2740 2480 2952 2549 legum
2979 2477 3261 2535 conden-

453 2572 685 2634 darum
731 2582 1046 2649 potestate
1074 2565 1400 2649 praeditus
1425 2571 1528 2651 sit,
1553 2578 1705 2652 jura
1730 2574 2074 2651 singularia
2103 2594 2362 2652 quoque
2401 2586 2466 2639 et
2494 2574 2817 2653 privilegia
2853 2586 2967 2636 aut
3008 2595 3046 2635 a
3074 2578 3259 2649 legis-

453 2672 661 2729 latore
689 2671 1170 2744 proficiscantur
1196 2686 1456 2729 necesse
1471 2678 1567 2730 est
1588 2714 1605 2741 ‚
1631 2680 1744 2730 aut
1777 2676 1858 2731 ab
1897 2690 2013 2751 e0‚
2059 2675 2162 2733 cui
2187 2676 2309 2733 hoc
2336 2676 2442 2750 jus
2466 2671 2570 2734 ille
2620 2675 3008 2733 concesserit
3041 2672 3104 2745 ¹).
3133 2676 3257 2730 Au-

452 2770 669 2829 diendi
715 2777 930 2829 tamen
966 2777 1033 2828 et
1072 2765 1138 2826 hi
1174 2777 1356 2842 sunt,
1405 2774 1516 2844 qui
1555 2788 1623 2831 se
1666 2777 1838 2833 ultra
1879 2771 2209 2834 hominum
2243 2772 2621 2835 memoriam
2664 2790 2816 2835 usos
2856 2790 2993 2834 esse
3038 2769 3258 2831 dicant

454 2867 780 2942 privilegio
807 2867 876 2945 ²).
901 2872 1144 2929 Habent
1170 2878 1384 2929 autem
1409 2887 1509 2946 ea,
1529 2889 1695 2945 quae
1728 2891 1886 2947 prae
1908 2876 2135 2934 ceteris
2166 2878 2571 2949 appellantur
2595 2871 2920 2950 privilegia
2940 2918 2956 2945 ‚
2982 2876 3264 2933 maxime

455 2981 604 3024 eum
626 2968 763 3041 ejus
793 2963 915 3035 rei,
955 2968 1035 3025 de
1057 2967 1238 3040 cujus
1262 2968 1671 3028 concessione
1693 2973 2059 3042 quaeritur,
2092 2967 2363 3030 liberum
2411 2968 2491 3030 sit
2522 2968 2896 3045 imperantis
2918 2964 3256 3028 arbitrium

458 3071 657 3139 atque
684 3072 987 3139 potestas,
1010 3066 1358 3139 plurimum
1389 3083 1464 3125 ex
1487 3065 1988 3129 conventionum
2014 3077 2250 3131 natura
2276 3067 2624 3129 admixtum
2645 3113 2661 3140 ,
2694 3086 2904 3144 neque
2936 3070 2999 3127 id
3029 3084 3112 3128 eo
3135 3067 3256 3127 mi-

455 3176 611 3234 nus,
646 3162 821 3235 quod
843 3158 1119 3233 gratuito
1141 3160 1305 3220 forte
1344 3170 1456 3220 aut
1478 3171 1705 3237 sponte
1740 3167 1903 3224 adeo
1937 3182 1973 3223 a
1996 3162 2286 3241 principe
2308 3182 2610 3226 concessa
2654 3161 2816 3242 sint3
2852 3181 2932 3224 ex
2957 3180 3085 3240 quo
3116 3165 3258 3239 qui-

455 3342 514 3387 G.
541 3343 592 3387 C.
617 3342 859 3390 Gebauet·
883 3343 1144 3401 singularia
1167 3343 1227 3389 de
1252 3344 1511 3400 privilegiis
1537 3343 1605 3400 (iu
1627 3345 1812 3391 exerci—
1875 3358 2069 3406 genere,
2090 3347 2785 3406 naereticorum‚.ludaeorum
2799 3346 3101 3402 aliorumque
3112 3345 3253 3402 (cod.

455 3405 628 3449 tation.
651 3407 791 3451 acad.
832 3404 911 3451 ed.
936 3418 964 3450 a
1004 3406 1059 3452 J.
1101 3408 1156 3452 J.
1191 3406 1601 3468 Weissmancel,
1625 3408 1731 3453 Vol.
1751 3409 1809 3452 ll.
1875 3410 1914 3468 1,
1938 3408 1986 3455 5.
2013 3417 2062 3455 et
2083 3409 2173 3468 9.).

454 3465 554 3510 Erf.
582 3464 719 3513 1776.
743 3468 824 3514 Nr.
845 3467 965 3524 x1.).
991 3492 1046 3499 —-
1067 3469 1124 3513 J.
1149 3471 1202 3514 G.
1237 3470 1295 3513 F.
1324 3470 1615 3516 Wasmuth
1643 3471 1727 3515 Tr.
1751 3471 1813 3514 de
1938 3471 1986 3529 ὓ)
2008 3472 2079 3518 Cf.
2101 3469 2381 3528 Hoept'ner
2398 3471 2432 3516 1.
2469 3483 2513 3517 c.
2532 3474 2558 3528 S
2580 3468 2659 3519 49.
2685 3473 2735 3519 in
2755 3472 2842 3518 fin.
2859 3471 3051 3516 —Sunt
3085 3473 3260 3515 caete-

453 3527 811 3585 privilegiorum
834 3535 1008 3576 natura
1027 3532 1295 3588 generatim
1311 3535 1362 3575 et
1383 3533 1431 3577 in
1448 3533 1607 3589 specie
1626 3534 1686 3578 de
1706 3543 1812 3577 mo·
1874 3537 2048 3592 roquin
2089 3537 2355 3593 privilegia,
2394 3545 2690 3592 quamquam
2730 3535 2886 3581 rarius
2923 3533 3064 3579 hodie
3100 3534 3259 3578 etiam

452 3588 547 3648 dis,
572 3591 747 3647 quibus
770 3594 1025 3649 finiuntur,
1053 3594 1125 3638 vel
1149 3593 1462 3640 amittuntur.
1486 3595 1647 3641 Goett.
1674 3591 1814 3641 1787.
1882 3595 2212 3655 inveniantur,
2234 3610 2293 3643 ex
2317 3601 2521 3654 utroque
2545 3607 2749 3654 genere,
2773 3602 2823 3642 et
2845 3607 3078 3652 personae
3100 3600 3152 3639 et
3185 3595 3260 3640 rei

452 3648 503 3697 4.
525 3675 587 3683 -
611 3655 667 3698 G.
688 3653 963 3706 Hufeland
992 3657 1276 3701 veranderte
1303 3657 1494 3713 allgem.
1518 3656 1714 3704 Ansicht
1732 3658 1821 3703 der
1884 3660 2276 3716 cohaerentium,
2318 3659 2499 3716 mixta,
2532 3660 2664 3705 velut
2692 3659 2959 3706 nobilitatis
2989 3657 3259 3714 gentilitiae

456 3712 606 3760 Lehre
629 3727 720 3760 von
740 3718 833 3762 den
855 3717 1139 3775 Privilegien
1168 3717 1378 3775 (civilist.
1404 3719 1526 3765 Alih.
1562 3721 1600 3766 l.
1634 3722 1713 3766 Μ.
1739 3721 1818 3765 lll.
1879 3721 2012 3778 ,iura‚
2034 3735 2161 3781 quae
2188 3734 2301 3767 cum
2336 3721 2520 3779 praedii
2548 3724 2785 3778 equestris
2816 3722 3111 3778 possessione
3135 3731 3261 3765 con·-

452 3788 501 3834 1)-
522 3774 616 3821 5’09
640 3802 693 3809 -
716 3776 867 3836 295.)-
1882 3783 2080 3844 juncta,
2111 3786 2320 3831 necdum
2346 3795 2459 3829 cum
2486 3784 2665 3829 civium
2693 3784 2866 3830 ordine
2899 3783 3258 3828 communicata

521 3835 567 3895 1)
591 3840 754 3886 θὶιὶοΙι·
775 3842 895 3888 hiul.
919 3842 968 3887 in
990 3842 1075 3887 das
1094 3842 1232 3887 Stud.
1247 3843 1448 3889 mitum.
1475 3841 1820 3890 Privatrechts.
1884 3853 2014 3892 sunt.

451 3902 479 3956 S
499 3899 579 3946 24·
602 3903 749 3948 unit.
1946 3907 1996 3966 7)
2017 3907 2268 3955 Auctoris
2289 3907 2440 3954 Lehre
2461 3918 2507 3953 v.
2532 3906 2583 3954 d.
2607 3908 2804 3957 Cession
2826 3914 2923 3956 etc.
2956 3921 3004 3966 p.
3028 3904 3122 3954 282
3145 3916 3258 3964 sqq.

516 3962 564 4020 Ξ)
586 3963 863 4020 Hoepfner·
878 3966 1335 4013 Comment.ub.die
1361 3967 1520 4014 Instit.
1536 3964 1651 4023 3⁴8.
1677 3967 1725 4012 in
1749 3979 1817 4014 m.

516 4023 566 4081 ὃ)
589 4027 646 4071 L.
667 4029 737 4072 Z.
760 4030 839 4075 W
836 4028 1044 4074 oelcker
1059 4029 1119 4073 de
1136 4030 1397 4086 privilegiis
1417 4031 1593 4077 odiosis
1615 4035 1664 4076 et
1691 4031 1828 4076 favo-

456 4086 687 4133 rabilibus
710 4090 857 4145 (Altd.
883 4087 1024 4136 1718.
1071 4088 1139 4148 4.)
1163 4104 1207 4136 c.
1232 4092 1311 4137 111.
1337 4094 1414 4137 lV.
1451 4116 1509 4124 -
1534 4094 1591 4137 G.
1619 4093 1826 4139 B.Bec-

455 4159 621 4194 mann
653 4150 800 4210 (resp.
845 4156 901 4198 G.
949 4154 1001 4199 C.
1044 4155 1117 4197 Μ.
1161 4153 1229 4199 de
1264 4152 1468 4210 Boden)
1501 4153 1561 4199 de
1580 4156 1825 4211 aequitate

1883 3970 2087 4089 (ed5)2.⁸l).⁵
2105 4035 2172 4078 11.
2198 4032 2454 4079 Boelzmer
2470 4032 2532 4077 de
2553 4031 2747 4080 sublimi
2771 4033 3045 4091 principum
3074 4042 3130 4076 ac
3159 4033 3261 4073 sta-

1889 4099 2026 4141 tuum
2046 4097 2436 4152 evangelicorum
2479 4095 2793 4153 dispensandi
2827 4095 2940 4151 jure
2961 4097 3010 4140 in
3032 4091 3189 4140 causis
3208 4096 3263 4135 et

1889 4158 2094 4214 negotiis
2129 4163 2234 4203 tam
2278 4159 2424 4203 sacris
2472 4169 2621 4215 quam
2659 4158 2879 4217 profanis
2917 4155 3142 4217 (Exci-cit.
3188 4154 3258 4198 ad

456 4210 689 4269 privilegii
713 4217 866 4260 odiosi
889 4219 939 4260 et
962 4219 1203 4271 potestate
1225 4215 1510 4274 imperantis
1530 4217 1657 4263 circa
1680 4218 1819 4265 illud.

456 4274 618 4319 Goett.
644 4273 783 4321 1750.
805 4274 853 4322 4.
879 4301 933 4307 -
957 4275 1239 4329 Hufeland
1260 4281 1292 4323 l.
1319 4292 1362 4325 c.
1387 4291 1437 4335 p.
1460 4277 1571 4324 925.

517 4333 565 4391 4)
582 4335 826 4391 [Quamvis
850 4339 1177 4387 Modestinus
1200 4339 1368 4387 1..196.
1389 4343 1442 4386 D.
1463 4341 1534 4386 de
1554 4353 1661 4398 req.
1675 4341 1824 4395 juris

453 4397 856 4454 significationem
879 4405 1032 4447 multo
1054 4405 1372 4462 arctioremjei
1387 4404 1822 4461 attribuerit.E.G.]

457 4459 627 4507 —Vid.
647 4463 974 4519 etenim‚quae
997 4464 1120 4511 inira
1142 4468 1319 4522 scripta
1342 4471 1454 4510 suut
1474 4466 1748 4523 382.n0t.7.
1772 4474 1823 4512 et

452 4521 521 4567 cf,
555 4524 802 4571 Auctoris
825 4523 973 4570 Lehre
996 4537 1042 4571 v.
1080 4531 1128 4573 d.
1152 4529 1348 4574 Cession
1386 4529 1474 4573 der
1495 4531 1824 4585 Forderungs-

454 4583 666 4705 {eghtgf
683 4586 760 4633 25.
788 4600 837 4644 p.
872 4585 958 4633 281
999 4611 1058 4620 -
1092 4587 1202 4636 286.
1226 4597 1275 4636 et
1317 4590 1383 4636 ibi
1403 4596 1507 4637 not.
1530 4590 1611 4638 70.
1633 4589 1713 4638 74.
1737 4589 1820 4638 75.

473 4660 499 4692 e
541 4679 555 4691 .
616 4681 626 4692 .
655 4682 665 4693 .

516 4708 568 4770 5)
590 4711 755 4767 Qualia
779 4714 892 4755 sunt
912 4712 1158 4770 privilegia
1180 4714 1300 4768 fisci,
1324 4713 1662 4773 decurionum.
1687 4721 1818 4762 vete—

454 4784 706 4830 ranorum,
727 4781 1097 4830 corporatorum
1128 4777 1256 4822 urbis
1278 4778 1470 4824 Romae
1497 4777 1736 4837 (Codcxl,
1761 4776 1822 4825 14

456 4847 567 4895 sqq.
610 4837 675 4883 cf.
705 4837 755 4882 l..
793 4834 824 4878 5
868 4848 974 4894 sqq.
1020 4838 1076 4884 D.
1120 4837 1187 4883 de
1231 4841 1359 4894 jure
1388 4838 1643 4885 inminuit.
1682 4843 1715 4886 1.
1749 4838 1819 4896 6.)

458 4899 735 4947 scholarum
772 4898 907 4954 (cod.
950 4900 1050 4958 ΧΠ,
1073 4897 1180 4956 50.)
1222 4906 1345 4960 etc.,
1369 4909 1419 4947 et
1459 4915 1517 4947 ex
1540 4905 1818 4948 odiosorum

1886 4218 2039 4264 Pand.
2064 4221 2122 4266 T.
2148 4221 2183 4265 1.
2208 4231 2367 4265 exerc.
2390 4219 2551 4275 Xlli.).

1950 4280 1999 4337 9)
2023 4284 2164 4328 Velut
2179 4283 2388 4328 civitatis
2413 4314 2427 4339 ,
2447 4279 2761 4338 ingenuitatis
2780 4282 2897 4339 (Tit.
2923 4283 3025 4339 Dig.
3060 4278 3129 4326 de
3156 4288 3258 4322 na-

1888 4344 2033 4390 [alib.
2055 4343 2403 4391 restituendis
2426 4344 2646 4405 xt.‚1l.)‚
2665 4351 2715 4390 et
2734 4357 2858 4403 quae
2877 4344 3097 4390 suntalIa
3113 4354 3174 4389 ex
3196 4353 3262 4388 eo

1888 4419 2251 4526 gessgiebujac.
2287 4469 2348 4514 ad
2391 4469 2529 4516 Julii
2569 4466 2729 4517 Pauli
2771 4481 2870 4515 rec.
2912 4473 3039 4514 sent.
3085 4468 3145 4524 V,
3171 4464 3255 4513 17.

1886 4529 1966 4586 (de
1988 4531 2296 4577 abolitionib.
2326 4531 2518 4588 init.)——
2540 4534 2598 4579 J.
2624 4535 2681 4577 G.
2711 4533 2872 4592 Seqet·
2899 4533 2961 4579 de
2988 4530 3260 4577 abolitione

1885 4594 2039 4639 veteri
2061 4599 2111 4638 et
2129 4593 2382 4639 hodierna.
2414 4594 2542 4651 Lips.
2570 4591 2710 4642 1778.
2733 4592 2783 4641 4.

1948 4714 1995 4774 1)
2031 4716 2292 4763 Boelzmer
2329 4717 2362 4762 l.
2382 4718 2416 4763 l.
2441 4729 2486 4763 c.
2503 4653 2685 4775 ξμὸιὲὢ
2706 4716 3119 4765 5.-Wasmutla
3141 4729 3188 4764 c.
3215 4720 3259 4764 1.

1885 4781 1911 4835 ς
1941 4777 2299 4899 {shake-ker
2334 4842 2542 4901 princip.
2571 4842 2671 4897 jur.
2715 4843 2852 4888 Rom.
2878 4844 3041 4889 Germ.
3070 4842 3105 4885 1.
3126 4844 3153 4896 S
3171 4839 3263 4890 96.

1884 4916 1966 4949 nr.
1994 4906 2074 4950 ΙΙΙ.
2096 4913 2199 4950 not.
2224 4917 2269 4951 e.
2293 4929 2351 4937 —
2372 4903 2657 4963 Huleland
2676 4906 2712 4951 l.
2737 4907 2770 4951 l.
2795 4917 2843 4962 p.
2865 4903 2961 4951 205
2983 4929 3041 4937 -
3059 4901 3175 4950 264.
