3544 5506
876 347 1006 391 cu’.
1030 348 1128 391 111.
1167 348 1250 393 n!
1284 348 1457 393 smus
1494 348 1566 393 ΒΤ
1603 348 2160 395 mmrmulon
2196 352 2268 395 m·
2306 353 2440 396 USU.
3008 345 3082 405 65

263 462 766 521 taetractantur.
787 467 928 522 Jam
950 458 1142 534 igitur
1165 457 1372 536 primo
1394 458 1645 523 dicetur
1665 463 1748 523 de
1769 460 2060 525 subsidiis
2078 462 2412 542 utriusque
2435 466 2588 529 artis
2610 469 3081 540 communibus,

262 554 579 629 quatenus
621 556 884 636 quidem
919 559 1002 619 ad
1024 558 1131 635 ‚ius
1167 557 1529 619 Romanum
1564 565 1892 635 spectant,
1930 556 2082 624 dein
2121 563 2203 622 de
2242 559 2500 637 singulis
2539 562 2803 629 seorsim
2843 564 3084 630 videbi-

260 668 419 716 miss.

481 835 509 908 S
549 838 647 892 1515.
688 835 757 893 A.
787 836 1020 914 Quibus
1041 851 1123 892 esc
1141 835 1329 895 rebus
1348 838 1598 895 omnino
1636 835 2073 907 interpretibus
2084 838 2350 908 petenda
2374 840 2502 898 sint
2512 843 2855 914 praesidia.

337 1012 601 1068 Summa
627 1023 782 1068 vero
810 1005 1269 1081 subsidiorum,
1317 1006 1546 1084 quibus
1591 1006 1656 1069 in
1699 1017 1978 1084 utraque
2012 1018 2151 1071 arte
2186 1026 2411 1072 carere
2443 1027 2572 1073 non
2620 1022 2830 1089 potest
2878 1015 3081 1079 inter·

253 1119 408 1177 pres
430 1152 446 1176 ,
482 1111 789 1164 accurata
827 1101 1114 1164 cernitur
1142 1101 1360 1179 scripti
1387 1101 1749 1179 cognitione
1776 1153 1792 1179 ‚
1824 1108 1904 1164 de
1930 1107 2111 1181 cujus
2139 1103 2669 1182 interpretatione
2708 1111 3068 1186 quaeritur.

252 1208 419 1265 Sunt
442 1211 690 1276 antem,
723 1212 980 1278 praeter
1001 1221 1077 1264 ea
1094 1248 1111 1281 ,
1146 1222 1312 1279 quae
1331 1221 1409 1264 ex
1427 1202 1600 1264 omni
1621 1200 2072 1280 antiquitatum
2093 1203 2521 1283 historiaeque
2534 1207 2696 1283 juris
2719 1210 3080 1286 cognitione

254 1301 678 1373 hauriantur,
708 1305 869 1364 haec
908 1306 1081 1387 sere,
1115 1310 1195 1365 ad
1234 1323 1402 1382 qnae
1432 1303 1714 1366 animum
1750 1307 2041 1365 attendat
2082 1305 2475 1381 potissimum
2519 1307 2883 1386 interpres:
2916 1318 2961 1387 1)
3007 1323 3082 1375 ut

253 1406 340 1463 de
365 1406 680 1480 cujusque
718 1402 842 1465 loci
873 1414 939 1465 et
974 1414 1240 1467 auctore
1287 1414 1351 1466 et
1391 1414 1599 1466 aetate
1644 1404 1682 1477 ¹)
1714 1403 1832 1480 ipsi
1894 1413 2178 1478 constet,
2225 1409 2303 1482 ΙΙ)
2350 1415 2423 1466 ut
2464 1417 2752 1471 veterum
2781 1409 3078 1476 ictorum

251 1504 505 1564 scholas
528 1501 1120 1579 controversiasque
1143 1508 1307 1565 bene
1326 1502 1496 1565 norit
1517 1502 1560 1577 ²)
1576 1550 1592 1577 ‚
1648 1512 1787 1564 tum
1812 1510 1927 1577 111)
1955 1501 2264 1564 sermonis
2287 1505 2741 1581 proprietatem
2763 1507 3076 1575 librorum

246 1596 415 1674 juris
449 1596 602 1659 satis
643 1607 861 1661 teneat
898 1597 962 1674 ⁸),
1003 1616 1126 1660 nec
1169 1617 1300 1660 non
1354 1604 1450 1674 IV)
1491 1601 1911 1661 formularum
1974 1617 2160 1659 usum
2204 1597 2268 1659 in
2297 1601 2446 1676 jure
2494 1611 2717 1664 nostro
2746 1603 3077 1669 obviarum

253 1698 461 1769 probe
486 1697 721 1754 habeat
746 1692 1071 1768 cognitum
1097 1692 1158 1767 ⁴).
1203 1698 1273 1762 V)
1299 1699 1601 1755 Naturam
1651 1698 1884 1756 calleat
1905 1702 2100 1770 atque
2126 1692 2407 1756 indolem
2428 1694 2821 1778 singulorum
2845 1717 3076 1776 corpo-

259 1791 350 1854 ris
365 1791 534 1870 juris
561 1792 939 1854 Justinianei
968 1797 1259 1855 locorum
1288 1812 1364 1856 ac
1393 1799 1571 1855 velut
1596 1797 2036 1855 membrorum
2059 1842 2073 1868 ‚
2099 1811 2310 1870 neque
2333 1793 2586 1869 ignarus
2608 1795 2688 1857 sit
2713 1801 2850 1875 ejus
2878 1798 3072 1863 ratio·

256 1887 357 1950 nis
378 1933 395 1958 ‚
443 1908 575 1965 qua
615 1887 988 1964 investiget,
1023 1887 1356 1950 enuntiata
1390 1888 1605 1965 qualia
1643 1886 1767 1950 sint
1795 1898 1860 1949 et
1885 1888 2141 1950 cuinam
2182 1894 2483 1966 quodque
2518 1890 2597 1952 sit
2620 1891 3030 1956 tribuendum
3051 1942 3070 1971 ,

255 1993 434 2049 velut
451 2034 468 2057 ,
497 1987 707 2050 sintne
730 1993 942 2063 legum
962 2035 981 2067 ,
1007 1998 1120 2049 aut
1152 1994 1446 2051 SCtorum
1469 2034 1485 2062 ‚
1512 1998 1622 2049 aut
1644 1986 1858 2061 edicti,
1884 1998 1997 2049 aut
2017 1986 2402 2064 scriptorum
2437 1999 2808 2052 notatorum
2828 1997 3024 2056 verba
3046 2040 3068 2072 ,

256 2103 340 2146 an
367 2093 951 2146 commentatorum
989 2085 1071 2159 Ἣ
1110 2094 1281 2164 tum,
1330 2083 1393 2145 in
1434 2083 1837 2145 diversorum
1880 2092 2216 2145 auctorum
2258 2084 2586 2146 sententiis
2626 2089 3068 2168 recensendis,

259 2204 579 2261 quaenam
606 2195 718 2247 aut
745 2189 1248 2263 comprobentur
1267 2232 1283 2260 ,
1327 2194 1440 2246 aut
1472 2183 1847 2262 rejiciantur
1869 2203 1907 2245 a
1932 2190 2078 2246 JCto
2100 2230 2116 2257 ‚
2147 2182 2256 2259 qui
2286 2202 2394 2245 eas
2426 2188 2711 2260 proferat
2746 2185 2793 2261 ὃ)
2817 2188 2847 2243 ‘t
2888 2190 3073 2248 item-

260 2305 385 2363 que
412 2284 571 2347 illud
597 2335 615 2361 ,
662 2296 882 2347 utrum
914 2284 1279 2361 pertineant
1312 2289 1507 2346 verba
1546 2288 1628 2346 ad
1670 2302 1904 2346 causae
1957 2282 2235 2361 factique
2276 2284 2827 2364 constitutionem,
2873 2304 2956 2346 an
2987 2289 3070 2348 ad

249 2384 415 2463 juris
442 2384 761 2447 rationem
787 2384 914 2447 sint
944 2388 1278 2449 reserenda
1299 2388 1329 2443 ⁴?
1355 2395 1421 2446 et
1447 2402 1614 2462 quae
1648 2403 1724 2447 ex
1756 2402 1836 2445 eo
1862 2401 2096 2459 genere
2118 2393 2268 2445 sunt
2287 2383 2532 2446 similia.
2570 2390 2906 2447 Praeterea
2959 2387 3072 2467 Vl)

255 2482 566 2545 scientem
592 2493 851 2560 oportet
880 2502 1015 2546 esse
1049 2482 1465 2561 interpretem
1493 2503 1639 2546 cum
1669 2501 1896 2546 eorum
1921 2530 1937 2561 ‚
1970 2501 2136 2560 quae
2161 2488 2242 2545 de
2258 2482 2502 2562 jurium
2543 2483 2922 2547 collectione
2963 2482 3063 2546 in·

255 2578 580 2641 stituenda
612 2584 823 2656 «leque
846 2579 1089 2645 consilii
1117 2579 1212 2644 sui
1234 2579 1484 2643 ratione
1505 2577 1833 2656 praecepit
1854 2577 2243 2640 Justinianus
2261 2625 2278 2657 ‚
2300 2585 2438 2639 tum
2459 2624 2476 2657 ‚
2502 2582 2833 2654 quomodo
2856 2578 3069 2643 officio

255 2674 385 2738 sibi
428 2682 807 2741 demandato
846 2679 1050 2741 functi
1092 2678 1216 2742 sint
1267 2678 1726 2756 compositores
1774 2680 1839 2751 ⁷).
1876 2683 2137 2740 Multum
2165 2677 2358 2740 etiam
2400 2679 2725 2757 adjuvabit
2752 2677 3069 2756 interpre-

254 2785 395 2838 tem
430 2782 551 2848 ΥΠ)
595 2778 995 2855 singulorum
1036 2779 1203 2842 inter
1239 2799 1309 2842 se
1353 2777 1752 2856 comparatio
1799 2782 2126 2853 locorum,
2180 2797 2373 2854 quem
2417 2777 2911 2840 Parallelismum
2952 2796 3067 2842 vo-

250 2886 410 2939 cant
455 2876 496 2954 ⁸)
519 2923 536 2950 ‚
583 2889 722 2941 tum
765 2898 921 2944 vero
954 2879 1224 2942 maxime
1286 2883 1440 2946 VIII)
1493 2877 1979 2956 inscriptionum
2029 2880 2128 2945 (et
2169 2876 2727 2955 subscriptionum)
2783 2878 3059 2955 utilitas,

252 2993 427 3052 quae
456 2986 711 3040 constat
737 2976 1134 3054 potissimum
1156 2998 1233 3041 ex
1251 2977 1455 3041 tribus
1480 2977 1577 3041 his
1603 3001 1617 3038 =
1650 2982 1929 3040 Primum
1950 3022 1966 3050 ‚
1999 2987 2075 3038 ut
2110 2983 2421 3056 cujusque
2447 2975 2573 3039 loci
2615 2986 2681 3039 et
2730 2987 3060 3042 auctorem

252 3085 324 3136 et
345 3085 628 3139 aetatem
653 3085 720 3139 et
745 3077 1104 3151 materiam,
1139 3077 1245 3141 cui
1272 3076 1353 3141 sit
1377 3076 1827 3154 adsignandus,
1861 3080 2264 3156 exploremus
2284 3076 2364 3158 Ἣ
2396 3075 2625 3139 deinde
2644 3121 2661 3150 ‚
2689 3086 2763 3139 ut
2802 3094 3054 3152 eorum,

882 3274 1009 3335 εδδ.

1698 3271 1792 3329 (Cf.
1815 3277 1842 3331 ς
1865 3271 1916 3320 7.
1940 3278 2048 3321 not.
2074 3274 2323 3330 11.)-Cf.
2361 3276 2517 3336 ano
2538 3271 2632 3321 civ.
2673 3274 2858 3334 nagan.
2881 3274 2961 3322 IV.
2984 3284 3061 3320 nr.

317 3337 367 3396 1)
399 3340 467 3385 11.
490 3340 652 3389 Halm
671 3344 799 3388 orat.
825 3341 888 3388 de
906 3352 999 3387 usu
1019 3339 1363 3398 chronologiae
1394 3349 1451 3384 ac
1480 3337 1633 3394 histo-
1697 3337 1779 3382 xl.
1814 3361 1869 3369 —-
1891 3337 1948 3382 V.
1976 3337 2113 3383 nr.V.
2138 3338 2216 3382 lx.
2236 3338 2362 3382 X.et·
2390 3337 2440 3382 in
2470 3342 2803 3394 argumentor.
2825 3336 2982 3383 indice
2999 3347 3050 3392 p.

251 3400 381 3456 riae·¹
402 3402 453 3447 in
469 3400 584 3463 jure
608 3404 973 3451 Rom.11elmst.
1011 3400 1150 3450 17⁴0.
1177 3408 1228 3449 et
1269 3403 1321 3448 in
1357 3403 1436 3448 W
1437 3397 1634 3459 ielinqii
1692 3397 3058 3458 xvn—xxvn„wc-hillino&marchuuart‚Gesch.

253 3464 533 3521 Jnrizprud.
559 3466 717 3511 restit.
741 3467 797 3512 P.
823 3466 881 3511 ll.
907 3476 955 3522 p.
994 3464 1081 3510 121
1109 3477 1215 3523 sqq.
1240 3489 1295 3497 —
1324 3463 1441 3510 Chr.
1478 3463 1622 3509 Frid.

254 3529 345 3572 Ge.
380 3528 604 3574 Meister
632 3539 707 3573 or.
742 3529 802 3574 de
826 3528 954 3574 stud.
989 3527 1089 3583 jur.
1133 3528 1272 3574 Rom.
1296 3524 1622 3582 chronologici

256 3589 539 3646 diligentins
550 3591 807 3638 excolendi
828 3589 1117 3635 necessitate
1130 3591 1429 3647 (opusculor.
1442 3589 1529 3645 syll
1539 3620 1551 3633 .
1563 3610 1621 3620 --

254 3651 419 3697 Goett.
445 3650 590 3700 1706.
610 3676 667 3686 -
691 3653 773 3698 Nr.
797 3653 875 3698 11.
898 3650 1015 3708 12).
1031 3675 1087 3685 —-
1104 3651 1619 3699 J.L.E.P12ttmann

246 3711 315 3758 de
332 3716 524 3762 ratione
545 3713 748 3770 aetatis,
770 3726 867 3774 qua
889 3713 1094 3771 quisque
1117 3715 1345 3760 JCtorum
1370 3716 1590 3758 veterum
1605 3745 1621 3771 ,

244 3785 460 3833 quornm
484 3779 767 3834 fragmenta
806 3774 1063 3822 pandectis
1103 3777 1438 3831 continentur,
1470 3774 1620 3830 vixit,

242 3836 301 3883 in
319 3838 380 3884 iis
398 3839 782 3898 interpretandis
792 3837 1017 3884 habenda
1036 3847 1051 3895 ς
1066 3837 1116 3883 in
1128 3841 1250 3894 ejus
1266 3838 1621 3883 Miscellaneor.

240 3899 362 3945 libr.
399 3903 582 3962 singul.
605 3901 751 3958 (Lips.
772 3897 935 3957 1795.)
955 3911 1000 3946 c.
1022 3896 1105 3946 23.
1132 3924 1189 3933 —-
1211 3903 1278 3947 H.
1301 3902 1365 3946 E.
1396 3897 1620 3945 nit-lesen

244 3961 331 4008 nb.
347 3965 430 4010 die
444 3965 640 4023 Spnren
663 3964 836 4009 histor.
859 3962 983 4007 Krlt.
999 3973 1049 4006 u.
1071 3962 1317 4020 antiquar.
1341 3960 1620 4019 Forschung

244 4023 295 4068 in
317 4025 370 4071 d.
391 4026 643 4073 Schriften
667 4026 755 4071 der
772 4031 896 4071 rom.
918 4025 1020 4070 Jur.
1041 4025 1121 4080 (in
1133 4027 1184 4072 d.
1200 4027 1337 4071 vers.
1359 4037 1404 4070 z.
1424 4023 1544 4069 Krit.
1563 4037 1614 4069 u.

244 4087 443 4144 Ansleg.
462 4091 517 4137 d.
541 4087 749 4145 Quellen
769 4088 854 4134 des
877 4087 1017 4134 Rom.
1054 4087 1249 4134 Rechts.
1285 4087 1449 4145 Leipz.
1471 4082 1615 4132 1823.

242 4159 324 4194 nr.
360 4152 461 4206 11.).

309 4212 357 4266 Ξ)
391 4214 503 4258 Vld.
527 4225 664 4271 supr.
687 4211 780 4270 87.
805 4217 911 4258 not.
936 4213 995 4258 12
1013 4237 1070 4246 -
1095 4211 1175 4260 19.

307 4271 360 4328 3)
382 4275 549 4323 Bor-n.
586 4275 847 4323 Brit-sonti
873 4276 934 4321 de
966 4276 1258 4330 verborum,
1297 4283 1423 4331 quae
1444 4272 1506 4318 ad
1542 4271 1621 4327 jus

242 4334 339 4381 tiv-
366 4339 613 4392 pertinent
632 4372 647 4391 ,
672 4335 1041 4395 significatione.
1059 4340 1190 4385 stud.
1210 4339 1265 4384 J.
1303 4338 1359 4380 G.
1398 4333 1623 4381 Helnec-

239 4397 385 4444 ciiet
415 4403 468 4446 J.
494 4402 562 4446 Η.
591 4400 853 4447 Bomneri.
876 4400 985 4446 Hal.
1007 4397 1147 4447 1743.
1172 4399 1414 4446 ful.-Jo.
1444 4398 1623 4444 Wun-

236 4459 486 4510 derne-tui
501 4463 953 4509 additamentorum
988 4462 1052 4507 ad
1092 4462 1316 4508 Brlssonii
1350 4470 1471 4515 opus
1488 4462 1624 4507 volu-

235 4533 377 4569 men.
394 4522 718 4572 Bamh.1778.
743 4525 964 4572 fote-A.
982 4526 1039 4569 G.
1064 4525 1281 4571 Cramer
1293 4522 1616 4579 supplementi

234 4585 303 4630 ad
326 4587 470 4635 Bai-n.
520 4587 748 4633 Brissonii
781 4597 902 4645 opus
930 4586 990 4630 de
1019 4587 1166 4632 Vei-b.
1194 4611 1249 4620 -
1287 4582 1451 4640 signif.
1478 4586 1616 4641 Spec.

236 4648 276 4694 Ι.
303 4648 401 4695 Kil.
426 4645 564 4696 18¹3.
590 4647 639 4696 ⁴.
667 4674 721 4683 -
743 4649 835 4704 (Cf.
855 4646 1093 4697 Dio-luen
1118 4650 1186 4695 im
1210 4648 1380 4695 Rhein.
1404 4646 1619 4694 Museum

1694 3457 2344 3519 p.404-408.)-1>1r1‹sen
2360 3461 2604 3508 Vei-suche
2626 3475 2672 3510 z.
2697 3463 2815 3509 Krit.
2838 3474 2886 3506 u.
2915 3460 3051 3510 Ausl.

1688 3521 1740 3568 d.
1758 3524 1848 3579 Qu.
1864 3522 1915 3568 d.
1930 3523 2043 3569 Mt.
2067 3524 2466 3582 ntur—Edunt.
2489 3524 2633 3571 Beitr.
2649 3537 2696 3571 z.
2711 3524 2878 3570 Kunde
2896 3522 2980 3568 des
2998 3523 3055 3570 R.

1688 3584 1758 3690 &1
1756 3585 1919 3694 zeipz.
1944 3582 2087 3632 1895.
2133 3586 2257 3632 Abh.
2280 3589 2317 3634 l.
2359 3587 2417 3633 ll.
2441 3591 2490 3632 et
2511 3587 2786 3634 νην-νῆά.
2831 3590 2882 3632 et
2911 3595 3060 3644 supra

1685 3649 1711 3708 ς
1802 3681 1814 3693 .
1848 3652 1953 3708 not.
1975 3649 2053 3694 15.

1746 3707 1795 3766 ⁴)
1827 3709 1993 3756 Bar-n.
2018 3707 2321 3757 Brissom'us
2353 3711 2414 3755 de
2454 3708 2673 3757 formulis
2702 3716 2752 3759 et
2779 3709 3057 3759 solennibus

1683 3771 1853 3828 populi
1896 3772 2097 3819 Romani
2128 3771 2288 3818 verbis
2313 3772 2424 3819 libri
2455 3773 2577 3822 vlu.
2597 3774 2674 3819 cd.
2710 3785 2831 3820 nora
2854 3785 2913 3819 ex
2953 3782 3051 3819 rec.

1681 3835 1772 3879 Fr.
1799 3836 1849 3881 C.
1881 3834 2112 3882 conradi
2133 3840 2182 3880 et
2202 3846 2247 3881 c.
2283 3839 2386 3880 not.
2410 3835 2499 3880 Jo.
2526 3835 2664 3896 Auq.
2705 3834 2902 3883 Bacla‘t.
2925 3835 3054 3892 Lips-

1684 3892 1824 3942 1754.
1849 3897 1934 3942 fol.
1956 3921 2011 3929 —
2054 3896 2278 3944 Dii-luen
2302 3895 2444 3942 Beitr.
2466 3908 2512 3942 ι.
2553 3897 2719 3944 Gesch.
2746 3899 2795 3944 d.
2840 3897 3055 3944 Formel-

1682 3966 1868 4005 wesens
1889 3959 1968 4005 bei
1991 3958 2088 4005 den
2103 3960 2308 4004 Romern
2329 3958 2396 4014 (in
2413 3958 2463 4004 d.
2486 3959 2623 4005 vers.
2643 3972 2690 4006 z.
2717 3959 2839 4005 Krit.
2865 3971 2915 4005 u.
2936 3963 3054 4006 Aus-

1681 4020 1775 4076 leg.
1792 4021 1841 4065 d.
1869 4022 2073 4076 Quellen
2094 4023 2178 4068 des
2201 4022 2256 4064 R.
2281 4021 2336 4066 R.
2362 4030 2440 4065 nr.
2466 4021 2549 4074 1.).

1740 4079 1791 4140 5)
1808 4084 2026 4139 Rapolla
2048 4085 2081 4130 l.
2108 4084 2141 4131 l.
2163 4086 2189 4138 9
2208 4078 2475 4129 Διὶ-ων.
2505 4083 2694 4141 Trauq.
2718 4085 2973 4147 Kressa-iq
2985 4086 3047 4134 do

1679 4150 1932 4190 auctorum
1956 4149 2004 4190 et
2020 4148 2460 4191 commentatorum
2482 4144 2640 4188 verbis
2668 4145 2715 4190 in
2743 4145 3046 4203 Digestorum

1680 4206 2085 4315 ίιέῑεὲριῖῑειῑίοηο
2124 4203 2483 4262 distinguendis
2523 4205 2900 4258 observationes.
2923 4212 3050 4270 Lips.

1747 4328 1796 4386 6)
1810 4330 2029 4385 Rapolla
2047 4331 2080 4376 1.
2100 4332 2134 4376 1.
2155 4333 2180 4387 s
2200 4325 2263 4375 ⁴5
2290 4352 2346 4362 —-
2382 4324 2895 4381 47.—48.-49.-cr.
2919 4335 3050 4382 infra

1684 4390 1710 4446 S
1735 4389 1817 4438 66.
1865 4403 1944 4436 nr.
1972 4394 2073 4439 3.et
2093 4392 2160 4439 ibi
2184 4391 2349 4439 laudd.
2373 4390 2595 4448 scriptor.

1750 4452 1799 4512 7)
1832 4453 1907 4501 Cf.
1931 4464 2063 4510 supr.
2114 4457 2140 4510 3
2177 4453 2255 4500 11.
2301 4464 2389 4499 nec
2427 4465 2525 4500 non
2574 4453 2872 4509 Hut'elandl
2918 4459 3048 4510 Blu-

1681 4518 1867 4575 quue
1887 4517 2066 4573 scripta
2086 4517 2138 4561 in
2162 4519 2275 4562 nota
2300 4516 2384 4561 fin.
2408 4518 2434 4576 s
2453 4516 2532 4563 10.
2554 4518 2660 4564 citt.

1744 4582 1790 4638 8)
1811 4578 2068 4626 Ecklsard
2085 4580 2118 4624 Ι.
2140 4581 2172 4624 1.
2195 4581 2221 4635 S
2243 4575 2321 4624 15.

1744 4642 1794 4700 9)
1830 4641 2047 4690 Iudicia
2085 4639 2319 4687 virorum
2341 4638 2818 4690 eruditissimorum
2850 4646 2919 4692 de
2937 4660 3044 4695 usu

234 4711 299 4757 11.
313 4722 367 4768 p.
382 4709 445 4757 ⁴2
458 4713 711 4771 sqq.)-J.
724 4710 1033 4767 Gothori-edi
1053 4712 1352 4757 Glossarium
1374 4709 1621 4756 nomicum
1685 4704 1871 4754 iudicis
1885 4705 2057 4765 lequm
2075 4701 2445 4765 chronologici,
2460 4705 2721 4760 praemissa
2741 4706 2871 4754 Abr.
2891 4711 3044 4757 Wie-

235 4771 438 4820 Codicis
460 4773 786 4822 'theodosiani
805 4773 873 4828 (in
894 4776 1029 4822 calce
1049 4774 1168 4819 edit.
1188 4774 1307 4820 Cod.
1340 4771 1524 4817 Theod.
1546 4773 1610 4818 ah
1672 4769 1799 4830 linyi
1805 4766 2215 4827 jurisprudentiae
2233 4767 2954 4819 restitutae.—Henr.11alenii
2971 4784 3043 4827 or.

234 4833 345 4891 ipso
384 4835 601 4895 adom.).
626 4861 685 4870 -
712 4835 851 4884 Ptin.
898 4838 1061 4886 Vicat
1078 4835 1454 4882 Vocabularlum
1485 4833 1612 4887 juris
1674 4835 1736 4881 de
1758 4844 1852 4878 usu
1870 4829 2211 4887 chronologiae
2235 4840 2292 4875 ac
2321 4828 2566 4876 historiar.
2617 4830 2663 4875 in
2701 4830 2815 4885 jure
2857 4836 3044 4891 privato

235 4897 516 4961 utriusque.
565 4898 665 4957 (ed.
702 4898 873 4954 2.)'r.1
913 4925 967 4935 —
990 4901 1069 4950 IV.
1112 4898 1262 4959 Neap.
1299 4893 1440 4946 ¹760.
1483 4893 1533 4945 8.
1555 4921 1610 4932 -
1678 4894 1767 4953 (in
1784 4894 1987 4953 jurispr.
2010 4895 2129 4939 rest.
2151 4894 2286 4951 parte
2307 4896 2432 4956 post.
2458 4902 2507 4950 p.
2529 4891 2614 4936 121
2662 4893 2821 4950 ειη).

2674 4990 2712 5050 9
