3544 5506
466 325 542 383 46
1244 337 1397 383 rm
1434 336 1577 381 om.
1602 336 1737 381 ¹nni.
1778 337 1825 378 1.
1866 335 1943 378 ms
1979 334 2150 378 smus
2184 335 2492 379 rom-mus.
2593 362 2606 377 .

386 494 390 501 -
458 466 718 512 morum
743 456 1089 527 praecepta
1104 450 1213 526 ius
1240 464 1377 510 esse
1398 448 1650 523 penitus
1679 446 2218 506 conformandum
2244 447 2716 506 arbitrarentur
2738 443 2853 524 ¹⁷),
2880 447 2981 505 vel
3000 447 3304 509 utilitatis

459 554 948 626 securitatisque
970 551 1263 625 publicae
1286 550 1604 609 rationem
1636 543 2058 620 negligerent‚‘
2101 547 2337 620 quippe
2381 562 2549 620 quae
2599 547 2835 620 injure
2876 548 3047 606 civili
3090 565 3295 620 quam

466 649 733 707 maxime
758 655 853 707 est
877 649 1190 707 servanda
1241 640 1326 714 ¹⁸).
1362 643 1561 722 Quid?
1584 644 1760 715 quod
1797 644 1860 701 in
1892 643 2247 715 praecipuis
2270 643 2436 717 juris
2478 644 2725 702 romani
2771 642 3113 702 virtutibus
3151 660 3301 704 me-

466 750 591 807 rito
623 749 941 807 habentur
979 748 1174 806 haec:
1220 742 1528 814 Primum,
1557 758 1806 801 summa
1827 742 1988 816 juris
2014 759 2053 799 a
2103 742 2451 817 majoribus
2498 743 2822 802 constituti
2848 743 3290 820 observantia,

460 853 684 921 utpote
707 864 746 906 a
779 864 908 921 qua
938 861 1289 920 numquam
1325 843 1483 921 juris
1522 842 1722 902 nostri
1754 849 2056 901 auctores
2093 849 2351 915 praeter
2374 843 2811 902 necessitatem
2861 853 3298 921 recesserunt,

461 962 672 1020 neque
700 949 907 1019 aliter,
941 949 1058 1007 nisi
1084 949 1248 1006 illius
1269 946 1485 1018 aliquo
1515 944 1741 1003 relicto
1770 941 2041 1015 vestigio
2060 949 2124 1001 et
2145 944 2325 1016 quasi
2352 945 2680 1003 memoria.
2711 944 2955 1003 Deinde
2982 953 3295 1005 constan-

466 1045 553 1103 tia
578 1046 681 1104 illa
702 1063 777 1106 ac
795 1043 1101 1106 stabilitas
1124 1046 1471 1119 quaedam,
1524 1059 1653 1116 qua
1675 1042 1774 1100 usi
1797 1048 1946 1100 sunt
1971 1043 2033 1099 in
2059 1058 2139 1101 eo
2154 1042 2334 1116 ,iure‚
2370 1045 2542 1116 quod
2557 1044 2867 1117 positione
2893 1045 3142 1115 nititur,
3184 1062 3295 1106 ac·

464 1146 869 1204 commodate
897 1147 979 1203 ad
1004 1145 1141 1218 ejus
1182 1151 1479 1201 naturam
1514 1143 1611 1199 vel
1640 1142 1993 1200 excolendo
2033 1143 2135 1199 vel
2165 1145 2246 1200 ad
2301 1143 2576 1213 singulas
2618 1143 3026 1216 quaestiones
3083 1147 3290 1219 appli-

467 1240 674 1297 cando
732 1235 827 1315 ¹⁹).
866 1241 1168 1312 Denique,
1222 1244 1398 1298 certa
1423 1238 1587 1295 ratio
1630 1242 1696 1294 et
1744 1236 1847 1293 via
1896 1236 1961 1293 in
2004 1238 2459 1296 constituendis
2503 1239 2825 1297 actionum
2863 1240 3292 1312 atquelitium

470 1335 691 1396 formis
739 1337 1114 1413 conspicua,
1147 1354 1313 1411 quae
1359 1338 1689 1408 nimirum,
1743 1343 2052 1410 quantam
2105 1340 2313 1411 pariat
2344 1339 2594 1413 juribus
2649 1339 2795 1412 ipsis
2848 1341 3290 1416 securitatem,

466 1452 656 1496 nemo
681 1445 797 1513 est,
832 1439 984 1511 quin
1008 1438 1184 1497 sciat.

481 1595 622 1668 552.
656 1600 715 1667 B)
742 1598 919 1656 Juri's
955 1600 1232 1663 objectivae·
1265 1600 1465 1657 altera
1490 1599 1712 1657 divisio
1731 1640 1751 1670 ,
1789 1615 1822 1656 e
1841 1601 2093 1662 jurium
2116 1600 2687 1658 constituendorum
2705 1601 2918 1674 forma
2936 1606 2998 1659 et
3014 1606 3261 1662 ratibus

731 1694 737 1701 ·
1838 1690 2057 1758 petita.

549 1852 777 1906 Forma
800 1862 876 1905 ac
907 1849 1156 1906 ratione
1185 1847 1513 1920 quomodo
1537 1845 1641 1918 ,ius
1665 1849 2098 1907 constituatur
2132 1853 2421 1920 spectata
2451 1891 2467 1916 ,
2502 1847 2719 1907 itidem
2737 1848 2817 1906 .in
2857 1850 2986 1908 duo
3052 1866 3292 1922 genera

462 1942 571 2015 jus
599 1942 918 2001 dividitur.
964 1946 1085 2000 Aut
1124 1941 1293 1999 enim
1327 1957 1403 1999 ex
1429 1941 1668 2013 scripto
1695 1944 2012 2015 nascitur,
2055 1948 2169 2000 aut
2197 1956 2272 2000 ex
2298 1957 2423 2000 non
2449 1944 2689 2017 scripto
2714 1941 2781 2017 ¹).
2812 1944 3129 2019 Scriptum
3182 1948 3292 2021 jus

468 2045 599 2106 est,
629 2039 804 2111 quod
827 2054 902 2097 ex
933 2052 1113 2096 mera
1143 2038 1666 2097 constituentium
1692 2040 2025 2096 voluntate
2054 2037 2479 2110 proficiscitur
2522 2034 2596 2111 ²).
2631 2039 2796 2098 Juris
2862 2047 3081 2098 autem
3155 2058 3287 2101 non

466 2138 686 2211 scripti
710 2152 945 2196 nomen
975 2139 1271 2198 latissime
1302 2143 1511 2211 patet,
1554 2138 1791 2210 quippe
1809 2141 1890 2197 ad
1915 2154 2136 2198 omnes
2149 2139 2303 2212 justi
2346 2139 2597 2210 regulas
2625 2140 3034 2199 referendum
3054 2185 3073 2214 ‚
3094 2159 3292 2215 quae,

475 2238 625 2295 licet
648 2254 859 2311 neque
886 2242 1318 2312 praescriptae
1340 2237 1465 2295 sint
1486 2252 1696 2308 neque
1724 2245 1976 2307 cautae,
2005 2245 2222 2296 tamen
2247 2252 2363 2296 nos
2380 2244 2663 2297 teneant.
2693 2242 2830 2316 Quo
2866 2255 3103 2311 genere
3141 2258 3293 2300 cum

472 2336 597 2395 alia
627 2340 861 2410 multa,
901 2347 1041 2398 tum
1069 2355 1226 2398 vero
1258 2340 1526 2396 maxime
1554 2352 1629 2394 ea
1668 2338 1831 2410 juris
1865 2344 2213 2413 praecepta
2231 2338 2646 2396 continentur
2667 2383 2683 2411 ‚
2732 2355 2897 2413 quae
2941 2349 3294 2401 consuetu-

472 2437 620 2496 dine
648 2442 748 2497 vel
779 2446 925 2499 orta
952 2443 1054 2499 vel
1077 2446 1249 2498 certe
1279 2436 1661 2496 confirmata
1690 2447 1859 2496 sunt.

1463 2600 1489 2673 §
1512 2600 1607 2656 53.
1628 2600 1805 2656 Jum‘s
1824 2598 2044 2670 scripti
2057 2613 2297 2672 qenera
2323 2614 2600 2656 summa.

553 2760 710 2817 Sunt
734 2766 945 2818 autem
970 2759 1132 2833 juris
1164 2761 1379 2834 scripti
1404 2763 1532 2820 duo
1561 2775 1810 2819 summa
1835 2774 2108 2831 genera:
2136 2775 2333 2817 unum
2361 2758 2559 2834 (quod
2584 2759 2842 2832 quidem
2877 2760 3143 2834 proprie
3199 2763 3290 2822 ita

469 2852 722 2927 dicitur)
746 2852 901 2930 iuris
928 2864 1272 2930 praecepta
1300 2859 1731 2930 complectens
1755 2897 1770 2928 ‚
1802 2869 1968 2927 quae
1999 2854 2254 2926 publica
2277 2855 2649 2926 legislatoris
2675 2859 3012 2915 sanctione
3043 2861 3296 2917 consti-

470 2959 613 3011 tuta
638 2961 787 3011 sunt
817 2972 834 3029 3
869 2956 1143 3013 alterum
1158 2958 1240 3014 ad
1264 2973 1368 3014 eas
1386 2956 1625 3030 jurium
1652 2969 1910 3013 normas
1929 2956 2257 3026 pertinens
2275 3001 2291 3027 ‚
2308 2969 2479 3027 quae
2498 2955 2900 3026 privatorum
2933 2957 3301 3035 voluntate,

473 3050 716 3120 legibus
768 3050 1026 3122 quidem
1075 3052 1653 3128 consentientibus,
1693 3055 2066 3108 statuuntur
2128 3049 2383 3125 (vocant
2442 3045 3096 3125 Privat-Autonomie)
3128 3049 3196 3124 ¹).
3229 3057 3304 3111 Et

471 3149 626 3210 illud
650 3149 902 3222 quidem
934 3148 1111 3210 juris
1125 3147 1367 3217 publice·
1385 3153 1640 3211 nomine
1662 3150 1969 3223 appellari
1995 3149 2157 3207 solet
2177 3145 2249 3223 2),
2275 3156 2415 3207 tum
2449 3151 2848 3222 praesertim,
2866 3166 3013 3209 cum
3046 3152 3129 3209 ad
3165 3155 3298 3210 rei·

473 3249 760 3321 publicae
782 3265 1070 3322 causam,
1109 3250 1237 3309 sive
1270 3255 1550 3324 proxime
1570 3269 1646 3311 ac
1668 3258 1846 3310 recte
1866 3293 1882 3317 ,
1912 3250 2038 3308 sive
2061 3250 2315 3323 oblique
2365 3258 2612 3323 spectat
2661 3246 2730 3323 ⁸).
2776 3255 3065 3325 Itemque
3117 3256 3303 3314 varie

470 3349 783 3422 accipitur
827 3346 895 3422 ⁴).
927 3349 1090 3407 Alias
1113 3350 1282 3407 enim
1309 3353 1476 3412 idem
1507 3360 1603 3411 est
1626 3368 1702 3411 ac
1743 3365 2084 3410 commune
2101 3349 2206 3423 jus
2241 3346 2310 3424 ⁵),
2338 3350 2491 3408 alias
2534 3350 2901 3422 simpliciter
2945 3352 3300 3425 opponitur

537 3584 613 3645 17)
627 3589 680 3635 1..
700 3587 792 3645 175
812 3589 861 3638 ὅ.
884 3592 936 3641 D.
950 3594 1429 3651 commodati.(xlll‚
1448 3593 1732 3652 6.)-1..12.
1756 3598 1784 3650 s
1800 3592 1846 3640 3.
1916 3596 2015 3638 tem
2036 3593 2276 3650 privatum
2294 3593 2425 3639 aliud
2448 3598 2539 3650 est,
2556 3591 2806 3651 publicum
2829 3591 2985 3637 aliud.
3010 3591 3298 3650 Publicum,

475 3653 530 3697 D.
554 3650 623 3696 de
644 3652 1133 3710 administraetper.
1156 3660 1257 3702 tut.
1282 3657 1472 3716 (xxw,
1494 3657 1582 3716 7.).
1631 3656 1855 3704 Thibaut
1913 3656 1989 3700 lex
2004 3689 2018 3709 ‚
2040 3658 2536 3712 senatusconsultum,
2558 3656 2744 3701 foedus.
2765 3655 3036 3710 Privatum,
3053 3653 3301 3716 tabulae,

474 3713 611 3760 vers.
636 3716 673 3760 l.
694 3727 742 3773 p.
761 3714 855 3762 229
874 3727 948 3774 sq.
972 3716 1068 3773 (ed.
1093 3719 1690 3779 1.).-We1ckernecht,
1712 3721 1850 3766 Staat
1905 3720 2126 3774 pactum
2147 3721 2488 3778 conventum,
2509 3717 2803 3775 stipulatio.
2827 3731 2853 3758 n

472 3776 572 3822 und
596 3778 755 3823 strate
778 3791 826 3836 p.
844 3776 939 3826 459
960 3790 1066 3837 sqq.
1972 3780 2021 3836 2)
2045 3782 2096 3826 L.
2122 3778 2231 3826 116.
2256 3783 2282 3836 3
2304 3782 2350 3826 1.
2375 3782 2430 3827 D.
2456 3781 2765 3838 (κωφὴν.
2787 3802 2846 3812 —-
2864 3776 2951 3834 (J.
2982 3777 3296 3833 Gothofmd.

536 3835 615 3898 18)
640 3840 924 3898 Exemplum
950 3842 1058 3887 vide
1078 3842 1129 3887 in
1153 3843 1205 3887 L.
1229 3839 1310 3887 31.
1335 3855 1411 3900 pr.
1436 3844 1491 3889 D.
1516 3843 1843 3902 depos.(xv1‚
1906 3841 1956 3886 in
1981 3847 2245 3888 comment.
2269 3844 2330 3888 ad
2352 3842 2405 3887 h.
2427 3844 2465 3888 1.
2482 3855 2592 3899 opp.
2608 3845 2687 3888 ed.
2705 3843 2937 3897 Trotz.p.
2962 3839 3089 3887 1039
3110 3853 3187 3899 sq.
3204 3843 3300 3899 )-

472 3897 680 3958 5.)-Cf.
705 3904 759 3948 L.
780 3902 857 3951 16.
881 3908 907 3961 s
926 3901 976 3950 4.
997 3907 1048 3950 D.
1068 3903 1139 3951 de
1157 3904 1399 3950 minor-ib.
1423 3905 1529 3962 (lv,
1552 3909 1597 3952 Δ.
1619 3907 1653 3963 ).
1907 3901 2167 3950 L.8.D.de
2190 3904 2698 3962 tutelis.(xxvl‚1.)-
2713 3905 2764 3949 L.
2783 3900 2864 3949 36.
2888 3902 3114 3958 §Lude
3125 3915 3298 3950 excu-

537 3961 613 4021 19>
633 3966 886 4013 Auctoris
911 3968 1251 4024 Beurtheilung
1274 3966 1359 4012 des
1389 3967 1704 4015 stadelschen
1730 3969 1845 4014 Bur·
1906 3964 2155 4012 sationib.
2178 3968 2380 4023 (xxvii,
2402 3967 2470 4024 1.)
2495 3967 2546 4012 L.
2570 3964 2647 4012 18.
2671 3968 2697 4020 ς
2717 3967 2764 4012 1.
2789 3967 2844 4011 D.
2887 3963 2957 4010 de
2992 3965 3197 4012 damno
3216 3966 3299 4013 in·

475 4024 759 4083 bungsfalls.
778 4041 828 4089 p.
854 4028 915 4077 16
932 4055 994 4064 -
1014 4029 1096 4078 50.
1909 4026 2294 4084 fec10.(xxxlx,
2315 4027 2652 4086 2.)-(cujac.
2672 4029 2733 4073 ad
2747 4028 2798 4073 b.
2821 4027 2855 4071 l.
2876 4027 2924 4070 in
2936 4034 3206 4075 comment.
3234 4028 3299 4075 ad

1911 4091 2070 4136 Pauli
2094 4090 2196 4136 Lib.
2222 4089 2299 4137 48.
2323 4092 2383 4135 ad
2402 4090 2681 4148 ed.)-L.2.
2708 4091 2760 4135 C.
2784 4087 2830 4135 si
2852 4088 3028 4135 minor
3040 4100 3101 4135 se
3123 4094 3301 4146 majo-

1094 4158 1122 4212 s
1153 4153 1234 4204 52.
1914 4162 2025 4198 rem
2050 4151 2349 4211 dixerit.(tl‚
2369 4150 2590 4211 45.)-1..
2611 4150 2659 4199 ὅ.
2675 4153 2728 4199 C.
2744 4150 3298 4210 quib.excausisma-

1901 4216 2055 4269 jore-5
2076 4213 2111 4260 i.
2135 4216 2171 4261 ἱ.
2199 4227 2244 4261 r.
2268 4217 2333 4271 ll,
2356 4213 2435 4262 5⁴.

541 4274 585 4329 1)
611 4272 663 4318 1..
695 4271 744 4319 6.
774 4277 801 4330 ς
820 4277 866 4322 1.
894 4279 948 4324 D.
979 4278 1046 4325 de
1068 4281 1123 4328 J.
1143 4285 1200 4327 et
1219 4282 1275 4328 J.
1299 4305 1361 4315 -
1380 4284 1406 4338 s
1425 4281 1474 4327 5.
1497 4278 1577 4327 10.
1616 4281 1653 4326 l.
1683 4278 1754 4326 de
1786 4281 1842 4327 J.
1973 4274 2121 4336 5)§4.
2146 4280 2182 4324 l.
2207 4277 2417 4330 dejust.
2441 4275 2922 4332 etjure.—L.1.s2.
2939 4277 2995 4322 D.
3017 4274 3294 4323 eod-Cf.

473 4337 538 4381 Ν.
561 4339 618 4383 G.
642 4339 699 4382 et
718 4339 767 4382 C.
1908 4340 1961 4385 1..
1983 4340 2032 4386 2.
2060 4341 2115 4384 D.
2135 4339 2342 4394 dejure
2363 4339 2566 4386 dotium
2589 4339 2770 4395 (xxiii.
2788 4339 2880 4395 3.),
2899 4343 2947 4384 et
2969 4341 3024 4384 G.
3053 4339 3107 4384 C.
3145 4340 3295 4385 Bm*-

540 4396 587 4456 2)
620 4398 727 4445 Vid.
776 4397 877 4445 Cic.
922 4406 1102 4449 orator.
1144 4405 1430 4461 partitiones
1468 4416 1514 4450 c.
1535 4400 1615 4450 37.
1648 4402 1707 4460 (ς
1738 4415 1841 4462 seq.
1906 4399 2095 4450 ohardi
2113 4403 2407 4460 Grundzttge
2427 4402 2477 4446 d.
2504 4401 2983 4458 Rechtssystemsder
3006 4401 3185 4446 Romer
3205 4412 3299 4447 aus

474 4465 579 4507 not.
602 4462 686 4519 1.).
705 4461 891 4508 Caeter.
907 4463 972 4510 cf.
993 4463 1201 4512 Puclzta
1222 4464 1607 4514 Gewohnbeitsr.
1630 4478 1677 4524 p.
1692 4464 1749 4511 61
1765 4478 1840 4524 sq.
1908 4466 2046 4512 ihren
2067 4462 2302 4520 Begriffen
2322 4476 2414 4510 von
2430 4463 2647 4510 oeffentl.
2674 4475 2724 4508 u.
2749 4463 2952 4508 Privatr.
2987 4465 3314 4522 entwickelt.

476 4529 525 4569 et
541 4524 597 4570 J.
626 4527 675 4570 C.
704 4524 833 4569 Kal!
869 4524 1227 4574 observationes
1268 4531 1328 4576 de
1355 4530 1468 4586 jure
1504 4540 1605 4574 non
1637 4528 1845 4586 scripto,
1912 4531 2060 4574 Bonn.
2083 4525 2225 4572 1822.
2250 4523 2297 4572 8.

475 4585 602 4631 inter
624 4587 752 4631 cives
769 4586 984 4634 subditos
1004 4592 1269 4637 secundum
1302 4593 1372 4638 rei
1398 4596 1625 4638 naturam
1654 4592 1848 4648 vigente
1971 4587 2019 4646 4)
2044 4591 2118 4635 Cf.
2138 4589 2245 4635 Ulr.
2260 4586 2465 4634 Hubert·
2484 4586 2774 4645 olgi-esaion.
2790 4587 2969 4633 sustin.
2988 4588 3042 4632 P.
3056 4587 3115 4633 ll.
3130 4586 3238 4634 Lib.
3255 4589 3306 4635 Ι.-

476 4647 637 4704 (Hafn.
663 4644 803 4695 1828.
822 4647 891 4708 8.)
911 4662 961 4708 p.
976 4649 1039 4698 53
1056 4664 1162 4710 sqq.
1605 4681 1610 4686 ·
1911 4665 1956 4699 c.
1978 4654 2100 4697 XXl.
2121 4648 2190 4707 §3
2209 4674 2269 4684 -
2285 4648 2333 4697 6.

1972 4712 2020 4770 5)
2052 4714 2156 4759 Juri
2186 4713 2415 4770 singulari
2446 4713 2740 4771 oppositum.
2758 4714 2811 4759 L.
2833 4708 2884 4758 7.
2907 4705 2932 4759 S
2957 4708 3006 4757 6.
3029 4711 3087 4755 D.
3110 4710 3182 4757 de
3198 4710 3302 4758 do-

662 4819 693 4840 ,
1101 4779 1128 4833 s
1157 4777 1237 4822 55.
1914 4780 2028 4823 nat.
2047 4775 2143 4822 int.
2165 4776 2306 4823 V.ee
2336 4776 2395 4821 U.
2420 4775 2587 4831 (xxiv
2606 4809 2623 4837 ,
2645 4776 2692 4823 1.
2711 4775 2867 4833 ).-ι..
2889 4771 2936 4820 2.
2968 4773 3023 4820 C.
3050 4783 3122 4820 nc
3149 4785 3303 4821 uxor·

1909 4850 2012 4898 pro
2032 4836 2223 4886 marito
2240 4838 2338 4899 (lv,
2358 4837 2474 4896 12).
2748 4867 2763 4879 .

542 4899 586 4956 1)
609 4898 712 4947 Cic.
746 4902 874 4946 orat.
895 4901 1183 4958 partitiones
1224 4914 1266 4949 c.
1287 4898 1369 4949 57.
1400 4917 1425 4945 α
1442 4901 1743 4961 scriptorum
1763 4912 1853 4949 au-
