3544 5506
1147 346 1280 388 car.
1322 346 1394 388 n.
1435 347 1510 389 ne
1546 347 1774 390 ruma
1812 347 2163 391 romum-13.
2953 339 3061 395 2521

254 461 520 535 peculii,
546 467 734 534 pater
762 468 827 521 et
846 461 1136 521 creditor
1161 470 1229 520 et
1249 464 1505 523 debitor
1534 465 1672 522 fleri
1707 470 1918 537 potest
1939 462 2010 537 ⁶).
2037 459 2282 537 Quodsi
2313 464 2515 522 libera
2539 465 2775 537 peculii
2800 466 3067 524 admini-

251 557 477 615 stratio
500 571 807 615 concessa
840 563 940 615 est
967 558 1097 616 filio
1116 604 1132 630 ‚
1170 559 1408 630 poterit
1435 559 1629 616 etiam
1656 560 1943 617 alienare
1970 573 2075 618 res
2105 560 2462 631 peculiares
2479 600 2497 628 ‚
2525 559 2748 631 utique
2771 575 2847 618 ex
2868 575 3065 620 causa

252 669 531 712 onerosa
552 672 571 729 ;
599 670 750 711 nam
775 651 1061 713 donandi
1086 655 1461 714 facultatem
1489 671 1573 715 ne
1599 664 1737 714 tum
1760 659 2020 730 quidem
2044 658 2239 715 habet
2259 698 2275 726 ‚
2308 664 2761 730 praeterquam
2778 659 2963 731 ,iustis
2983 661 3066 719 de

251 753 457 812 causis
481 754 551 821 ⁷).
585 757 918 811 Caeterum
943 754 1197 813 sublato
1220 753 1369 828 Jure
1395 757 1593 826 patris
1620 758 1793 829 apud
1818 757 2014 815 tilium
2039 772 2504 830 nonnunquam
2529 758 2827 830 ipsoJ'ure
2851 774 3066 816 rema-

251 856 364 907 net
386 845 705 922 peculium
725 892 742 917 ‚
774 846 1084 922 siquidem
1109 856 1220 907 aut
1254 851 1665 922 publicantur
1687 854 1857 911 bona
1884 859 2189 927 paterna,
2222 861 2336 912 aut
2367 854 2498 913 fllio
2525 855 2849 927 peculium
2867 895 2883 923 ‚
2914 870 3064 912 cum

251 949 773 1022 emanciparetur
792 992 810 1022 ‚
838 951 1166 1008 ademtum
1198 965 1329 1009 non
1351 957 1448 1009 est
1466 947 1541 1022 ⁸).

951 1174 977 1248 §
1004 1178 1146 1237 568.
1189 1176 1250 1253 b)
1288 1176 1642 1247 Adventitio,
1669 1196 1836 1256 eoque
1865 1177 1920 1255 a)
1943 1177 2244 1237 ordinario
2271 1179 2367 1257 (¹¹²).
2441 1126 2445 1129 Δ

334 1423 770 1498 Quaecunque
800 1433 922 1478 nec
967 1434 1006 1476 a
1054 1416 1254 1489 patris
1285 1416 1670 1475 liberalitate
1713 1416 2007 1489 profecta
2030 1424 2181 1475 sunt
2218 1413 2428 1487 bona,
2470 1433 2593 1478 nec
2627 1420 2933 1482 castrensi
2961 1425 3065 1482 vel

249 1522 434 1593 quasi
475 1521 779 1580 castrensi
824 1514 1206 1579 nominatim
1244 1517 1663 1588 adsignantur
1690 1517 1980 1593 peculio,
2033 1532 2111 1576 ea
2152 1519 2217 1577 in
2247 1521 2742 1581 adventitiorum
2787 1538 3063 1583 numero

248 1615 550 1674 habenda
589 1622 739 1674 sunt
769 1612 831 1687 ¹).
872 1618 1159 1691 Quorum
1192 1613 1569 1686 plerumque
1597 1619 1663 1670 et
1701 1611 2108 1671 ususfructus
2142 1620 2209 1670 et
2233 1610 2703 1674 administratio
2738 1625 2836 1675 est
2865 1633 3062 1691 penes

252 1716 510 1782 patrem
537 1707 607 1783 ²).
643 1715 717 1768 Et
762 1706 962 1782 patris
992 1709 1253 1782 quidem
1275 1708 1381 1781 jus
1410 1702 1632 1766 utendi
1679 1707 1934 1765 fruendi
1972 1707 2146 1765 haud
2182 1707 2319 1767 fere
2360 1710 2572 1769 differt
2596 1726 2635 1768 a
2658 1718 3063 1771 caeterorum

238 1810 429 1885 jure,
461 1811 570 1882 qui
593 1825 809 1867 rerum
832 1804 1188 1867 alienarum
1213 1806 1683 1865 usumfructum
1707 1806 1947 1864 habent
1968 1851 1985 1876 ‚
2014 1813 2472 1881 praeterquam
2491 1812 2662 1881 quod
2689 1827 2726 1868 a
2748 1811 3064 1870 cautionis

251 1920 461 1964 onere
499 1901 726 1977 utique
757 1906 1070 1963 liberatur
1112 1910 1299 1977 pater
1328 1899 1403 1976 ³).
1456 1905 1526 1960 In
1572 1900 2087 1959 administrandis
2137 1909 2351 1960 autem
2393 1905 2575 1962 bonis
2607 1905 2953 1964 liberorum
2981 1907 3068 1963 ita

250 2006 498 2064 versari
528 2006 716 2064 debet
741 2011 925 2079 pater
945 2046 960 2072 ‚
993 2010 1067 2061 ut
1094 2018 1355 2061 omnem
1392 2017 1609 2060 rerum
1640 2003 2027 2059 tuendarum
2056 2005 2775 2076 conservandarumque
2800 2001 3069 2077 diligen-

248 2100 406 2158 tiam
424 2100 728 2159 adhibeat
752 2097 815 2167 4).
840 2103 965 2159 Nec
987 2093 1180 2171 igitur
1204 2098 1691 2155 alienandarum
1710 2111 1927 2154 rerum
1948 2097 2366 2169 peculiarium
2383 2099 2578 2157 habet
2599 2098 2973 2158 facultatem
2990 2098 3063 2174 ⁵),

317 2364 370 2422 6)
407 2366 461 2412 L.
508 2363 559 2412 9.
602 2368 630 2422 ς
669 2364 721 2412 2.
756 2368 806 2413 3.
847 2364 897 2414 6.
936 2367 988 2413 1..
1030 2363 1108 2413 17.
1154 2367 1206 2413 in
1247 2365 1285 2413 f.
1330 2367 1382 2413 1..
1430 2362 1512 2414 ⁴9.
1532 2366 1559 2420 S
1578 2366 1628 2412 2.
1693 2364 1838 2422 3567.
1863 2369 1965 2415 not.
1992 2367 2040 2412 1.
2064 2370 2113 2411 et
2134 2365 2190 2412 J.
2217 2367 2268 2413 C.
2294 2364 2503 2412 Francis
2523 2366 2584 2412 de
2607 2364 2826 2412 dominio
2847 2363 2917 2409 rei
2943 2363 3067 2411 filio·

253 2429 313 2475 1).
334 2430 386 2475 lu.
414 2432 455 2474 t.
1694 2429 1907 2475 familias
1948 2429 2117 2474 favore
2158 2426 2208 2473 ln
2244 2432 2432 2485 patrem
2456 2429 2683 2473 donatae.
2709 2427 2815 2473 Bal.
2841 2423 2982 2473 1717.
3010 2427 3025 2483 )
3050 2437 3068 2482 ς

319 2488 370 2548 7)
406 2490 458 2536 L.
475 2486 555 2535 10.
577 2492 631 2536 C.
651 2489 798 2547 quod
812 2501 933 2535 cum
947 2501 1029 2550 eo,
1039 2488 1135 2548 qui
1154 2489 1209 2537 fn
1220 2488 1403 2536 aliena
1416 2492 1525 2545 pol.
1547 2489 1632 2535 est
1692 2489 1741 2545 3)
1760 2502 1889 2548 quae
1905 2491 2219 2536 inveniantur
2233 2488 2364 2547 apud
2388 2488 2636 2547 tilium‚de
2651 2499 2859 2547 quorum
2871 2486 3070 2546 quidem

254 2553 349 2598 rel.
372 2550 476 2607 (lv,
494 2549 595 2609 26.)
619 2575 677 2584 —
702 2553 756 2598 1..
775 2549 856 2598 48.
881 2552 930 2597 in
954 2553 991 2598 f.
1018 2554 1070 2597 D.
1097 2551 1152 2598 11.
1178 2556 1216 2598 t.
1239 2576 1295 2584 —
1319 2552 1372 2596 1..
1409 2550 1489 2597 98.
1521 2553 1548 2606 ς
1577 2549 1626 2598 2.
1692 2552 1887 2607 origine
1908 2563 2006 2598 non
2054 2554 2247 2597 constet
2269 2584 2284 2604 ,
2328 2562 2385 2596 ea
2428 2550 2688 2596 tribuenda
2734 2551 2860 2605 patri
2899 2549 3068 2604 ejusve

255 2615 315 2659 D.
340 2613 412 2662 de
428 2616 570 2669 pact.
598 2614 613 2667 ί
639 2615 676 2658 11
702 2647 718 2672 ‚
762 2611 880 2669 14.)
905 2637 959 2646 —-
986 2614 1038 2660 L.
1060 2616 1149 2658 ult.
1171 2626 1246 2671 pr.
1274 2615 1327 2658 D.
1350 2611 1418 2659 de
1440 2617 1623 2659 novat.

258 2677 445 2734 (XLVI,
466 2674 536 2732 2.)
563 2701 620 2710 —
646 2676 700 2721 L.
726 2672 773 2721 7.
801 2677 855 2721 b.
871 2674 939 2722 de
962 2675 1149 2721 donat.
1168 2674 1393 2732 (XXXIX,
1414 2672 1484 2783 52

321 2734 373 2796 8)
407 2740 453 2795 a)
479 2737 531 2785 1..
556 2733 789 2791 asma
816 2737 852 2784 f.
881 2738 935 2785 D.
968 2735 1247 2784 dominor.
1291 2737 1430 2795 (lv,
1487 2737 1627 2794 .)—

256 2799 312 2857 b)
331 2802 384 2846 1..
409 2802 491 2847 31.
517 2799 539 2853 S
561 2799 609 2843 2.
633 2800 689 2846 1).
713 2797 781 2845 de
804 2799 989 2845 donat.
1010 2823 1071 2833 —
1089 2799 1163 2844 Cf.
1188 2801 1240 2845 L.
1264 2795 1343 2844 53.
1369 2801 1424 2847 1).
1443 2798 1495 2846 h.
1520 2801 1555 2844 f.
1576 2803 1627 2844 et

256 2861 458 2916 5221.
496 2860 567 2906 de
585 2861 635 2906 le
672 2892 687 2907 .
724 2884 781 2894 —
828 2861 939 2908 vid.
981 2864 1032 2906 et
1068 2861 1269 2917 Fr.,iur.
1292 2858 1628 2914 Vatic.s2t3⁰.

253 2924 299 2978 <S
319 2922 435 2971 563.
462 2919 611 2970 ῃοῑ.1
654 2924 688 2978 ).
719 2947 772 2955 -
795 2923 870 2968 Cf.
911 2923 1028 2970 Nor.
1052 2918 1133 2969 81.
1174 2935 1220 2969 c.
1245 2919 1291 2970 1.
1314 2925 1341 2979 s
1364 2924 1413 2967 1.
1446 2929 1496 2968 et
1518 2924 1633 2968 Δία·

254 2983 641 3104 ἵκοᾳωᾼςοὶιὶσ
683 2984 722 3031 f.
761 2983 956 3031 civilist.
990 2984 1159 3031 Praxis
1178 2984 1300 3031 vlit.
1322 2996 1371 3042 p.
1396 2980 1485 3031 281
1522 2994 1630 3042 sqq.

257 3052 274 3103 (
316 3061 360 3095 r.
495 3082 508 3094 .
536 3079 549 3091 .

857 3163 1035 3222 8568.

1689 2612 1974 2670 heredibus,
1997 2613 2230 2670 quoniam
2256 2625 2353 2658 non
2380 2612 2483 2657 fere
2506 2617 2640 2657 tenet
2662 2611 3072 2668 administratque

1690 2672 1822 2720 filius
1847 2686 1942 2731 res,
1967 2676 2057 2720 nisi
2079 2686 2205 2733 quae
2227 2685 2254 2719 a
2279 2679 2417 2731 patre
2454 2673 2544 2731 ipsi
2567 2683 2821 2718 concessae
2845 2677 2977 2717 sunt.
3003 2695 3067 2705 —-

1692 2737 1803 2784 vid.
1823 2736 2081 2784 Marezoll
2100 2738 2136 2784 Ι.
2161 2738 2195 2785 l.
2221 2747 2270 2793 p.
2296 2733 2470 2783 28⁴.—
2496 2736 2685 2782 caeter.
2707 2734 2773 2782 cf.
2797 2732 3073 2787 Horacket·

1690 2801 1848 2857 princ.
1879 2799 1980 2855 jur.
2021 2800 2158 2845 Rom.
2186 2800 2354 2845 Germ.
2382 2799 2417 2845 1.
2455 2797 2481 2851 S
2521 2795 2633 2845 571.
2670 2808 2746 2842 nr.
2775 2798 2873 2856 ll.;
2916 2795 2976 2840 de
3007 2807 3067 2842 ea

1694 2873 1810 2908 vero
1849 2860 2175 2920 quaestione:
2203 2861 2398 2906 cuinam
2434 2859 2745 2916 potissimum
2778 2857 2968 2915 peculio
2988 2859 3062 2903 lu·

1694 2926 1842 2969 strica
1864 2922 2097 2982 pecunia,
2116 2932 2268 2980 quam
2292 2927 2491 2974 vocant,
2510 2919 2811 2977 adsignanda
2831 2920 2916 2977 sit,
2932 2920 3069 2975 W·

1695 2984 1804 3030 seri
1821 2995 1896 3041 sp.
1923 2981 2033 3030 166.
2057 2994 2125 3030 m.
2148 2984 2200 3029 1.
2219 2982 2550 3028 —uarezou
2569 2995 2615 3039 p.
2638 2977 2910 3026 276-280.

1763 3047 1813 3103 2)
1847 3047 1898 3092 L.
1921 3045 1968 3092 1.
1990 3045 2045 3090 C.
2069 3043 2122 3090 Ιι.
2139 3049 2184 3091 t.
2205 3046 2302 3101 (vt,
2325 3042 2498 3099 60.)-
2523 3044 2575 3089 L.
2600 3040 2649 3088 6.
2673 3038 2723 3087 8.
2744 3042 2798 3087 C.
2823 3041 2874 3086 Ιι.
2900 3045 2938 3086 Ι.
2963 3040 3066 3095 (Vl,

1696 3104 1799 3164 61.)
1824 3131 1879 3141 —-
1908 3108 1960 3153 C.
1983 3108 2050 3152 A.
2076 3106 2301 3154 Bmunii
2316 3108 2460 3162 (resp.
2484 3103 2554 3149 de
2570 3102 2904 3149 Nevendalsli
2925 3103 2980 3147 D.
3005 3103 3067 3147 de

1698 3170 2004 3214 ususfructus
2036 3173 2293 3223 parentum
2329 3168 2382 3211 in
2422 3165 2566 3211 bonis
2589 3164 2856 3210 liberorum
2881 3166 2979 3207 tam
3003 3164 3067 3208 de

1700 3230 1813 3285 jure
1853 3232 2067 3275 Romano
2099 3240 2247 3285 quam
2286 3227 2576 3275 Germanico
2617 3226 2830 3281 genuino
2885 3225 3063 3268 funda·

320 3295 376 3354 ι’)
415 3294 538 3367 (Jod.
562 3290 663 3349 (vt,
678 3289 781 3347 60.)
797 3289 865 3337 de
885 3288 1039 3336 bonis
1061 3290 1317 3338 maternis
1338 3293 1391 3337 et
1410 3287 1642 3336 materni
1702 3296 1888 3337 mento.
1931 3292 2038 3336 sen.
2099 3288 2241 3338 1743.
2277 3313 2331 3323 -
2369 3288 2519 3335 Aliter
2556 3287 2768 3344 explicat
2819 3285 3070 3331 Mur-ezod!

253 3366 472 3415 qenerts
491 3360 539 3400 et
563 3354 618 3409 (v
627 3356 664 3410 1,
684 3351 786 3408 61.)
818 3350 886 3397 de
905 3351 1073 3412 bonis,
1097 3364 1241 3409 quae
1260 3351 1438 3400 liberis
1458 3351 1513 3399 in
1532 3363 1623 3407 po·
1688 3366 1737 3411 p.
1757 3350 1854 3399 285
1876 3364 1985 3410 sqq.

256 3416 453 3463 testate
486 3416 663 3473 pate-is
702 3411 1004 3461 constitutis
1046 3426 1117 3460 ex
1164 3413 1500 3461 matrimonio
1541 3412 1631 3459 vel

256 3479 395 3526 alias
415 3478 805 3537 acquiruntur,
831 3477 886 3522 et
921 3487 1107 3522 eorum
1142 3475 1624 3523 administratione.

260 3565 317 3574 —-
345 3539 611 3587 Mar-ezod!
630 3542 680 3585 in
708 3535 943 3584 zeitschr.
971 3540 1009 3584 f.
1032 3537 1205 3583 Civilr.
1228 3550 1279 3584 u.
1321 3540 1458 3585 Prot.
1507 3538 1623 3583 Vlll.

258 3603 340 3649 Νι.
366 3603 424 3648 ll.
449 3603 531 3648 Vl.
558 3602 641 3650 ix.

327 3664 374 3719 1)
415 3666 468 3710 L.
489 3662 540 3710 6.
564 3677 641 3725 pr.
661 3662 713 3708 C.
739 3658 790 3705 Ιι.
815 3660 851 3704 t.
878 3656 1091 3717 (Vl‚6l.)
1113 3659 1157 3712 (s
1178 3656 1311 3717 567.)
1335 3664 1439 3707 not.
1463 3660 1550 3717 1.).
1576 3683 1632 3692 -

262 3725 342 3772 Cf.
368 3729 422 3773 L.
447 3724 529 3772 17.
551 3728 601 3774 ln
625 3725 663 3770 f.
686 3724 740 3767 (Ζ.
768 3721 835 3767 de
860 3721 1033 3774 usufr.
1060 3723 1162 3778 (111,
1184 3719 1286 3778 53.)
1306 3741 1370 3759 -·
1392 3723 1516 3768 Sunt
1552 3722 1635 3779 qui

261 3792 473 3835 sentiant
495 3821 511 3846 ‚
554 3788 706 3834 etiam
740 3794 866 3842 quae
887 3796 912 3829 a
939 3790 1076 3840 patre
1118 3784 1482 3841 proficiscantur
1507 3816 1523 3838 ‚
1546 3784 1637 3829 nisi

262 3861 387 3907 quae
411 3852 477 3896 ita
501 3851 625 3897 data
645 3848 741 3893 sint
766 3845 868 3891 titio
891 3878 904 3902 ‚
928 3853 984 3892 ut
1004 3853 1254 3903 tamquam
1276 3856 1351 3890 res
1372 3845 1523 3903 patris
1543 3856 1623 3890 eas

264 3913 599 3969 administret,
620 3906 897 3956 adventitiis
917 3919 1022 3953 esse
1044 3908 1409 3953 adnumeranda
1436 3940 1451 3962 ,
1495 3918 1541 3953 ν.
1580 3919 1625 3953 c.

266 3975 535 4021 (calvarius
555 3975 618 4019 de
642 3969 796 4017 usufr.
820 3980 865 4013 c.
887 3969 988 4015 th.
1012 3972 1037 4025 s
1057 3967 1107 4013 7.
1133 3972 1165 4014 Α
1187 3981 1280 4026 qua
1304 3969 1501 4025 quidem
1521 3979 1629 4013 sen·

262 4038 412 4082 tentia
436 4036 705 4082 abhorrent
724 4040 835 4076 cum
855 4030 1091 4087 ipsissima
1113 4033 1208 4086 leg.
1224 4031 1355 4075 laud.
1377 4030 1457 4085 (L.
1477 4026 1526 4074 6.
1552 4042 1626 4087 pr.

265 4096 315 4141 C.
333 4096 385 4143 h.
411 4101 471 4153 ι.)
496 4097 669 4150 verba,
693 4099 797 4138 tum
819 4101 934 4135 vero
954 4103 1011 4137 ea
1031 4093 1176 4148 ratio,
1198 4102 1322 4148 quiae
1345 4091 1632 4139 donationes

264 4157 390 4204 inter
416 4166 613 4217 patrem
632 4159 683 4201 et
704 4155 881 4199 liberos
899 4153 1101 4211 impedit
1118 4155 1161 4209 (s
1175 4151 1288 4200 565.
1312 4157 1413 4198 not.
1439 4152 1499 4198 12
1521 4164 1629 4210 sqq.

268 4223 318 4265 et
338 4222 405 4265 ihi
446 4222 502 4267 L.
525 4219 609 4267 51.
632 4219 658 4273 s
692 4217 739 4261 2.
766 4216 821 4260 D.
846 4212 914 4259 de
945 4215 1127 4261 donat.
1149 4239 1208 4248 —
1230 4216 1488 4261 Caeterum
1519 4225 1631 4261 cum

266 4279 355 4327 hac
376 4284 669 4340 quaestione
705 4278 800 4322 alia
843 4286 940 4321 non
977 4282 1052 4322 est
1093 4274 1452 4322 commiscenda
1466 4307 1492 4332 s
1532 4287 1628 4332 qua

264 4346 544 4399 quaeritur:
570 4347 736 4388 utrum
761 4337 887 4382 bona
908 4338 1038 4394 apud
1057 4339 1210 4383 filium
1233 4340 1442 4394 reperta,
1465 4336 1516 4381 in
1538 4337 1630 4383 du-

268 4403 344 4450 bio
363 4405 597 4451 habenda
621 4403 721 4448 sint
737 4399 1012 4457 profectitia
1040 4411 1105 4444 an
1122 4400 1387 4446 adventitia
1408 4400 1428 4442 7
1449 4397 1510 4444 de
1531 4410 1627 4455 qua

267 4465 528 4522 Les-serus
551 4479 626 4523 sp.
653 4460 763 4509 164.
788 4473 854 4507 m.
880 4459 928 4508 7.
948 4467 1076 4507 recte
1097 4462 1322 4507 statuisse
1346 4459 1466 4505 mibi
1489 4459 1628 4505 vide-

269 4533 362 4572 tur.
383 4530 497 4575 Jam
522 4539 662 4579 vero,
685 4530 739 4569 ut
761 4534 862 4568 rem
887 4528 1039 4568 totam
1054 4521 1629 4580 complectamur,‹licen-

267 4589 379 4635 dum
425 4591 526 4636 erit
563 4590 612 4644 1)
654 4596 780 4645 quae
802 4597 829 4630 a
850 4591 988 4641 patre
1012 4586 1229 4642 profecta
1253 4586 1349 4629 sint
1372 4615 1387 4640 ‚
1430 4595 1541 4629 cum
1565 4586 1626 4630 ad

267 4648 417 4697 filium
440 4652 689 4710 pertinere
710 4651 958 4704 nequeant
975 4679 990 4699 ,
1019 4658 1208 4703 semper
1226 4657 1330 4691 esse
1353 4644 1631 4702 profectitio

265 4713 569 4770 adsignanda
610 4709 801 4769 peculio
841 4708 922 4762 (L.
956 4705 1038 4754 51.
1066 4710 1093 4763 s
1115 4708 1161 4751 2.
1189 4709 1243 4752 D.
1283 4705 1351 4753 de
1383 4705 1628 4765 donat.);

266 4771 324 4831 2)
358 4786 486 4832 quae
507 4774 574 4820 ab
595 4776 846 4826 extraneo,
872 4771 1154 4827 plerumque
1171 4768 1395 4814 habenda
1417 4779 1520 4813 esse
1542 4771 1634 4816 ad-

266 4838 467 4883 ventitia
501 4868 519 4892 ‚
563 4835 654 4880 nisi
696 4832 851 4890 patris
885 4833 1189 4887 potissimum
1224 4831 1634 4888 contemplatione

266 4898 375 4944 data
396 4899 500 4945 sint
524 4899 541 4956 (
565 4900 765 4956 propter
789 4893 841 4940 L.
864 4890 942 4940 17.
963 4893 1066 4940 inf.
1088 4893 1144 4940 C.
1164 4891 1231 4939 de
1250 4889 1427 4945 πενίη
1475 4915 1531 4925 --
1555 4893 1632 4939 Cf.

1752 3417 1802 3465 3)
1839 3415 1888 3460 1..
1912 3412 1961 3460 8.
1982 3417 2006 3468 ς
2031 3410 2079 3459 4.
2102 3412 2149 3458 in
2167 3412 2203 3458 f.
2231 3414 2285 3459 C.
2310 3413 2361 3458 Ιι.
2385 3414 2422 3457 t.
2443 3410 2544 3464 (vt,
2563 3406 2755 3464 61.).-
2776 3407 2853 3453 Cf.
2876 3410 2981 3453 not.
3004 3405 3058 3453 7.

1689 3476 1738 3524 0.
1762 3482 1813 3522 et
1837 3475 2094 3522 ‘lm—vid.
2119 3478 2168 3519 et
2188 3475 2248 3521 F.
2276 3477 2331 3520 G.
2355 3469 2557 3519 Zotlerf
2572 3482 2732 3516 exerc.
2752 3480 2816 3515 an
2841 3469 3066 3514 ususfru-

1692 3545 1801 3586 ctus
1822 3537 1995 3596 peculii
2032 3536 2282 3583 adventitii
2318 3536 2585 3581 liberorum
2607 3565 2623 3588 ‚
2661 3533 2700 3576 si
2743 3535 2883 3588 pater
2923 3530 3066 3575 bonis

1697 3601 1931 3654 cessit,ad
1952 3598 2055 3653 eJus
2073 3608 2362 3643 concursum
2389 3595 2560 3641 referri
2581 3594 2749 3651 possit.
2769 3593 2897 3649 Lips.
2923 3589 3066 3638 1767.

1759 3660 1809 3717 4)
1844 3662 1893 3707 L.
1921 3660 1966 3706 1.
1986 3661 2039 3705 C.
2065 3659 2116 3706 Ιι.
2140 3664 2178 3705 t.
2205 3656 2586 3715 ‹vt‚60.)—-cr.
2605 3656 2662 3701 J.
2685 3656 2738 3700 S.
2766 3657 2902 3709 Topp
2926 3654 2978 3698 D.
3004 3654 3066 3698 de

1699 3722 2047 3783 patrefamilias
2087 3721 2450 3767 usufructuario
2484 3718 2751 3775 periculum
2787 3717 2860 3760 vel
2897 3725 3063 3759 casum

1701 3786 1876 3845 peculii
1899 3783 2150 3830 adventitii
2173 3784 2446 3829 sustinente
2469 3782 2542 3825 vel
2585 3790 2684 3823 non
2722 3777 2987 3821 sustinente
3014 3781 3066 3820 et

1692 3849 1753 3893 de
1776 3846 2063 3904 probatione
2085 3845 2204 3890 levis
2219 3844 2452 3901 culpaein
2464 3839 2886 3885 administratione
2898 3838 3063 3883 sortis.

1693 3910 1895 3954 Helmst.
1934 3903 2076 3952 1756.
2099 3931 2159 3940 -
2179 3908 2244 3952 De
2261 3906 2374 3960 jnre
2394 3902 2650 3958 officioque
2673 3905 2879 3957 paterno
2899 3897 2950 3943 in
2972 3899 3062 3942 ad·-

1691 3969 2023 4016 ministrandis
2050 3968 2314 4014 liberorum
2340 3966 2479 4012 bonis
2501 3963 2599 4009 vid.
2622 3965 2672 4006 et
2692 3973 2817 4017 qnae
2833 3960 2982 4007 habet
3003 3962 3059 4008 J.

1698 4033 1791 4079 W.
1815 4031 1995 4077 Prelm
2011 4044 2032 4075 .·
2054 4032 2189 4075 Kann
2210 4029 2291 4074 ein
2315 4027 2587 4072 Schuldner
2615 4023 2914 4078 Pupillen-u.
2941 4022 3060 4067 ltin-

1695 4092 1950 4150 dergetder
1980 4094 2071 4136 mit
2090 4092 2297 4145 voltiger
2328 4084 2625 4133 Sicberchelt
2649 4083 2778 4129 ohne
2799 4083 3063 4139 vorherge-

1695 4165 1939 4212 3angenes
1961 4154 2177 4199 richterl.
2213 4153 2384 4196 Decret
2404 4160 2468 4193 an
2490 4148 2541 4192 d.
2569 4146 2818 4191 Vormund
2836 4157 2886 4189 u.
2915 4146 3062 4190 vater

1695 4217 1870 4262 zahlen
1888 4216 1909 4259 'i
1934 4214 1950 4268 (
1973 4215 2103 4259 Rost.
2134 4209 2274 4258 1800.
2299 4211 2315 4266 )
2339 4213 2364 4266 s
2389 4209 2466 4254 12.
2508 4209 2587 4253 13.
2610 4207 2946 4253 —Marezou
2971 4208 3004 4251 Ι.
3026 4208 3060 4252 l.

1693 4289 1742 4335 p.
1768 4275 1859 4324 371
1876 4277 2076 4333 sqq.qui
2092 4280 2281 4332 patrem
2293 4281 2490 4318 omnem
2501 4269 2803 4325 diligentiam
2818 4272 3066 4326 praestare

1689 4350 1888 4384 necesse
1912 4337 2092 4382 habere
2118 4339 2285 4392 negat.

1754 4397 1803 4451 5)
1843 4402 1894 4445 L.
1925 4401 1969 4444 1.
1995 4398 2042 4443 2.
2070 4397 2195 4443 cde.
2221 4397 2259 4441 t.
2288 4391 2553 4447 (vt,00.).
2578 4415 2637 4424 —
2663 4391 2715 4435 1..
2737 4388 2784 4436 4.
2813 4392 2866 4436 L.
2889 4387 2940 4436 6.
2962 4389 3060 4444 82.

1692 4462 1744 4506 L.
1768 4457 1818 4506 8.
1844 4464 1869 4517 s
1891 4458 1938 4507 4.
1963 4458 2012 4505 5.
2036 4459 2089 4505 C.
2114 4457 2167 4504 Ιι.
2193 4457 2354 4512 t.(v1,
2376 4452 2680 4512 61.)-Νῦν.
2703 4452 2784 4496 22.
2806 4464 2851 4498 c.
2875 4450 2955 4497 25.
2978 4449 3062 4497 94.

1694 4547 1749 4557 -
1774 4523 1848 4567 Cf.
1873 4524 1931 4568 F.
1958 4525 2014 4568 G.
2059 4519 2264 4567 Zolleri
2309 4528 2468 4563 exerc.
2509 4524 2571 4559 an
2607 4518 2744 4571 pater
2788 4514 2833 4558 vl
2878 4514 3063 4569 patriae

1692 4585 1946 4641 potestatis
1969 4583 2096 4629 bona
2121 4579 2393 4626 immobilia
2437 4577 2702 4622 liberorum
2739 4576 2844 4620 sine
2865 4578 3062 4620 decreto

1695 4646 2011 4701 magistratus
2030 4646 2244 4690 alienare
2267 4640 2436 4698 possit.
2458 4639 2582 4694 Lips.
2610 4633 2749 4683 1746.
2767 4659 2822 4669 -
2845 4636 2920 4682 Cf.
2943 4637 3061 4681 Μα-

1697 4707 1866 4753 rezoll
1887 4707 1920 4751 1.
1947 4708 1980 4752 l.
2003 4717 2051 4761 p.
2084 4701 2178 4751 398
2198 4714 2307 4761 sqq.
2345 4702 2359 4753 (
2382 4701 2464 4745 Νι.
2484 4699 2572 4753 C.)
2596 4721 2656 4733 -·
2681 4697 2839 4754 [Quod
2861 4698 3059 4756 quidem

1698 4771 2014 4827 praeceptum
2038 4766 2103 4812 ad
2125 4777 2201 4812 res
2224 4762 2488 4819 fungibiles
2511 4770 2609 4806 non
2631 4759 2940 4805 referendum
2962 4769 3066 4803 esse

1701 4829 2015 4947 magifgsgum
2039 4834 2130 4876 est.
2154 4823 2415 4873 mareson
2427 4835 2474 4882 p.
2489 4819 2775 4869 261-965.
2800 4834 2850 4879 p.
2872 4819 2967 4869 362
2987 4831 3062 4877 sq.

2608 4978 2688 5037 66
