3544 5506
1466 356 1844 401 moon-mun.
2978 348 3044 402 41

200 471 357 542 ipsis
384 471 467 542 (s.
509 470 771 545 dejure
787 468 1158 544 subjectivo)
1174 484 1323 528 cum
1345 469 1640 529 universe
1663 469 2028 543 disputatur
2056 510 2073 538 ,
2104 476 2243 528 tum
2266 470 2458 528 etiam
2485 469 2826 541 singularia
2855 487 3049 545 quae-

194 570 353 628 dam
369 569 572 643 juris
592 571 742 630 loca
770 570 1181 642 explicantur.
1215 574 1353 628 Jam
1378 585 1530 629 vero
1555 584 1690 629 non
1711 575 1807 629 est
1826 609 1843 637 ‚
1872 571 2044 643 quod
2075 568 2468 639 dubitemus,
2504 568 2657 642 quin
2687 583 2767 627 ea
2790 571 3049 644 quidem

195 672 595 740 praecepta
621 666 708 724 ad
733 672 983 739 partem
1006 666 1370 743 generalem
1381 665 1722 725 referenda
1743 666 1898 736 sint,
1923 682 2089 740 quae
2113 681 2191 724 ex
2218 665 2353 724 aliis
2383 665 2536 723 artis
2566 672 2821 725 nostrae
2870 669 3053 728 disci-

195 766 421 839 plinis,
454 772 546 822 ut
582 781 667 823 ex
685 765 1171 839 reijudiciariae
1197 766 1559 839 prudentia,
1588 767 2056 828 pandectarum
2084 766 2418 825 doctrinae
2433 772 2764 838 tamquam
2790 765 2854 823 in
2878 768 3050 827 auxi-

193 866 350 924 lium
375 865 713 924 adhiberi
729 866 920 923 solita
944 870 1114 924 sunt.
1136 867 1211 923 At
1242 872 1580 939 praeterea
1601 866 1666 924 id
1684 867 2080 939 potissimum
2098 866 2339 938 egimus
2356 911 2372 937 ‚
2405 870 2480 923 ut
2500 880 2842 924 commune
2858 870 3055 939 quod·

193 961 345 1018 dam
398 961 691 1033 jurium
737 967 1063 1033 tamquam
1099 961 1589 1020 instrumentum
1629 964 2034 1021 traderemus
2073 962 2418 1034 tironibus,
2463 963 2635 1020 unde
2663 961 3054 1034 singularum

192 1071 571 1115 causarum
595 1099 617 1132 ‚
648 1056 926 1115 maxime
952 1057 1390 1129 ambiguarum
1409 1099 1428 1133 ‚
1459 1058 1814 1116 haurienda
1861 1063 2072 1116 essent
2099 1062 2477 1129 argumenta
2505 1063 2700 1130 atque
2737 1057 3053 1131 explican-

194 1153 274 1208 da
316 1153 396 1224 ⁵).
436 1153 669 1228 Quod
700 1152 754 1210 si
779 1152 916 1210 fieri
962 1151 1219 1211 minime
1260 1152 1500 1225 potuit,
1543 1153 1660 1211 nisi
1709 1153 2014 1212 adsumtis
2059 1151 2381 1212 interdum
2414 1152 3057 1229 quaestionibusjuris

194 1252 715 1324 singularibus,
748 1251 918 1310 hanc
963 1258 1176 1310 tamen
1221 1253 1577 1311 molestiam
1621 1259 1687 1310 et
1722 1254 1901 1311 velut
1939 1252 2432 1311 inconstantiam
2459 1258 2773 1311 auxerunt
2795 1253 2917 1327 illi,
2946 1256 3060 1330 qui

192 1349 273 1406 de
300 1348 504 1407 factis
533 1390 556 1422 ,
616 1353 708 1404 ut
751 1345 996 1421 jurium
1033 1348 1271 1418 causis,
1321 1348 1629 1421 disputari
1672 1364 1804 1407 non
1834 1364 2020 1423 posse
2048 1349 2163 1407 sibi
2213 1349 2679 1422 persuaderent
2698 1390 2714 1418 ‚
2742 1348 2859 1407 nisi
2882 1357 2948 1407 et
2975 1351 3058 1413 de

195 1449 504 1522 personis
534 1454 621 1505 et
662 1446 753 1505 de
776 1448 970 1505 rebus
994 1440 1143 1506 satis
1164 1449 1366 1505 multa
1392 1455 1585 1507 antea
1615 1449 2114 1521 praecipiantur.
2143 1449 2340 1507 Illusit
2365 1447 2513 1522 ipsis
2533 1491 2550 1519 ‚
2577 1446 2627 1505 si
2654 1448 2808 1522 quid
2831 1448 3018 1510 video
3035 1492 3052 1520 ‚

192 1545 569 1604 similitudo
600 1542 946 1616 quaedam
977 1558 1054 1601 ac
1097 1544 1340 1616 species
1358 1544 1465 1602 illa
1513 1544 1758 1617 logicae
1783 1544 2067 1604 veritatis
2090 1590 2106 1617 ‚
2145 1561 2342 1618 quam
2370 1545 2632 1603 istarum
2661 1559 2876 1602 rerum
2910 1561 3059 1607 con·

187 1642 445 1714 junctio
466 1656 672 1714 prae
698 1654 771 1697 se
812 1638 982 1697 serre
1009 1638 1295 1715 videtur3
1329 1642 1429 1699 cui
1452 1648 1669 1700 tamen
1689 1684 1707 1716 ,
1740 1641 1791 1700 si
1817 1648 2070 1717 tantum
2108 1642 2462 1699 tribuamus
2482 1683 2499 1716 ‚
2535 1647 2847 1714 quantum
2868 1657 2906 1699 a
2933 1643 3062 1716 ple·

195 1746 408 1819 risque
434 1743 602 1802 fieri
636 1742 859 1813 solet,
889 1740 989 1798 vix
1006 1741 1136 1799 ulla
1162 1741 1525 1802 invenietur
1546 1742 1708 1818 juris
1740 1743 1946 1803 nostri
1969 1743 2268 1816 materia,
2297 1756 2464 1817 quae
2497 1757 2628 1801 non
2671 1742 2738 1799 in
2773 1745 3056 1815 generali

198 1843 717 1901 Pandectarum
749 1843 940 1910 parte
966 1840 1304 1897 tractanda
1332 1839 1431 1898 sit.
1644 1846 1653 1855 ’

200 2022 923 2158 Μῇιξΐρἵηέἔὲεηᾷῐῗὶιὼ.
979 2029 1065 2077 der
1110 2032 1274 2090 jurist.
1332 2036 1611 2084 Litteratur.
1654 2037 1711 2083 Τ.
1755 2036 1877 2083 vill.
1923 2050 1971 2098 p.
2009 2035 2244 2086 15.-A.
2298 2035 2349 2081 1..
2389 2038 2442 2084 z.
2478 2034 2655 2085 mensis
2692 2039 2888 2095 August.
2919 2032 3056 2081 1831-
