3544 5506
458 340 533 394 44

459 459 593 532 ipse
614 460 727 517 sibi
755 459 1105 533 constituit,
1128 458 1320 531 idque
1368 458 1558 515 etlam
1587 458 1693 532 jus
1721 457 1907 516 civile
1933 461 2293 531 appellatur
2341 458 2403 531 ¹).
2443 465 2643 532 Atque
2670 460 2856 535 hujus
2886 460 3143 532 quidem
3166 461 3222 517 ci
3241 492 3257 501 -

460 559 595 617 vilis
602 560 786 633 juris,
807 565 1122 632 quatenus
1143 558 1492 632 opponitur
1521 559 1826 632 naturali,
1852 558 2090 631 duplex
2125 560 2411 618 cernitur
2465 558 2770 617 officium.
2805 560 3047 617 Etenim
3072 561 3172 617 vel
3195 559 3259 618 in

462 673 539 717 ea
576 658 737 732 juris
759 664 941 731 parte
971 658 1417 716 constituenda
1444 664 1737 717 versatur
1758 702 1775 727 ,
1809 672 1977 731 quae
2002 673 2150 716 cum
2184 660 2265 716 ad
2295 660 2465 716 vitae
2485 658 2678 716 civilis
2707 673 2891 716 usum
2924 675 3261 731 perneces-

462 758 626 815 saria
679 758 800 828 sit,
849 764 1083 816 natura
1130 764 1345 815 tamen
1392 763 1522 817 non
1564 765 1662 816 est
1714 753 1978 816 definita
2023 754 2095 832 ²),
2117 756 2224 816 vel
2262 759 2327 815 in
2359 759 2523 832 juris
2553 757 2862 815 naturalis
2902 759 3260 831 praeceptis

463 855 849 928 (postulante
874 855 935 911 id
955 854 1212 928 quidem
1245 854 1347 912 vel
1372 853 1784 921 necessitatis,
1816 855 1918 911 vel
1975 860 2153 911 certe
2176 852 2467 912 utilitatis
2493 850 2787 929 ratione)
2821 860 2932 912 aut
2959 854 3259 912 tollendis

465 956 577 1007 aut
612 950 1078 1022 angustioribus
1102 950 1387 1008 terminis
1404 948 2001 1007 circumscribendis
2032 945 2094 1018 5).
2145 951 2358 1020 Ipsum
2382 955 2597 1007 autem
2611 948 2773 1023 juris
2795 949 2989 1007 civilis
3021 964 3258 1008 nomen

464 1050 638 1108 varie
659 1049 989 1123 accipitur.
1023 1050 1238 1108 Latius
1266 1048 1434 1107 enim
1462 1054 1673 1107 sumto
1692 1049 2011 1108 vocabulo
2032 1063 2224 1106 omne
2247 1049 2516 1107 denotat
2538 1048 2642 1122 jus
2674 1050 2737 1106 in
2764 1049 3023 1108 civitate
3046 1051 3259 1123 aliqua

468 1147 726 1204 omnino
747 1146 1066 1218 obtinens,
1089 1146 1269 1218 quasi
1296 1144 1641 1203 commixto
1663 1152 1942 1218 utroque
1956 1144 2105 1217 ,iure
2121 1150 2187 1202 et
2209 1144 2487 1202 naturali
2518 1150 2580 1203 et
2603 1145 2873 1203 civitatis
2899 1146 3164 1218 proprio
3191 1142 3257 1214 ⁴).

466 1247 539 1301 At
561 1243 917 1320 saepissime
942 1242 1046 1315 jus
1077 1240 1264 1298 civile
1290 1242 1483 1299 certis
1504 1239 1666 1314 juris
1693 1240 1958 1299 Romani
1985 1246 2051 1298 et
2076 1240 2362 1312 partibus
2393 1247 2460 1298 et
2485 1240 2761 1299 sontibus
2786 1241 3157 1314 opponitur,
3192 1249 3262 1300 ut

459 1342 589 1417 juri
618 1344 871 1416 publico
906 1338 977 1412 ⁵),
1009 1348 1146 1399 tum
1193 1341 1385 1399 etiam
1443 1340 1758 1398 criminali
1778 1336 1823 1414 ὅ)
1855 1358 1872 1409 3
1925 1345 2001 1397 ut
2029 1340 2353 1399 communi
2373 1341 2655 1399 omnium
2687 1335 3015 1399 hominum
3035 1342 3169 1415 juri
3194 1338 3259 1413 ⁷),

465 1445 540 1495 ut
554 1438 879 1511 praetorio
909 1432 979 1509 ⁸),
1007 1436 1179 1509 quod
1239 1437 1499 1509 quidem
1527 1437 1869 1493 maximam
1911 1441 2159 1508 partem
2189 1450 2266 1493 ex
2294 1436 2567 1494 naturali
2584 1436 2732 1509 jure
2761 1436 3117 1510 profectum
3141 1445 3262 1496 est.

463 1534 785 1611 Quoniam
816 1543 1030 1594 autem
1057 1536 1185 1609 juri
1216 1538 1654 1596 Romanorum
1684 1535 1951 1608 proprio
2002 1536 2361 1593 excolendo
2393 1537 2766 1609 tuendoque
2793 1536 3077 1609 inprimis
3104 1553 3263 1610 ope·

465 1650 603 1693 ram
621 1634 945 1692 dederunt
965 1634 1096 1691 JCti
1129 1677 1145 1707 ‚
1178 1647 1305 1690 non
1330 1638 1425 1689 est
1451 1674 1467 1698 ,
1512 1647 1629 1689 cur
1657 1633 1968 1689 miremur
1994 1675 2008 1700 ‚
2037 1630 2093 1689 ei
2109 1630 2352 1704 jurium
2398 1634 2635 1702 generi,
2663 1633 2833 1705 quod
2860 1634 2994 1690 sine
3020 1634 3264 1706 scripto

466 1733 601 1789 sola
661 1730 1070 1803 prudentium
1119 1730 1501 1786 auctoritate
1530 1724 1947 1785 constitutum
1994 1733 2113 1796 est,
2147 1727 2317 1784 illam
2346 1727 2510 1800 ¹iuris
2553 1730 2747 1788 civilis
2768 1728 3264 1802 appellationem

469 1843 623 1900 prae
643 1828 871 1885 ceteris
894 1825 1084 1883 tribui
1109 1822 1176 1898 ⁹).

1227 351 1378 391 PARS
1414 350 1557 393 081(-
1599 350 1715 393 un.
1758 351 1805 392 1.
1847 351 1923 392 ΒΕ
1959 351 2128 394 smus
2166 352 2478 396 marmus,

1180 2013 1204 2085 §
1241 2014 1306 2067 31
1322 2053 1335 2068 .
1375 2014 1553 2069 Juris
1590 2013 1788 2070 civilis
1819 2018 2236 2072 Romanorum
2276 2016 2528 2073 indoles.

589 2190 664 2231 us
689 2177 909 2230 autem
948 2169 1150 2243 civile,
1188 2173 1362 2246 quod
1407 2173 1798 2246 quaerimus,
1831 2176 1893 2232 in
1931 2176 2079 2249 jure
2121 2177 2392 2235 maxime
2434 2176 2686 2248 privato
2710 2175 3101 2250 continetur,
3133 2190 3268 2247 quo

467 2274 724 2345 quidem
759 2273 852 2329 usi
878 2279 1023 2329 sunt
1060 2273 1345 2331 Romani.
1381 2274 1576 2344 quue
1615 2273 1804 2347 hujus
1829 2276 2018 2348 ipsius
2039 2277 2204 2349 juris
2234 2283 2532 2333 auctores
2570 2290 2643 2331 ex
2677 2275 2908 2347 triplici
2946 2273 3125 2332 fonte
3158 2289 3267 2330 re-

464 2375 809 2448 petendum
828 2387 962 2430 esse
989 2379 1397 2430 censuerunt.
1426 2389 1452 2417 «t
1478 2374 1823 2431 Collectum
1852 2377 2085 2433 etenim
2111 2383 2206 2433 est
2231 2390 2306 2433 ex
2331 2374 2744 2433 naturalibus
2755 2372 3125 2444 praeceptis,
3154 2379 3271 2436 aut

457 2469 770 2539 nentium,
794 2472 905 2523 aut
918 2463 1227 2526 civilibus
1263 2471 1387 2523 Jus
1409 2471 1711 2524 naturale
1723 2475 1840 2542 est,
1858 2471 2031 2543 quod
2064 2478 2291 2529 natura
2316 2469 2524 2529 omnia
2546 2469 2839 2526 animalia
2853 2468 3091 2525 docuit.
3110 2469 3264 2525 Nam

458 2562 563 2638 jus
580 2562 746 2619 istud
770 2576 899 2619 non
920 2561 1179 2618 humani
1203 2561 1451 2633 generis
1476 2562 1830 2635 proprium,
1877 2567 1987 2623 sed
2012 2566 2296 2623 omnium
2339 2561 2705 2643 animalium
2727 2609 2741 2632 ‚
2769 2581 2935 2637 quae
2964 2564 3026 2620 in
3063 2568 3264 2637 terra,

465 2663 719 2737 quaein
751 2662 912 2719 mari
965 2668 1316 2719 nascuntur
1354 2702 1370 2727 ,
1403 2663 1614 2719 avium
1639 2678 1897 2736 quoque
1931 2680 2270 2723 commune
2310 2663 2423 2723 est.
2452 2698 2522 2706 ——
2544 2663 2706 2721 Hinc
2731 2661 3056 2721 descendit
3081 2663 3272 2724 maris

465 2770 660 2836 atque
684 2761 999 2820 foeminae
1035 2763 1438 2835 conjunctio,
1465 2779 1654 2835 quam
1674 2779 1789 2822 nos
1805 2764 2279 2824 matrimonium
2305 2762 2722 2843 appellamus,
2753 2764 2899 2821 hinc
2924 2763 3271 2820 liberorum

464 2858 830 2932 procreatio
861 2900 878 2935 ,
932 2857 1078 2914 hinc
1144 2857 1484 2935 educati03
1538 2858 1823 2916 videmus
1875 2856 2109 2919 etenim
2160 2868 2376 2938 cetera
2417 2875 2672 2935 quoque
2720 2857 3036 2927 animalia,
3101 2856 3271 2917 feras

463 2959 680 3034 etiam,
724 2957 898 3015 istius
918 2956 1080 3030 juris
1100 2956 1327 3029 peritia
1350 2958 1595 3017 censeri
1625 2982 1649 3009 ιι
1693 2954 1757 3033 ¹).
1784 2989 1849 2999 —-
1873 2963 2306 3037 Quaecunque
2355 2961 2546 3032 igitur
2572 2975 2609 3017 a
2637 2964 2869 3016 natura
2914 2956 3088 3015 omni
3132 2957 3273 3014 ani-

466 3059 772 3123 mantium
823 3060 1037 3130 generi
1072 3058 1255 3119 insita
1287 3067 1457 3130 sunt,
1494 3061 1669 3117 velut
1694 3065 1766 3117 ut
1798 3075 1866 3119 se
1901 3076 2181 3137 suosque
2231 3068 2295 3120 et
2355 3055 2530 3147 alant
2555 3056 2598 3133 ²)
2648 3065 2714 3118 et
2749 3064 3053 3116 tueantur
3078 3053 3150 3129 8),
3191 3071 3270 3112 ea

1074 3233 1211 3291 550.

530 3361 573 3417 1)
596 3359 717 3406 1..D.
743 3360 795 3405 D.
816 3358 957 3405 dea.
983 3361 1108 3406 etJ.
1134 3384 1189 3393 -
1217 3362 1244 3416 s
1270 3360 1315 3404 1.
1352 3358 1401 3406 2.
1446 3362 1482 3406 l.
1527 3360 1646 3406 eod.
1675 3386 1732 3394 —
1752 3361 1827 3407 ef.

468 3424 570 3468 Cic.
586 3424 646 3468 de
659 3425 843 3470 invent.
870 3422 930 3479 ll,
948 3420 1086 3480 220<
1110 3423 1171 3468 Ac
1198 3429 1400 3467 naturae
1423 3422 1620 3480 quidem
1639 3423 1717 3477 jus
1735 3428 1827 3481 est,

461 3485 591 3540 quod
630 3485 770 3532 nobis
798 3496 898 3529 non
934 3485 1127 3542 opinio,
1165 3485 1248 3530 sed
1296 3486 1539 3541 quaedam
1567 3486 1735 3531 innata
1762 3489 1832 3533 vis

459 3544 653 3604 afferat,
677 3555 733 3594 ut
754 3545 1058 3604 religionem,
1080 3547 1329 3604 pietatem,
1352 3549 1559 3603 gratiam
1574 3581 1589 3607 ,
1620 3547 1831 3595 vindica·

459 3602 661 3666 tionem,
682 3609 1059 3666 observantiam,
1083 3610 1353 3653 veritatem.
1380 3614 1436 3662 n)

453 3918 529 3976 9ἰὶ
550 3922 797 3969 enarratio
818 3920 967 3978 partis
990 3920 1172 3979 primae
1191 3919 1494 3978 Digestorum
1519 3924 1556 3982 l,
1575 3924 1620 3968 1.
1644 3925 1670 3979 s
1695 3922 1770 3970 16.

518 3980 568 4038 3)
588 3984 662 4030 Cf.
688 3988 756 4032 A.
780 3983 1072 4043 Schuttinq.
1095 3985 1135 4031 l.
1159 3983 1192 4027 l.
1214 3977 1341 4039 315,
1362 3980 1442 4030 17.

518 4043 567 4102 4)
588 4044 695 4094 Cic.
728 4050 851 4105 Tap.
875 4044 922 4093 Ξ.
950 4061 976 4089 «ι
997 4046 1080 4095 Jus
1096 4045 1237 4093 civile
1251 4048 1330 4088 est
1350 4049 1601 4104 aequitas
1628 4046 1821 4094 consei-

459 4105 1256 4169 tutaiis‚quieJusden1c-1·vilacis
1265 4112 1442 4155 sunta·
1450 4113 1535 4166 -ς
1544 4107 1575 4154 2
1588 4111 1605 4155 1
1617 4110 1683 4157 de
1690 4112 1732 4155 J
1734 4113 1802 4154 ,Ν
1806 4145 1819 4157 .

458 4168 513 4213 G.
527 4173 584 4216 et
595 4171 782 4231 Caelus,
799 4185 895 4229 quo
918 4173 1122 4230 populus
1144 4173 1387 4223 Romanus
1406 4173 1575 4230 utitur,
1589 4173 1669 4226 jus
1689 4173 1828 4218 civile

457 4230 781 4280 Romanorum
803 4235 1267 4292 appellamus.»—t..
1283 4232 1329 4281 6.
1346 4235 1401 4280 D.
1422 4233 1491 4281 de
1511 4236 1567 4282 J.
1583 4239 1637 4281 et
1653 4235 1829 4281 ,Lusus

455 4292 598 4340 civile
619 4302 710 4353 est,
735 4296 861 4353 quod
884 4309 1041 4354 neque
1059 4299 1110 4343 in
1132 4299 1289 4346 totum
1307 4309 1336 4344 a
1359 4298 1591 4354 naturali,
1613 4299 1683 4342 vel
1708 4309 1830 4355 gen-

455 4355 579 4403 tium
603 4358 805 4415 recedit,
828 4368 914 4403 nec
934 4370 1020 4416 per
1051 4360 1217 4406 omnia
1245 4360 1289 4405 ei
1311 4362 1460 4405 servit
1489 4374 1501 4408 :
1537 4360 1700 4418 itaque
1718 4371 1831 4407 cum

454 4417 636 4476 aliquid
654 4421 876 4466 addimus
904 4421 977 4466 vel
1000 4420 1298 4468 detrahimus
1310 4421 1409 4477 juri
1438 4423 1713 4484 communi,
1741 4422 1822 4479 jus

454 4482 703 4538 proprium
721 4517 736 4537 ,
762 4483 808 4528 id
832 4486 907 4528 est
928 4483 1086 4539 civile,
1110 4482 1361 4535 efficimus.
1389 4498 1414 4527 n

515 4539 563 4599 5)
581 4545 797 4593 Ernesti
816 4545 877 4590 cl.
903 4544 1002 4589 Cic.
1027 4556 1071 4589 v.
1097 4543 1282 4593 civilis.

518 4603 711 4661 (i)velut
722 4607 771 4652 in
785 4608 851 4652 Ru
859 4606 934 4652 br.
946 4607 1063 4651 Cod.
1080 4607 1299 4664 quando
1309 4607 1479 4655 civilis
1494 4610 1636 4658 actio
1646 4607 1830 4659 crimi-

452 4669 593 4776 ηαίιῖ
608 4667 946 4776 μνιὲεςῖιιάὶεει
969 4670 1046 4726 lx,
1073 4666 1152 4716 51.
1182 4692 1241 4702 -—
1263 4671 1502 4718 Bre’sson.
1526 4673 1587 4719 de
1611 4675 1663 4718 V.
1697 4674 1747 4721 S.
1781 4684 1826 4720 v.

448 4730 549 4783 civi
572 4734 616 4776 is
640 4734 666 4786 S
723 4766 735 4778 .

507 4791 555 4849 7)
579 4792 684 4840 Cic.
708 4793 927 4850 delegib.
950 4794 986 4847 l,
1001 4790 1048 4838 5.
1063 4791 1111 4838 in
1133 4794 1285 4839 f.—1..
1303 4795 1347 4841 1.
1363 4807 1436 4853 pr.
1453 4798 1507 4843 D.
1532 4799 1598 4842 de
1616 4796 1833 4857 adquir.

452 4854 820 4909 rendominio.
843 4855 1137 4915 (xLl,1.)-—‘
1161 4856 1206 4902 2.
1238 4857 1273 4903 l.
1300 4857 1368 4903 de
1388 4859 1568 4915 patria
1588 4866 1697 4921 pot.
1714 4863 1751 4921 l,
1768 4859 1818 4909 9.

457 4943 515 4952 -—
535 4918 607 4965 cf.
628 4918 731 4966 loca
750 4925 851 4965 not.
878 4920 921 4966 1.
948 4919 1113 4968 laudd.

1959 3234 2007 3295 8)
2032 3238 2082 3283 1..
2106 3239 2153 3283 7.
2178 3238 2234 3284 D.
2251 3235 2694 3291 deheim—Cis
2714 3234 2813 3280 1.1.
2829 3228 3269 3290 deobliqationlb.

1895 3322 1956 3332 -—
1980 3300 2215 3346 Brittan.
2241 3311 2287 3344 v.
2306 3296 2474 3345 civilis
2493 3299 2586 3359 31,
2607 3297 2687 3356 10,
2710 3298 2790 3355 11,
2813 3296 2891 3341 12.

1955 3359 2004 3418 9)
2030 3364 2080 3407 1..
2103 3361 2153 3407 Ξ.
2172 3365 2198 3418 S
2215 3358 2262 3407 5.
2287 3359 2365 3407 12.
2391 3362 2445 3406 D.
2469 3361 2538 3406 de
2555 3361 2686 3420 oriq.
2703 3358 2870 3413 juris.
2893 3356 2984 3412 (ef.
3008 3353 3112 3413 huj.
3149 3354 3271 3399 libri

1889 3424 1967 3479 p.t
1976 3421 2295 3483 444—111190'8
2307 3421 2754 3479 Rechtsgeschichte
2766 3413 3140 3477 p.440-—4⁴5.ed
3149 3418 3230 3462 ,xl
3239 3418 3274 3474 .)

1893 3485 2016 3532 Hinc
2044 3487 2252 3532 formula
2284 3486 2509 3542 loquendi
2537 3487 2691 3539 :jure
2725 3481 2865 3529 civili
2894 3483 3135 3537 receptum
3164 3484 3272 3535 est,

1893 3549 2027 3594 velut
2042 3549 2089 3594 in
2111 3550 2163 3595 l..
2178 3546 2256 3596 2⁴.
2272 3547 2326 3593 t).
2338 3547 2406 3592 de
2422 3547 2621 3594 condit.
2638 3551 2694 3593 et
2710 3540 3272 3599 demonstrataoixxv,

1837 3613 1857 3621 ”
1903 3610 2112 3669 1.)-Cf.
2136 3614 2290 3670 Huqo
2312 3610 2345 3655 l.
2370 3611 2402 3655 l.
2434 3621 2482 3668 p.
2503 3607 2618 3656 466.

519 3668 568 3726 2)
586 3672 733 3718 Velut
749 3683 805 3718 ea
823 3704 838 3729 ‚
867 3683 991 3728 quae
1021 3673 1083 3716 ad
1105 3670 1313 3715 formam
1332 3671 1488 3717 litium
1524 3671 1840 3719 instituenda-

455 3743 566 3781 rum
585 3735 813 3790 pertinet,
833 3739 937 3780 tum
958 3733 1019 3780 ad
1036 3732 1221 3787 jurium
1242 3734 1643 3794 negotiorumque
1660 3736 1839 3782 solem-

458 3794 717 3849 nitates,et
737 3795 1182 3853 quaesuntgeneris
1194 3795 1430 3849 ejusdem.
1444 3797 1578 3842 ——CL
1595 3800 1651 3844 G.
1666 3798 1843 3845 Noodt

459 3858 521 3901 ad
543 3858 641 3903 Tit.
666 3861 727 3906 de
746 3860 789 3905 J.
811 3863 861 3904 et
882 3859 925 3904 J.
945 3857 1075 3916 (opp.
1102 3859 1160 3904 ll.
1187 3869 1234 3915 p.
1257 3854 1307 3902 6.
1327 3860 1555 3915 A.).-A.
1579 3858 1841 3907 scauuin-

1973 3733 2092 3795 1)1..
2120 3732 2280 3791 LSZ.
2305 3731 2682 3782 1).deJ.etJ.

1967 3797 2015 3854 2)
2041 3798 2143 3845 Clc.
2160 3797 2290 3844 offic.
2317 3798 2355 3853 1,
2378 3795 2734 3844 anconitanae
2755 3801 2921 3841 autem
2942 3788 3271 3842 animantium

1904 3859 2123 3909 omnium
2171 3864 2243 3906 est
2278 3860 2633 3915 conjunctionis
2667 3858 2940 3915 appetitus,
2976 3853 3270 3916 procreandi

1881 3927 2226 3977 causa‚etcura
2240 3926 2481 3980 quaedam
2499 3931 2813 3977 eornm,quae
2825 3926 3078 3978 procreata
3100 3920 3269 3963 sunt.»

1883 4012 1945 4023 —
1963 3989 2050 4036 Id.
2075 3987 2134 4030 de
2156 3984 2294 4031 finib.
2318 3986 2402 4040 111,
2421 3982 2498 4033 19.
2525 3999 2550 4026 ιι
2576 3981 2749 4042 Neque
2771 3994 2883 4029 vero
2905 3982 3028 4029 baec
3050 3983 3177 4028 inter
3215 3990 3273 4024 se

1884 4058 2152 4107 congruere
2176 4044 2389 4106 possint,
2412 4052 2465 4092 ut
2490 4052 2663 4092 natura
2682 4052 2730 4091 et
2753 4047 2996 4104 procreari
3020 4045 3164 4090 vellet
3179 4074 3195 4099 ‚
3211 4045 3277 4112 ⁶ct.

1885 4112 2022 4170 diligi
2047 4115 2321 4168 procreatos
2337 4121 2436 4156 non
2455 4113 2666 4155 curaret.
2687 4111 2839 4166 Atque
2861 4108 3008 4154 etiam
3029 4108 3078 4153 in
3101 4103 3273 4175 bestiis

1890 4175 1962 4220 vis
2001 4177 2204 4219 naturae
2233 4171 2403 4230 inspici
2438 4176 2611 4229 polest,
2650 4181 2856 4229 quarum
2895 4171 2943 4214 iu
2975 4172 3109 4216 foetu
3131 4171 3273 4235 ειμι

1892 4237 2180 4283 educatione
2211 4235 2426 4282 laborem
2456 4245 2571 4279 cum
2596 4235 2865 4289 cernimus,
2891 4237 3093 4278 naturae
3116 4231 3273 4286 ipsius

1893 4310 2060 4347 vocem
2074 4297 2292 4343 videmur
2309 4298 2647 4343 audirem—l..
2669 4291 2847 4354 uu.§5.
2866 4295 2917 4340 C.
2930 4293 2998 4341 de
3013 4293 3092 4340 rei
3107 4302 3271 4338 uxor.

1895 4365 2001 4409 act.
2024 4361 2120 4417 (Vl,
2142 4356 2272 4417 150«
2293 4383 2353 4391 —
2373 4359 2491 4404 Cum
2524 4359 2626 4416 ipsc
2657 4358 2889 4405 naturalis
2922 4356 3148 4402 stimulus
3179 4364 3274 4411 pa-

1885 4421 2387 4469 rentcsadliberorum
2407 4432 2604 4467 suorum
2625 4420 2958 4466 educationem
2980 4419 3225 4465 hortetur.
3241 4432 3271 4457 a»

1883 4509 1945 4520 —
1964 4485 2037 4530 Cf.
2058 4486 2109 4531 1..
2132 4480 2180 4528 8.
2207 4481 2299 4540 §5.
2324 4485 2377 4529 C.
2401 4483 2469 4529 de
2490 4480 2639 4529 bonis
2654 4494 2796 4541 quae
2818 4479 3015 4528 tiberis.
3041 4481 3140 4537 (Vl,
3162 4475 3272 4535 61.)

1946 4547 1993 4603 5)
2023 4549 2072 4593 1..
2099 4548 2143 4591 1.
2166 4547 2192 4601 s
2213 4544 2293 4591 27.
2314 4547 2369 4591 D.
2394 4545 2462 4591 de
2478 4545 2530 4591 vi
2552 4549 2607 4591 et
2638 4545 2691 4590 υἱ
2712 4546 2944 4592 armata.
2967 4542 3143 4599 (xmn,
3165 4538 3276 4599 16.)

1896 4626 1922 4652 «ι
1941 4612 2049 4657 Vim
2083 4611 2127 4655 vi
2171 4609 2405 4666 repellere
2428 4608 2576 4653 licere
2594 4610 2783 4654 Cassius
2802 4606 2997 4669 scribit,
3022 4605 3166 4663 idque
3182 4603 3273 4658 jus

1895 4678 2070 4718 natura
2094 4678 2420 4728 comparatur.
2440 4690 2461 4712 ι»
2490 4695 2549 4703 -
2571 4670 2619 4719 L.
2643 4667 2692 4716 5.
2717 4672 2771 4716 D.
2794 4670 2860 4715 de
2883 4669 2936 4714 J.
2963 4671 3019 4713 et
3034 4668 3087 4714 J.
3115 4664 3268 4712 -Ch

1897 4737 1955 4783 L.
1979 4732 2292 4785 Charondae·
2309 4734 2665 4779 ‘v'erosimilium
2690 4732 2792 4778 Lib.
2826 4733 2860 4776 l.
2886 4742 2992 4789 cap.
3012 4731 3056 4775 1.
3082 4730 3146 4785 giu
3175 4727 3274 4773 Oe-

1901 4796 2042 4848 !om's
2065 4795 2290 4842 thesauro
2309 4796 2346 4841 1.
2366 4808 2414 4852 p.
2434 4793 2585 4851 8850.
2602 4792 2896 4843 -Ve'nnius
2911 4794 2965 4838 in
2985 4792 3270 4839 comment.

1885 4860 1947 4905 ad
1972 4870 2046 4916 pr.
2087 4860 2202 4904 lust.
2236 4857 2297 4903 de
2318 4857 2362 4902 J.
2391 4859 2446 4903 N.
2470 4859 2525 4905 G.
2561 4863 2611 4903 et
2631 4858 2683 4903 C.
2716 4857 2801 4901 No.
2833 4853 2881 4900 5.
2911 4878 2970 4887 —-
2995 4857 3053 4903 G.
3085 4851 3275 4900 Noode

1884 4920 2129 4973 Probabit.
2163 4920 2211 4981 1,
2237 4917 2286 4965 5.
2315 4946 2370 4953 —-
2401 4924 2554 4968 c-brn.
2603 4930 2650 4969 v.
2685 4916 3057 4978 &rukershoek
3087 4916 3272 4962 otner-
