3544 5506
502 334 613 389 452
1218 345 1373 388 rus
1409 345 1567 387 suc.
1608 345 1725 388 m.
1806 345 1904 387 m.
1945 345 2022 387 nu
2056 343 2589 388 onuas‘rroums.

504 459 762 517 minime
798 459 1079 531 pendeat
1114 458 1618 516 conventionum
1662 456 1755 514 vis
1785 499 1803 525 ‚
1848 458 2118 518 omnino
2161 472 2292 516 non
2333 462 2435 515 est
2464 500 2483 528 ‚
2525 470 2663 530 qno
2705 457 2875 516 inter
2920 471 2993 516 se
3031 452 3307 518 discerni

502 565 742 632 queant
767 559 1090 632 fidejussio
1128 565 1196 617 et
1222 553 1643 617 constitutum
1663 601 1682 632 ‚
1716 559 1891 630 quod
1927 558 2187 631 quidem
2226 556 2669 615 intercedendi
2702 571 2899 616 causa
2927 557 3069 625 flat,
3102 558 3222 616 nisi
3248 558 3309 616 id

500 654 674 712 dicas
688 655 1105 712 constitutum
1120 695 1138 721 ‚
1161 668 1310 712 cum
1331 653 1789 712 intercedentis
1813 653 2116 725 obligatio
2135 648 2201 711 in
2216 666 2351 711 non
2368 651 2740 712 necessariis
2763 652 3151 725 quibusdam
3169 669 3311 726 par·

499 750 670 808 tibus
702 751 945 808 recedit
967 768 1006 808 a
1029 744 1365 823 principali
1387 744 1777 821 obligatione
1795 769 1815 824 ς
1836 750 2012 822 quod
2037 755 2257 807 tamen
2274 790 2293 817 ‚
2312 764 2464 808 cum
2489 748 2752 807 minime
2770 749 2854 808 sit
2879 746 3311 808 necessarium

499 849 564 905 in
579 849 950 918 constituto,
967 855 1043 906 ut
1060 865 1100 907 a
1114 849 1415 916 debitoris
1434 844 1820 921 obligatione
1840 850 2103 908 recedat
2119 849 2535 916 constituens,
2558 849 2738 906 nullo
2758 848 2957 906 modo
2974 846 3308 907 serendum

500 959 639 1003 esse
656 945 912 1004 videtur
932 942 1022 1019 ¹⁶).
1050 945 1155 1021 111)
1176 947 1261 1003 Ac
1281 941 1495 1004 similis
1518 952 1615 1004 est
1638 959 1832 1005 causa
1848 945 2247 1004 mandatoris
2270 941 2369 1019 ²⁷),
2399 950 2858 1018 praeterquam
2887 946 3062 1018 quod
3085 944 3312 1005 fortius

498 1041 696 1100 etiam
716 1085 733 1109 ‚
766 1045 961 1114 quam
991 1043 1221 1116 reliqui
1245 1043 1701 1102 intercessores
1719 1083 1736 1110 ‚
1763 1043 2086 1113 obligatur
2106 1084 2123 1117 ‚
2157 1040 2268 1114 qui
2296 1039 2495 1098 suasit
2521 1040 3000 1113 quodammodo
3019 1081 3037 1108 ‚
3069 1048 3147 1099 ut
3166 1057 3311 1100 cum

499 1140 627 1198 alio
670 1141 1172 1200 contraheretur
1201 1139 1302 1215 ¹⁸),
1350 1150 1488 1200 tum
1517 1157 1674 1201 vero
1715 1144 1855 1216 ipso
1887 1142 2038 1216 jure
2082 1156 2213 1199 non
2257 1136 2489 1200 liberat
2526 1140 2887 1200 debitorem
2926 1142 3305 1213 mandator,

502 1241 807 1311 quoniam
841 1246 1172 1314 tamquam
1215 1259 1290 1300 cx
1332 1244 1645 1302 mandato
1685 1249 1753 1302 et
1796 1260 1912 1301 suo
1945 1242 2141 1316 ipsius
2186 1237 2447 1300 nomine
2490 1241 2753 1300 solvisse
2780 1241 3038 1299 videtur
3071 1241 3128 1318 (S
3165 1243 3301 1301 486.

501 1347 638 1399 not.
682 1339 855 1415 21.).
898 1344 1081 1418 Quod
1121 1343 1171 1400 si
1204 1345 1286 1401 ab
1323 1342 1419 1402 his
1455 1344 1853 1418 discesseris,
1876 1343 2014 1418 ,iam
2043 1343 2196 1402 nihil
2229 1344 2442 1402 obstat
2467 1387 2483 1412 ‚
2522 1358 2656 1415 quo
2695 1344 2904 1401 minus
2939 1344 3022 1400 ad
3051 1358 3306 1418 omnes,

503 1431 875 1509 quicunque
917 1439 1039 1510 pro
1081 1438 1217 1497 aliis
1260 1454 1392 1498 non
1438 1445 1770 1513 tamquam
1818 1435 2319 1513 expromissores
2359 1440 2766 1497 intercedunt
2800 1481 2819 1507 ‚
2869 1439 3307 1513 fidejussorum

502 1545 740 1591 nomen
793 1532 1172 1592 reseramus.
1205 1565 1284 1576 -·
1318 1534 1658 1596 Caeterum
1698 1536 1952 1595 silentio
1990 1550 2122 1595 non
2168 1542 2266 1594 est
2305 1536 2890 1608 praetereundum,
2924 1536 3309 1595 Justinianco

497 1632 646 1706 jure
673 1633 871 1703 magis
893 1631 1089 1691 etiam
1116 1631 1440 1694 efficacem
1471 1636 1694 1695 haberi
1729 1635 2201 1709 fideiussionem
2222 1678 2240 1711 ‚
2269 1649 2439 1708 quae
2466 1632 2720 1706 scriptis
2743 1635 2852 1691 [iat
2873 1677 2890 1705 ‚
2923 1650 3122 1707 quam
3151 1651 3307 1708 quae

503 1732 642 1791 sine
660 1731 911 1805 scriptis
937 1729 1026 1804 ¹⁹).

736 1930 928 2002 5485.
966 1928 1037 2007 C)
1063 1932 1145 1990 Da
1169 1929 1642 1990 intercedentium
1664 1930 1954 2009 personis,
1987 1938 2138 1999 tum,
2165 1947 2342 2010 quam
2368 1930 2434 1990 in
2466 1948 2588 1990 rem
2613 1930 2725 2010 fiat
2748 1930 3091 1990 intercessio.

614 2115 993 2174 nter-cedere
1033 2130 1159 2188 pro
1197 2113 1336 2172 aliis
1379 2119 1678 2187 possunt,
1717 2112 1828 2186 qui
1870 2114 2140 2173 omnino
2164 2114 2271 2188 J'us
2311 2115 2551 2173 habent
2574 2114 3038 2186 obligationum
3065 2121 3305 2174 contra·

508 2210 863 2270 luendarum
879 2252 897 2281 ‚
923 2225 1044 2269 nec
1078 2210 1461 2269 nominatim
1487 2211 1569 2268 ab
1595 2205 2159 2270 intercessionibus
2188 2216 2535 2286 arcentur3
2561 2226 2693 2284 quo
2719 2211 2786 2269 in
2813 2225 3059 2282 genere
3084 2217 3156 2269 et
3182 2223 3305 2268 mu·

507 2314 694 2373 lieres
716 2320 868 2373 sunt
895 2314 962 2389 (§
994 2311 1116 2373 488
1142 2329 1278 2386 seq.
1302 2313 1320 2386 )
1340 2354 1358 2379 .
1392 2319 1460 2371 et
1485 2308 1716 2371 milites
1736 2309 1809 2382 ¹),
1853 2319 1921 2371 et
1957 2312 2176 2372 clerici
2202 2313 2313 2386 qui
2342 2312 2599 2387 quidem
2642 2314 2707 2370 in
2735 2312 3006 2386 publicis
3045 2318 3305 2370 tantum-

512 2411 706 2469 modo
734 2411 943 2468 causis
967 2405 1368 2468 intercedere
1386 2416 1656 2481 possunt
1690 2404 1757 2481 ²).
1794 2407 2089 2466 Similiter
2119 2409 2483 2482 cuicunque
2520 2404 2654 2481 rei,
2685 2408 2801 2467 nisi
2824 2423 2994 2481 quae
3021 2404 3305 2480 singulari

504 2509 654 2581 jnre
691 2510 1000 2583 excipitur
1021 2508 1092 2584 ⁵),
1119 2518 1298 2568 recte
1329 2505 1674 2567 adhibetur
1707 2509 2045 2581 fidejussor
2083 2507 2158 2582 ⁴),
2186 2509 2315 2567 sive
2334 2509 2602 2567 civiliter
2644 2508 2756 2566 illa
2783 2507 2917 2566 sive
2941 2507 3308 2566 naturaliter

509 2611 762 2663 tantum
788 2605 1004 2663 debita
1028 2606 1109 2664 sit
1134 2604 1182 2679 ⁵)
1200 2649 1218 2681 ‚
1246 2601 1305 2663 ei
1331 2619 1590 2678 quoque
1611 2648 1627 2674 ‚
1655 2621 1824 2678 quae
1853 2619 1931 2664 ex
1959 2606 2196 2664 delicto
2214 2602 2412 2673 venit,
2439 2606 2793 2665 dummodo
2811 2605 2895 2663 de
2914 2605 3182 2678 pecunia
3194 2604 3309 2660 sol-

514 2705 725 2764 venda
739 2698 1037 2780 agiturss),
1060 2708 1341 2779 itemque
1370 2705 1625 2765 futurae
1650 2721 1859 2779 aeque
1885 2713 2079 2781 atque
2101 2709 2156 2767 ei
2187 2707 2587 2781 obligationi,
2612 2705 2930 2784 quaejam
2946 2705 3209 2765 debetur
3228 2703 3302 2774 ⁷).

514 2804 725 2859 Potest
755 2801 948 2860 etiam
978 2816 1096 2874 pro
1135 2803 1509 2875 fideiussore
1548 2803 1750 2875 accipi
1785 2804 2122 2874 fidejussor
2146 2800 2224 2871 Ἠ
2279 2811 2517 2863 vocant
2546 2804 3021 2863 succedaneum
3065 2802 3311 2875 fidejus·

515 2914 751 2959 sorem.
782 2901 838 2957 A
867 2917 1001 2975 quo
1030 2902 1221 2959 etiam
1254 2897 1472 2960 differt
1513 2916 1661 2960 cum
1684 2903 2119 2962 indemnitatis
2150 2902 2520 2980 fideiussor,
2553 2915 2625 2967 ut
2657 2909 2895 2962 vocant
2918 2900 2985 2971 9),
3011 2910 3147 2960 tum
3167 2914 3313 2958 vero

516 3000 593 3065 is,
618 2996 730 3072 qui
754 2998 872 3073 ipsi
894 3000 1091 3057 datur
1112 2999 1465 3073 fidejussori
1492 2995 1581 3073 ¹⁰),
1606 3000 1716 3073 qui
1738 3001 1998 3073 quidem
2023 3016 2181 3074 prae
2202 3000 2473 3059 caeteris
2492 2997 2827 3079 Rieckbitrys
2843 3000 3210 3058 nominatur
3224 2993 3307 3069 ¹¹).

1446 3172 1475 3245 S
1504 3176 1644 3235 486.
1679 3175 1751 3251 D)
1788 3174 2263 3234 Intercessionum
2284 3176 2393 3236 vis.

605 3357 1081 3421 intercessionis
1126 3362 1219 3420 vis
1261 3378 1336 3420 ex
1375 3362 1547 3439 ejus,
1596 3363 1769 3435 quod
1811 3358 2249 3436 principaliter
2282 3363 2591 3438 debetur,
2638 3363 3024 3436 plerumque
3076 3365 3172 3419 est
3212 3372 3312 3416 ae-

522 3457 839 3516 stimanda
859 3458 921 3514 vi
938 3465 1135 3533 atque
1165 3453 1409 3516 ambitu
1439 3456 1503 3531 ¹).
1530 3458 1727 3531 Igitur
1750 3464 1817 3516 et
1844 3459 1925 3516 de
1955 3459 2165 3518 usuris
2190 3459 2592 3533 caeterisque
2619 3457 3083 3529 obligationum
3111 3468 3318 3512 acces·

520 3550 801 3612 sionibus
821 3556 1153 3628 fidejussor
1183 3560 1442 3611 tenetur
1461 3550 1534 3629 ²),
1559 3561 2017 3628 praeterquam
2042 3556 2090 3612 si
2122 3550 2211 3612 ita
2238 3555 2357 3612 sibi
2382 3555 2551 3613 cavit
2567 3597 2586 3630 ‚
2616 3562 2690 3612 ut
2714 3556 2888 3613 ultra
2913 3550 3319 3628 principalem

582 3741 666 3801 16)
683 3744 954 3792 Zimmarn
977 3746 1010 3791 l.
1035 3746 1071 3791 l.
1096 3757 1144 3803 p.
1159 3742 1257 3791 279
1277 3756 1383 3803 sqq.
1951 3747 2001 3790 ct
2022 3746 2076 3790 L.
2094 3743 2143 3791 6.
2169 3746 2220 3790 L.
2245 3743 2357 3792 127.
2382 3745 2436 3790 D.
2458 3743 2527 3791 de
2546 3745 2618 3792 V.
2645 3743 2884 3803 0.,(x1.v‚
2910 3740 2979 3800 1.)
3001 3766 3065 3777 ·-
3086 3742 3142 3789 1..
3166 3736 3247 3785 25.
3270 3737 3320 3783 D.

584 3805 662 3864 11)
705 3808 756 3853 1..
779 3808 863 3855 28.
904 3811 959 3856 C.
1001 3808 1054 3854 Ιι.
1080 3812 1118 3854 t.
1142 3807 1159 3863 (
1181 3808 1249 3854 cf.
1271 3808 1544 3854 Ze‘mmern
1575 3807 1613 3853 l.
1633 3808 1670 3853 Ι.
1701 3820 1750 3865 p.
1794 3804 1890 3853 5162
1952 3807 2005 3853 Ιι.
2028 3810 2086 3868 t.;
2112 3805 2268 3862 3550.
2292 3811 2396 3853 not.
2422 3808 2542 3865 w.).

523 3881 598 3927 sq.
633 3881 707 3914 nr.
731 3867 819 3927 4.).
856 3893 916 3903 --
952 3872 1005 3917 L.
1038 3868 1089 3917 7.
1139 3871 1190 3915 in
1224 3869 1259 3915 f.
1301 3873 1354 3916 D.
1398 3871 1466 3917 de
1506 3867 1746 3926 fidejuss.
1786 3871 1887 3915 lut.
2015 3868 2065 3925 6)
2126 3870 2177 3916 1..
2231 3868 2280 3917 8.
2334 3872 2361 3926 S
2410 3866 2462 3915 5.
2529 3870 2585 3916 L.
2616 3866 2699 3916 56.
2752 3869 2781 3924 ς
2812 3869 2864 3914 3.
2940 3868 2996 3913 1..
3040 3864 3125 3913 7⁰.
3206 3865 3233 3919 S
3279 3858 3324 3907 5·

523 3933 539 3987 (
567 3932 751 3981 xxvtl.
773 3932 861 3990 7.)
895 3958 955 3969 --
989 3934 1043 3980 L.
1078 3930 1127 3979 ὅ.
1160 3934 1215 3979 C.
1243 3933 1312 3981 de
1328 3944 1446 3991 pec.
1468 3938 1641 3979 conse.
1666 3933 1766 3988 (lv,
1791 3931 1890 3990 18.)
1956 3934 2011 3978 D.
2038 3932 2089 3979 Ιι.
2113 3937 2149 3980 t.

524 3994 706 4041 -Νον,
731 3993 780 4041 4.
803 4009 848 4042 c.
875 3994 922 4042 1.
2017 3993 2064 4045 7)
2088 3997 2139 4042 L.
2165 3991 2213 4041 4.
2238 3993 2291 4040 L.
2313 3991 2361 4040 6.
2387 3993 2478 4048 82.
2502 3991 2620 4040 1..7.
2643 3994 2696 4040 1..
2718 3989 2798 4039 16.
2819 3992 2847 4046 S
2866 3990 2918 4037 5.
2943 3992 2999 4037 l).
3017 3990 3071 4037 Ιι.
3095 3993 3134 4037 t.

587 4054 667 4111 18)
710 4058 738 4112 S
779 4056 828 4105 6.
854 4058 906 4106 iu
927 4059 965 4104 Β.
999 4060 1036 4104 1.
1068 4057 1140 4103 do
1171 4057 1443 4105 mandato,
1480 4080 1543 4093 -—
1578 4057 1687 4103 Vid.
1717 4057 1743 4110 S
1778 4052 1891 4103 486.
2018 4055 2067 4113 8)
2092 4060 2144 4104 l..
2168 4056 2219 4102 8.
2241 4058 2267 4110 S
2292 4056 2371 4101 12.
2391 4057 2443 4102 1..
2467 4054 2547 4102 27.
2576 4058 2601 4110 S
2623 4055 2672 4102 2.
2692 4061 2742 4101 et
2763 4051 2811 4101 ⁴.
2838 4055 2893 4100 D.
2915 4054 2968 4100 Ιι.
2994 4060 3033 4102 Ι.

525 4123 628 4164 not.
649 4117 728 4165 15.
2018 4120 2068 4177 D)
2085 4125 2140 4167 C.
2166 4116 2428 4165 Thomasil
2467 4120 2524 4165 1).
2544 4119 2611 4165 de
2629 4117 2949 4178 fidejussore
2967 4115 3334 4165 indemnitatis

589 4177 671 4238 19)
711 4183 763 4228 L.
788 4180 868 4229 27.
910 4185 964 4230 C.
987 4183 1039 4230 h.
1063 4184 1103 4229 t.
1128 4181 1350 4240 (cujacii
1367 4182 1475 4230 obs.
1510 4184 1613 4231 xlx
1642 4214 1658 4242 ‚
1678 4181 1799 4240 aa).
1834 4205 1897 4215 -
1962 4181 2101 4238 (Diss.
2122 4183 2293 4228 acadd.
2317 4181 2376 4238 ll,
2398 4178 2526 4239 62.);
2550 4180 2634 4238 (cf,
2656 4182 2681 4236 S
2703 4192 2804 4237 seq.
2826 4183 2932 4227 not.
2956 4178 3107 4228 izin
3130 4184 3215 4240 f.)-

527 4244 578 4289 L.
601 4242 680 4290 23.
698 4247 753 4292 C.
772 4246 891 4292 eod.
2026 4244 2107 4303 10)
2123 4247 2175 4291 L.
2200 4242 2247 4290 4.
2274 4256 2347 4302 pr.
2376 4243 2431 4289 D.
2453 4242 2504 4289 Ιι.
2528 4248 2566 4290 t.

2026 4306 2101 4366 11)
2120 4309 2311 4353 Caeler.
2333 4307 2394 4349 de
2416 4306 2628 4351 nominis
2649 4305 2696 4351 vi
2722 4304 3111 4363 haudquaquam
3136 4307 3271 4351 inter
3290 4316 3337 4349 sc

1160 4371 1186 4425 S
1218 4366 1332 4417 ⁴85.
1961 4371 2268 4415 consentiunt
2318 4368 2593 4424 scriptores.
2620 4391 2676 4400 —
2712 4367 2789 4413 Cf.
2832 4367 3074 4426 Weniny
3132 4370 3240 4414 Cir.
3283 4367 3337 4411 lt.

1961 4432 2084 4477 nath
2111 4431 2267 4479 Heise
2288 4429 2416 4477 Buch
2459 4432 2542 4477 111.
2596 4432 2623 4485 S
2663 4426 2776 4478 561.
2818 4436 2871 4477 et
2912 4429 3146 4477 Thibaut
3190 4429 3340 4477 Pand.

591 4491 637 4545 1)
658 4494 710 4539 L.
733 4490 782 4540 8.
804 4496 830 4550 s
854 4492 897 4540 1.
919 4495 974 4539 D.
997 4491 1093 4551 qui
1110 4492 1297 4541 sau'sd.
1320 4505 1433 4554 ουρ.
1456 4494 1536 4555 (ll,
1559 4491 1629 4551 8.)
1653 4518 1713 4528 --
1733 4497 1788 4542 L.
1811 4496 1893 4543 31.
1959 4496 1986 4549 s
2019 4493 2131 4541 611.

527 4558 579 4602 C.
598 4555 669 4601 de
689 4555 786 4604 loc.
805 4556 964 4603 cond.
987 4557 1087 4615 (lv,
1108 4555 1210 4615 65.)

589 4618 636 4675 2)
659 4620 779 4664 Nov.
805 4619 912 4665 123.
937 4631 982 4665 c.
1002 4617 1052 4665 6.
2598 4618 2624 4672 S
2649 4613 2762 4664 486.

588 4680 636 4734 2)
675 4681 782 4728 vid.
818 4684 937 4728 cod.
972 4680 1202 4742 (nm.)
1237 4692 1306 4729 ne
1324 4680 1670 4738 fidejussores
1692 4680 1896 4729 dolium

526 4744 742 4789 dentur.
2025 4745 2071 4800 1)
2106 4745 2156 4790 L.
2182 4744 2229 4789 4.
2253 4744 2302 4789 in
2324 4744 2359 4789 i.
2402 4742 2455 4788 L.
2494 4739 2576 4789 56.
2600 4742 2627 4796 S
2660 4743 2711 4789 2.
2742 4743 2794 4787 L.
2836 4739 2918 4788 58.
2961 4754 3035 4798 pr.
3063 4744 3127 4787 D.
3151 4742 3206 4787 Ιι.
3232 4745 3272 4787 t.
3292 4765 3343 4773 —-

591 4803 638 4851 4)
664 4807 715 4850 l..
732 4802 780 4851 8.
804 4809 829 4859 S
845 4804 893 4853 6.
916 4808 966 4853 D.
987 4806 1040 4851 Ιι.
1061 4808 1098 4853 t.
1128 4834 1184 4841 —
1209 4810 1259 4855 L.
1283 4806 1363 4857 68.
1386 4822 1459 4868 pr.
1480 4809 1598 4855 eod.
1645 4833 1698 4842 —
1737 4808 1790 4853 Ι..
1816 4806 1893 4857 17.
1962 4808 2011 4854 L.
2035 4806 2116 4852 52.
2143 4819 2216 4864 pr.
2243 4808 2296 4851 D.
2317 4808 2384 4853 de
2405 4804 2544 4851 adm.
2565 4809 2748 4862 ceper.
2771 4807 2868 4850 tut.
2895 4805 3101 4862 (xxvxi,
3122 4803 3346 4861 7.)-(31.

529 4868 554 4921 s
578 4867 655 4913 15.
681 4870 735 4914 υ.
758 4869 834 4915 αα
850 4869 1098 4925 municip.
1124 4873 1198 4928 (1.,
1224 4872 1286 4926 ι.)
1863 4861 1881 4883 ·
1960 4870 2012 4916 1..
2037 4868 2085 4915 5.
2113 4866 2264 4915 Ι..19.
2288 4872 2343 4916 1..
2361 4868 2440 4916 24.
2467 4871 2521 4914 c.
2546 4866 2598 4914 Ιι.
2624 4872 2666 4914 e.

591 4930 793 4991 5)§1.1.
817 4932 868 4977 L.
892 4932 1065 4988 mss.
1085 4934 1205 4980 1.).Ιι.
1223 4935 1355 4990 t.(cf.
1372 4947 1513 4994 supra
1534 4938 1558 4992 S
1579 4933 1688 4982 550.
1705 4930 1894 4993 not.(i.‚
2022 4933 2070 4990 Β)
2106 4934 2156 4978 L.
2173 4930 2254 4979 54.
2276 4945 2352 4992 pr.
2378 4934 2433 4979 D.
2457 4930 2525 4978 de
2546 4931 2644 4977 loc.
2665 4931 2813 4989 (xm,
2831 4929 2964 4986 2.)—
2986 4931 3036 4977 L.
3060 4930 3151 4979 24.
3174 4933 3203 4986 ε
3231 4928 3276 4976 1.
3294 4929 3347 4972 D.
