3544 5506
925 366 1064 410 car.
1107 368 1171 410 v.
1213 369 1291 412 ιιιι
1329 369 1468 412 sun.
1509 369 1581 411 m·
1620 329 1936 413 concussu
1976 371 2047 413 m·
2086 372 2430 417 comrcru.
2964 371 3079 428 159

839 494 866 567 §
905 494 1037 552 168.
1082 496 1129 551 Ι.
1172 498 1262 554 De
1286 497 1543 560 jurt'um
1583 498 1751 554 inter
1780 500 2004 569 plures
2040 503 2487 559 communione.

328 654 492 713 Fieri
533 650 829 729 pluribus
869 655 1074 714 modis
1115 662 1367 732 potest,
1392 664 1467 715 ut
1511 659 1739 718 eadem
1755 673 1871 719 -res
1900 656 2199 735 idemque
2214 662 2320 736 jns
2348 658 2430 721 ad
2468 662 2750 723 diversos
2788 666 3075 729 homines

251 755 433 814 simul
461 753 806 829 pertineat·
886 758 960 813 Et
969 759 1258 829 primum
1284 757 1544 830 quidem
1567 754 1655 816 ita
1679 802 1697 831 ,
1719 766 1795 817 ut
1832 757 2050 833 plures
2085 762 2372 821 homines
2410 770 2743 836 tamquam
2765 781 2895 825 una
2929 784 3075 841 per-

252 866 411 910 sona
449 853 982 928 considerentur3
1020 867 1189 925 quae
1221 853 1482 926 quidem
1505 869 1608 913 res
1649 855 1843 914 efficit
1867 898 1885 930 ,
1910 862 1984 913 ut
2018 871 2150 914 non
2177 857 2571 930 singulorum
2612 854 2739 917 sint
2761 860 2911 934 jura
2932 906 2949 932 ,
2991 866 3074 924 de

252 951 483 1023 quibus
524 952 886 1030 quaeritur,
916 953 1028 1011 sed
1080 947 1276 1028 ipsius
1319 953 1748 1014 universitatis
1779 954 1797 991 ¹
1820 953 1867 1030 )‚
1920 958 2335 1029 quantumvis
2376 973 2527 1017 usus
2570 973 2799 1018 eorum
2853 968 3075 1034 pateat

251 1047 513 1119 singulis
536 1043 609 1124 2).
640 1054 871 1112 Deinde
898 1048 1024 1107 hoc
1051 1050 1247 1107 modo
1271 1091 1289 1123 ,
1323 1056 1397 1107 ut
1431 1049 1657 1122 singuli
1686 1057 1902 1123 partes
1936 1066 2056 1124 pro
2095 1048 2362 1112 indiviso
2390 1054 2670 1113 habeant
2698 1051 2783 1129 ³),
2814 1057 2945 1116 sive
2975 1054 3073 1119 in-

249 1141 525 1206 ciderint
570 1147 636 1205 in
700 1161 842 1205 eam
885 1148 1414 1207 communionem
1440 1189 1458 1217 ,
1504 1149 1633 1209 sive
1689 1151 1969 1210 societas.
1992 1158 2104 1226 ,ut
2150 1152 2417 1225 quidem
2482 1155 2737 1227 proprie
2790 1156 3023 1216 dicitur
3047 1203 3063 1230 ‚

251 1238 420 1301 inter
470 1243 615 1302 illos
655 1243 1014 1302 intercedat
1040 1239 1122 1317 ⁴).
1211 1245 1340 1302 Tali
1394 1241 1612 1319 itaque
1678 1245 2142 1305 interveniente
2191 1249 2678 1316 communione,
2725 1246 3071 1327 unicuique

248 1357 430 1402 suam
479 1343 673 1417 ipsius
693 1340 955 1417 'partem
1013 1345 1095 1403 ad
1146 1344 1305 1404 alios
1347 1345 1778 1404 transferendi
1827 1347 2206 1420 plerumque
2280 1355 2562 1424 potestas
2616 1345 2803 1419 est⁵)‚
2853 1366 3065 1427 neque

250 1456 408 1500 vero
449 1442 615 1501 alter
643 1441 840 1502 invito
885 1444 1095 1501 altero
1115 1442 1179 1500 in
1209 1457 1283 1501 re
1311 1440 1637 1503 communi
1685 1442 1903 1505 facere
1938 1446 2288 1520 quidquam
2311 1453 2551 1521 potest,
2584 1448 2761 1521 quod
2807 1452 3067 1523 quidem

248 1544 485 1597 noceat
529 1535 806 1614 socio⁶)‚
851 1539 1169 1612 itemque,
1232 1555 1399 1612 quae
1451 1541 1575 1599 litis
1612 1556 1810 1599 causa
1851 1557 1891 1599 a
1919 1541 2175 1614 singulis
2205 1541 2373 1603 sacta
2419 1550 2843 1617 susceptaque
2882 1554 3063 1618 sunt,
3088 1612 3108 1635 ⁸

247 1639 544 1714 reliquis,
600 1634 884 1712 quinon
923 1641 1402 1712 consenserint,
1451 1637 1588 1701 sere
1633 1657 1757 1701 nec
1793 1649 2036 1703 nocent
2067 1687 2083 1715 ‚
2128 1660 2250 1705 nec
2297 1644 2668 1721 prosunt7).
2726 1647 3067 1704 Praeterea

248 1735 444 1792 etiam
471 1734 557 1792 ad
579 1735 795 1807 plures
816 1736 882 1793 in
911 1735 1185 1816 solidum
1215 1732 1243 1771 ⁸
1265 1734 1284 1810 )
1308 1737 1414 1810 jus
1451 1738 1710 1810 aliquod
1741 1738 2065 1811 pertinere
2095 1748 2345 1818 potest3
2372 1742 2564 1816 idque
2586 1735 2822 1813 duplici
2846 1738 3064 1798 mode.

245 1826 516 1904 Quoties
536 1830 707 1888 enim
727 1832 1135 1892 commodum
1161 1846 1354 1890 omne
1389 1832 1784 1908 utilitasque,
1833 1849 1999 1907 quae
2028 1850 2106 1894 ex
2132 1851 2204 1894 re
2233 1838 2446 1910 aliqua
2473 1835 2716 1910 percipi
2756 1834 2919 1892 solet
2941 1879 2957 1906 ‚
2989 1847 3068 1892 ex

245 1942 322 1987 eo
339 1944 577 2001 genere
609 1936 728 2004 est,
752 1936 825 1988 ut
841 1931 1120 2004 plurium
1141 1931 1566 2004 aequabiliter
1582 1947 1716 1991 esse
1743 1935 1960 2006 possit,
1978 1949 2200 1994 omnes
2213 1951 2292 1994 eo
2309 1937 2373 1994 in
2392 1937 2663 1995 solidum
2685 1939 2950 1991 utentur
2964 1927 3021 2005 ⁹)
3040 1949 3060 2009 3

244 2020 338 2084 sin
366 2017 600 2099 minus,
619 2028 893 2086 solidum
915 2028 966 2086 is
986 2033 1441 2101 consequetur,
1460 2029 1567 2101 qui
1589 2025 1899 2087 industria
1926 2045 2042 2088 sua
2065 2037 2471 2091 caeterorum
2491 2046 2673 2090 usum
2695 2026 3065 2102 praevertit:

243 2123 346 2178 cui
382 2123 649 2196 quidem
689 2119 906 2183 similis
949 2131 1043 2184 est
1069 2124 1348 2201 plurium
1382 2125 1445 2182 in
1477 2123 1752 2183 solidum
1793 2126 2091 2198 obligatio
2114 2125 2207 2202 ¹⁰).
2247 2129 2526 2200 Denique
2562 2142 2709 2187 cum
2760 2124 2855 2182 rei
2898 2123 3068 2182 inter

246 2217 461 2288 plures
509 2219 748 2286 divisae
783 2219 935 2293 jura
967 2222 1284 2295 quaedam
1336 2214 1669 2292 officiaque
1715 2221 2104 2295 cohaerent,
2130 2239 2252 2283 nec
2301 2238 2378 2282 ea
2422 2227 2640 2281 tamen
2696 2216 3065 2280 divisionem

246 2313 594 2392 recipiant,
643 2321 782 2373 tum
816 2316 1048 2388 singuli
1097 2330 1180 2375 ne
1210 2331 1332 2389 pro
1364 2330 1481 2373 sua
1519 2315 1778 2388 quidem
1806 2324 1993 2390 parte
2021 2319 2101 2394 de
2138 2317 2448 2394 ejusmodi
2484 2314 2736 2390 juribus
2780 2319 3067 2373 statuere

250 2420 510 2484 possunt
537 2411 654 2490 ¹¹),
683 2431 838 2474 usus
859 2417 1220 2475 individuus
1249 2415 1668 2489 omnibusque
1695 2412 2096 2489 promiscuus
2122 2425 2216 2477 est
2238 2462 2256 2494 ‚
2295 2418 2581 2478 actiones
2607 2431 2762 2476 vero
2795 2456 2811 2484 ‚
2836 2425 3066 2471 eorum

255 2508 498 2582 jurium
519 2517 910 2575 tuendorum
940 2532 1136 2577 causa
1156 2523 1574 2591 comparatae
1592 2558 1609 2587 ,
1634 2516 1716 2574 ab
1743 2533 2142 2592 unoquoque
2170 2520 2233 2577 in
2257 2519 2528 2578 solidum
2552 2522 2935 2577 exercentur
2965 2504 3057 2575 ¹²).

740 2677 766 2749 5
794 2675 927 2737 169.
954 2681 1030 2735 11.
1071 2679 1328 2735 Jurz'um
1352 2678 1444 2735 ad
1450 2679 1672 2749 plures
1685 2681 2108 2750 spectantium
2126 2676 2575 2755 confitentem.-

328 2838 484 2897 Cum
512 2833 735 2899 incidit
755 2830 1087 2898 contentio
1113 2845 1310 2912 atque
1340 2835 1742 2913 comparatio
1762 2856 1781 2894 ε
1824 2854 1902 2899 ex
1923 2841 2171 2902 duabus
2192 2839 2361 2900 forte
2382 2834 2596 2900 causis
2624 2883 2641 2912 ,
2684 2844 2831 2896 utra
2877 2839 3063 2901 alteri

243 2933 323 2996 sit
349 2938 834 3011 praeterenda?
875 2935 1160 3012 primum
1195 2934 1491 2999 omnium
1530 2933 1879 2998 videndum
1926 2947 2023 3000 est
2050 2987 2067 3014 ,
2097 2957 2254 3000 num
2289 2935 2551 2999 omnino
2597 2934 2761 2996 inter
2782 2953 2857 2997 se
2904 2934 3065 3014 pug-

244 3034 468 3098 nantia
489 3036 622 3099 sint
640 3039 792 3114 jura
822 3037 862 3114 ¹)
886 3043 910 3096 Ρ
950 3036 1204 3101 Deinde
1233 3039 1873 3100 animadvertendum
1900 3058 1916 3096 ε
1948 3036 2114 3099 sitne
2136 3041 2275 3115 ejus
2300 3036 2549 3113 generis
2576 3039 2783 3099 altera
2825 3053 3017 3099 causa
3041 3085 3059 3112 ,
3096 3128 3099 3131 Ἴ

859 3203 887 3256 ς
908 3198 1019 3249 168.

307 3262 355 3318 ι)
378 3263 433 3309 ι..
468 3261 568 3320 ας
592 3260 637 3310 ¹.
663 3262 936 3312 ααωυ.
964 3274 1072 3311 rer.
1097 3264 1167 3323 (ι,
1195 3260 1265 3322 s.)
1289 3258 1550 3316 -ι..7.ς
1574 3263 1623 3310 1.

238 3326 298 3371 D.
321 3324 475 3382 quod
490 3330 704 3385 cujusq.
724 3325 871 3374 univ.
907 3327 1253 3385 nondnehlll,
1273 3321 1363 3381 4.)
1405 3348 1463 3358 -
1502 3323 1624 3372 1..1.

239 3391 269 3443 s
287 3385 342 3434 7.
363 3388 418 3434 in
432 3387 473 3434 f.
499 3392 556 3436 D.
580 3388 648 3436 de
666 3388 1263 3447 quemdadmmvlu,
1284 3382 1384 3442 18.)

305 3452 354 3509 2)
380 3449 436 3496 1..
459 3452 508 3498 1.
533 3453 590 3498 D.
614 3451 685 3497 de
704 3451 799 3499 loe.
823 3450 1117 3499 etitinenib.
1132 3451 1279 3509 publ.
1304 3448 1321 3503 (
1343 3448 1505 3506 xmll,
1527 3446 1575 3495 7.
1600 3446 1619 3506 )

235 3513 495 3631 531..sz
516 3515 565 3560 2.
585 3515 737 3621 ohne
755 3514 889 3573 quid
904 3515 960 3562 in
979 3514 1092 3562 loco
1111 3514 1257 3573 publ.
1279 3512 1398 3568 fiat.
1420 3511 1437 3567 (
1456 3512 1619 3571 x1.111,

276 3608 293 3620 .
334 3599 398 3609 -
466 3608 481 3620 .
505 3580 614 3623 not.
673 3608 687 3621 .
1348 3581 1352 3585 ’

302 3638 353 3694 3)
375 3638 432 3683 1..
466 3635 518 3685 5.
535 3640 589 3685 D.
613 3637 683 3684 de
701 3636 881 3694 stipat.
900 3647 1041 3686 serv.
1056 3639 1213 3695 (XLV,
1234 3635 1305 3696 3.)
1325 3658 1390 3670 —
1406 3632 1481 3680 ef.
1499 3630 1615 3683 1..8.

237 3701 300 3745 D.
323 3700 393 3745 de
421 3702 485 3746 Β.
510 3702 583 3747 V.
603 3700 713 3755 (Vl,
731 3702 880 3757 1.),-
904 3702 1014 3749 vid.
1039 3702 1171 3748 infra
1188 3703 1350 3749 locum
1382 3698 1444 3745 de
1474 3699 1619 3747 rehu·

233 3762 454 3808 dividuis
476 3766 528 3808 et
548 3762 816 3809 individuis
838 3766 865 3820 3
884 3761 994 3811 224
1021 3802 1024 3805 .

303 3823 354 3881 4)
379 3825 435 3871 Ι..
456 3821 538 3869 31.
563 3826 619 3871 Ι).
636 3836 740 3881 pro
759 3837 869 3873 soe.
890 3827 1052 3884 (xvll,
1075 3823 1144 3883 Ξ.)

303 3886 354 3944 5)
369 3889 429 3933 1..
448 3884 501 3933 5.
523 3888 581 3934 c.
598 3886 950 3935 decommum
973 3899 1081 3935 rer.
1104 3887 1329 3936 alienat.
1349 3886 1366 3941 (
1387 3886 1479 3944 lv,
1496 3881 1577 3931 52.
1600 3884 1617 3941 )

240 3950 297 3995 1..
322 3948 406 3996 15.
423 3950 449 4003 S
469 3945 549 3995 17.
572 3950 628 3994 D.
650 3949 720 3996 de
750 3961 803 3998 a.
825 3962 873 3997 e.
893 3962 946 3997 v.
966 3950 1120 4011 (xlx,
1142 3950 1210 4008 1.)
1236 3972 1298 3982 —
1321 3948 1397 3996 Cf.
1439 3949 1493 3995 1..
1534 3948 1617 3995 81.

237 4012 352 4058 init.
385 4013 445 4057 D.
468 4022 574 4067 pm
590 4022 697 4059 coe.

303 4072 358 4130 6)
381 4075 437 4120 1..
459 4071 823 4122 ffi-Ecomm.
846 4073 953 4122 dlv.
977 4077 1039 4133 X,
1075 4072 1128 4122 ὅ.
1152 4098 1212 4108 -
1234 4074 1251 4131 (
1273 4074 1368 4120 «in
1391 4085 1445 4119 re
1484 4072 1617 4120 enim

339 4138 350 4147 '
375 4147 443 4194 po
480 4146 620 4182 orem
634 4147 948 4184 camnnesse
968 4137 1271 4196 prohibentis
1293 4137 1615 4193 constat..)-

240 4147 355 4192 ἓ

240 4199 277 4243 t·-

487 4271 563 4306 ω’.
587 4261 721 4307 univ.
734 4263 794 4308 Τ.
814 4262 866 4309 1.
887 4262 992 4310 obs.
1010 4260 1418 4310 125.—-Seruben
1439 4261 1612 4310 recbtl.

237 4259 482 4315 Ξ

239 4324 340 4370 t

238 4385 483 4492 {haveat
503 4388 692 4494 quala-est.
714 4386 821 4494 obs5.
842 4384 977 4443 187.)
1013 4411 1076 4421 --
1095 4387 1206 4435 vid.
1233 4390 1401 4434 tamen
1436 4386 1612 4496 1212.

237 4480 315 4555 ab
324 4449 749 4566 mbr-2335}
745 4447 1616 4572 (v131'‚⁵n¹›.‘'3·-¹i'.¹i'5'‘.'s⁸1‘'.⁶fsa¹.;·s.'{²›i

249 4573 315 4617 U.
337 4573 483 4627 (vill.
505 4573 575 4630 2.)
596 4598 658 4606 -
681 4573 735 4619 1..
753 4571 804 4620 2.
825 4575 879 4620 C.
902 4573 971 4620 de
986 4585 1251 4622 commun.
1271 4584 1378 4621 rer.
1402 4575 1565 4623 alien.

304 4632 354 4692 7)
378 4632 783 4690 1..5.36.1).de
809 4637 866 4682 0.
891 4638 1544 4696 N.N.(xxx1x,1.)-1..
1568 4634 1620 4682 9.

1853 3152 1870 3175 0

1687 3198 1767 3248 68.
1789 3201 1808 3259 )
1828 3226 1891 3234 -
1915 3202 1966 3248 C.
1988 3201 2191 3249 Mae-tin
2212 3212 2260 3248 v.
2284 3202 2372 3249 der
2393 3201 2569 3249 recbtl.
2603 3201 2711 3247 Nat.
2735 3199 2786 3246 d.
2823 3198 3063 3257 streitge-

1693 3264 2032 3312 nossensehaft
2053 3263 2306 3322 (Magus.
2330 3266 2424 3311 den
2448 3276 2581 3323 gem.
2604 3267 2642 3309 t.
2665 3262 2884 3319 burget-l.
2901 3263 3064 3322 Pron„

1687 3325 1977 3384 herausgeg.
1999 3339 2095 3375 von
2120 3326 2330 3375 Martia
2363 3339 2414 3374 ιι.
2442 3325 2641 3376 Waoelz
2663 3326 2737 3372 St.
2765 3325 2801 3370 l.
2826 3325 2885 3371 ll.
2910 3326 2993 3373 ΝΡ.
3019 3327 3062 3371 l.

1742 3448 1793 3508 8)
1816 3449 1889 3497 Cl'.
1912 3453 2068 3513 Huqo
2088 3452 2282 3501 civilist.
2307 3452 2494 3508 Magaz.
2517 3449 2597 3495 IV.
2624 3460 2675 3506 p.
2706 3446 2802 3496 250
2822 3458 2930 3505 sqq.

1744 3511 1794 3570 9)
1814 3513 1865 3558 1..
1882 3512 1933 3559 5.
1957 3518 1984 3571 g
2006 3514 2084 3562 15.
2107 3517 2162 3561 D.
2186 3514 2444 3562 commod.
2465 3512 2614 3571 (xlll,
2633 3509 2715 3568 6.)
2747 3536 2809 3546 —
2829 3509 2877 3567 (u
2901 3510 3052 3558 Usum

1683 3574 1877 3633 balnei,
1896 3579 1970 3626 vel
1994 3578 2238 3636 porticus,
2258 3577 2333 3625 vel
2354 3575 2512 3632 campi
2538 3607 2554 3632 ‚
2592 3574 2979 3630 uniuscujusque
3010 3574 3061 3619 in

1682 3638 1895 3684 solidum
1916 3651 2038 3699 esse,
2059 3649 2234 3699 neque
2251 3637 2388 3685 enim
2412 3637 2592 3684 minus
2613 3647 2697 3684 me
2720 3634 2818 3691 uti,
2841 3634 2992 3691 quod
3005 3638 3064 3682 et

1683 3700 1823 3748 auus
1841 3700 2319 3750 utereturm-Vid,
2345 3702 2519 3746 Haase
2534 3699 2691 3746 Revis.
2712 3700 2762 3746 d.
2789 3697 3060 3767 Theoi-icy.

1684 3763 1734 3810 d.
1770 3761 1896 3811 ehel.
1932 3766 2046 3812 Gut.
2073 3762 2379 3812 Gemeinscb.
2399 3763 2425 3816 S
2448 3760 2526 3808 10.
2551 3774 2599 3819 p.
2622 3759 2722 3819 17.)
2746 3785 2802 3794 —-
2827 3760 2882 3804 1..
2902 3756 2983 3805 30.
3004 3770 3057 3804 ιιι

1686 3822 1723 3869 f.
1748 3826 1804 3872 D.
1825 3824 1960 3885 sam.
1982 3825 2166 3875 ercisc.
2186 3826 2264 3885 (X,
2285 3826 2355 3882 2.)
2379 3839 2406 3867 u
2440 3823 2669 3881 religiosa
2701 3825 2809 3869 loca
2842 3821 2894 3865 in
2925 3819 3061 3875 sudi-

1681 3886 1811 3934 cium
1829 3901 1926 3937 non
1948 3890 2143 3945 deduci,
2161 3898 2429 3945 eorumque
2457 3886 2537 3943 ius
2574 3885 2775 3943 singulis
2797 3881 3063 3928 heredibus

1682 3948 1733 3995 in
1757 3950 1962 3998 solidum
1981 3956 2275 4009 competere.
2300 3965 2327 3992 D

1748 4012 1828 4072 1⁰)
1850 4015 1904 4061 L.
1918 4015 1968 4061 2.
1992 4017 2048 4060 D.
2072 4013 2139 4061 de
2158 4012 2319 4061 duob.
2342 4009 2449 4057 reis
2468 4006 2682 4055 constit.
2700 4005 2835 4065 (XLV
2856 4036 2872 4064 ‚
2893 4003 2964 4064 2.)
2997 4026 3060 4040 —-

1683 4078 1733 4123 1..
1756 4075 1865 4122 192.
1891 4078 1943 4122 D.
1971 4076 2040 4123 de
2061 4078 2307 4135 roffijur.

1745 4138 1821 4194 11)
1842 4139 1895 4185 1..
1918 4137 1997 4185 5⁴.
2019 4140 2074 4185 D.
2094 4138 2165 4184 de
2179 4139 2232 4184 S.
2252 4138 2315 4183 P.
2340 4134 2402 4180 R.
2426 4131 2595 4189 (vill,
2618 4131 2708 4188 5.)
2748 4155 2803 4164 —
2827 4127 2903 4175 Cf.
2928 4126 3058 4175 inira

283 4233 299 4244 .
320 4201 370 4245 1.
411 4199 466 4245 C.
490 4196 754 4246 decomm.
778 4210 885 4247 rer.
918 4200 1136 4248 alienat.
1157 4188 1269 4255 (cf.
1304 4196 1627 4255 Pufendorl'
1680 4202 1706 4255 s
1739 4199 1853 4247 279.
1876 4201 1956 4247 Νι.
1977 4199 2027 4246 6.
2450 4218 2458 4229 =

1745 4261 1821 4320 ιε»)
1842 4263 1894 4307 ι..
1916 4259 1991 4308 17.
2019 4263 2074 4307 ι).
2096 4258 2163 4306 de
2181 4258 2361 4306 servu.
2387 4255 2528 4312 (vlu,
2550 4254 2620 4311 1.)
2644 4277 2704 4287 —
2728 4255 2781 4302 L.
2807 4254 2854 4300 4.
2878 4256 2905 4310 ς
2926 4254 2973 4300 3.
2998 4250 3049 4301 4.

343 4356 359 4370 .
383 4324 445 4369 Τ.
468 4322 621 4369 V.Nr.
645 4321 970 4382 aliquibus
989 4324 1214 4373 dissentit
1228 4326 1354 4371 af.
1373 4321 1620 4372 Homnae!
1678 4325 1730 4370 1..
1752 4322 1802 4371 6.
1822 4326 1848 4379 s
1869 4322 1919 4371 4.
1937 4326 1992 4370 D.
2013 4321 2060 4369 si
2079 4332 2219 4369 serv.
2240 4318 2384 4368 vind.
2408 4317 2551 4376 (Vlll,
2568 4313 2638 4373 5.)

2299 4414 2326 4468 S
2347 4407 2458 4458 169·

1745 4510 1803 4567 (')
1824 4510 1968 4557 Sam-
1989 4505 2149 4564 Stark
2170 4508 2226 4553 D.
2249 4506 2310 4553 de
2326 4506 2437 4563 jure
2450 4502 2741 4560 privilegiati
2768 4506 2937 4549 contra
2960 4506 3057 4562 pri-

1682 4573 1981 4630 vilegiatum.
2005 4569 2134 4619 Frcf.
2157 4566 2299 4617 1684.
2324 4568 2455 4614 —J.
2477 4568 2543 4612 Η.
2573 4566 2624 4613 C.
2648 4564 2856 4613 Laidem
2876 4568 3062 4615 nabere

1685 4640 1816 4684 Betr.
1832 4634 1882 4680 d.
1904 4634 2056 4681 Lehre
2073 4644 2167 4681 von
2189 4632 2238 4679 d.
2266 4636 2572 4677 Concurrent
2593 4627 2840 4675 mehrerer
2859 4631 3065 4678 Privile-

242 4708 322 4753 μ’.
339 4699 400 4744 D.
421 4696 596 4746 decib.
618 4697 854 4755 emal
877 4699 982 4759 xL,
1001 4696 1117 4752 12.)
1144 4721 1205 4732 —-
1237 4698 1290 4745 L.
1315 4710 1403 4747 un.
1432 4700 1486 4746 C.
1505 4699 1553 4747 si
1570 4699 1626 4745 in
1689 4700 1798 4758 gien
1816 4698 1885 4755 (in
1924 4699 2108 4752 Koppe
2141 4693 2466 4743 medei-sacha.
2494 4690 2668 4737 Archiv
2703 4689 2739 4735 f.
2781 4692 3063 4751 Jurisprud.

241 4759 827 4817 muniandamque
847 4769 1018 4808 causa
1036 4760 1092 4809 in
1113 4759 1210 4808 int.
1239 4765 1367 4807 rest.
1387 4763 1621 4819 postule·

245 4824 445 4882 tunm,
467 4821 574 4881 26.)
601 4846 658 4855 -
682 4823 763 4869 ct.
790 4824 842 4868 1..
862 4820 911 4869 5.
934 4835 1010 4881 pr.
1035 4826 1090 4870 n.
1110 4823 1384 4881 aelappeu.
1408 4823 1584 4879 (xux
1605 4857 1623 4879 .

1685 4762 1769 4809 Dd.
1794 4762 1853 4807 ΙΙ.
1876 4760 1957 4806 Nr.
1991 4755 2071 4805 5⁴.
2096 4768 2144 4815 p.
2178 4754 2273 4804 485
2292 4758 2437 4814 ηιμ).
2458 4778 2521 4788 --
2564 4751 2787 4800 Thibaut
2807 4755 2945 4802 vers.
2971 4754 3059 4800 ad..

1687 4826 1745 4870 ll.
1769 4824 1852 4869 Νι.
1874 4823 1994 4867 xlv.
2013 4845 2068 4853 -
2087 4817 2365 4873 Huseland
2403 4819 2439 4865 1.
2458 4820 2492 4866 1.
2513 4818 2596 4862 Nr.
2623 4817 2660 4862 11
2688 4817 2826 4862 —vl.
2853 4830 2900 4876 p.
2927 4815 3054 4864 16-

247 4884 294 4929 1.
319 4886 335 4941 )
362 4911 425 4920 -
444 4888 497 4934 1..
520 4886 572 4933 2.
595 4886 651 4931 C.
677 4884 1052 4933 devotum-tib.
1073 4887 1247 4942 ejusd.
1284 4883 1361 4932 lie.
1397 4886 1506 4944 (111,
1527 4885 1627 4943 40.)
1690 4884 1769 4935 54.
1812 4909 1873 4918 -
1907 4881 2051 4930 Friez
2093 4883 2278 4929 Erlaut.
2318 4893 2378 4927 zu
2406 4878 2663 4937 Weninq.
2688 4879 2723 4923 Ι.
2744 4890 2793 4935 p.
2816 4876 2878 4926 58
2902 4878 3050 4929 -69,

247 4949 372 4998 -1..
391 4952 438 4998 2.
465 4952 523 4998 c.
545 4946 598 4996 si
619 4958 771 4995 unus
789 4958 862 4995 ex
885 4948 1078 5007 plurim
1106 4948 1473 5007 appellaverit.
1490 4951 1587 5007 (vll
1611 4982 1627 5007 ‚

1452 5030 1480 5059 l

1758 4948 1803 5005 1)
1825 4946 1931 4994 vid.
1961 4944 2182 4994 Thibaut
2195 4958 2241 5004 p.
2267 4941 2360 4992 28ss
2380 4969 2437 4977 -
2458 4939 2569 4991 288.
2594 4942 2687 4992 (ed.
2709 4943 2784 4995 1.).
