3544 5506
2941 348 3045 401 151

239 472 411 528 tione
474 471 795 530 efficietur
831 470 905 543 ¹),
956 479 1069 531 aut
1114 477 1468 536 actionibus
1495 522 1512 549 ‚
1555 481 2068 553 exceptionibus,
2114 475 2631 551 replicationibus
2658 471 2741 547 ²).
2799 479 2872 533 Et
2934 476 3049 532 im-

244 571 564 642 plorando
606 571 863 643 quidem
894 575 1276 648 agendoque
1304 578 1455 635 olim
1481 579 1736 652 quidem
1785 582 1954 638 intra
1990 579 2210 637 utilem
2240 590 2480 633 annum
2513 573 2573 647 (§
2599 574 2700 631 86.
2745 581 2884 632 not.
2940 576 2999 631 4.
3028 572 3048 644 )

233 667 292 723 in
327 668 655 736 integrum
682 668 1001 726 restitutio
1017 672 1342 738 praetoria
1367 674 1749 748 plerumque
1781 677 2059 748 petenda
2090 680 2231 733 erat
2261 670 2333 744 ³),
2365 687 2441 730 ex
2472 669 2805 729 Justiniani
2828 677 3043 729 autem

233 766 684 825 constitutione
732 768 902 826 intra
945 770 1436 841 quadriennium
1479 775 1858 834 continuum
1881 817 1897 842 ‚
1934 775 2173 833 scilicet
2200 774 2281 831 ab
2304 787 2383 830 eo
2415 772 2517 829 die
2547 770 3042 843 numerandum,

234 879 306 920 ex
359 878 491 935 quo
519 864 680 921 utile
721 869 973 936 tempus
1005 869 1330 938 quondam
1356 872 1657 928 currebat
1678 869 1758 942 ⁴),
1803 878 1869 929 et
1897 872 2024 942 peti
2055 877 2121 928 et
2149 867 2384 927 deferri
2422 866 2616 925 debet
2642 861 2665 896 ὅ
2684 871 2726 931 ).
2756 865 2928 922 Idem
2962 867 3043 923 de

235 960 756 1030 replicationibus
788 962 1198 1020 statuendum
1224 980 1362 1024 esse
1394 967 1643 1025 videtur
1664 965 1688 1000 ⁶
1711 966 1729 1040 )
1753 988 1770 1041 ς
1793 967 2085 1038 exceptio
2111 980 2265 1023 vero
2299 971 2612 1037 perpetua
2632 958 2765 1020 est⁷
2784 960 2824 1032 ).
2843 966 3044 1021 Datur

233 1062 449 1113 autem
479 1056 544 1112 in
589 1056 904 1128 integrum
953 1059 1273 1119 restitutio
1318 1078 1451 1120 non
1499 1064 1616 1136 ipsi
1653 1066 1856 1121 solum
1883 1109 1898 1135 ‚
1935 1062 2043 1135 qui
2076 1064 2283 1120 laesus
2312 1068 2441 1131 est,
2472 1076 2693 1118 verum
2733 1061 2925 1118 etiam
2951 1061 3046 1137 iis,

232 1152 344 1224 qui
372 1152 436 1211 in
462 1152 601 1226 eJus
624 1149 839 1211 locum
868 1164 1314 1215 successerunt
1336 1202 1352 1227 ‚
1383 1175 1504 1218 nec
1531 1175 1662 1218 non
1690 1154 2169 1232 fidejussoribus
2195 1158 2330 1230 ejus
2348 1156 2423 1230 ⁸),
2454 1163 2771 1229 quatenus
2793 1158 3049 1228 quidem

228 1248 424 1320 ipsius
453 1249 719 1308 interest
748 1250 883 1308 fleri
914 1252 1454 1323 restitutionem⁹).
1479 1259 1714 1314 Contra
1737 1271 1894 1313 vero
1928 1256 2310 1327 plerumque
2339 1253 2404 1310 in
2435 1268 2774 1325 personam
2795 1259 3046 1311 tantum

229 1345 460 1416 integri
491 1347 805 1405 restitutio
825 1348 1200 1407 conceditur
1223 1393 1239 1419 ‚
1274 1364 1404 1408 non
1430 1352 1493 1408 in
1525 1367 1662 1410 rem
1686 1357 1733 1396 ¹⁰
1757 1349 1777 1422 )
1797 1395 1814 1426 ‚
1841 1351 1966 1410 hoc
2009 1356 2198 1422 pacto
2231 1393 2246 1418 ‚
2275 1357 2350 1406 ut
2372 1349 2663 1408 revocari
2696 1365 2827 1408 non
2851 1352 3047 1422 possit

230 1457 357 1509 res,
391 1457 559 1514 quae
588 1444 759 1515 apud
773 1458 922 1501 eum
946 1451 1064 1513 est,
1087 1462 1368 1518 quocum
1394 1450 1568 1509 nulla
1595 1449 2065 1506 restitutionem
2095 1447 2336 1520 petenti
2358 1447 2698 1505 intercedit
2718 1447 3043 1521 obligatiO,

229 1537 349 1594 nisi
378 1538 446 1594 in
482 1538 686 1596 causis
737 1540 1115 1613 quibusdam
1172 1544 1447 1615 exceptis
1474 1540 1538 1619 ¹¹)
1568 1565 1586 1621 ;
1621 1559 1697 1602 ac
1746 1552 2080 1617 praeterea
2129 1544 2522 1615 usucapione
2569 1543 2832 1602 rescissa
2890 1544 3039 1601 item

230 1634 586 1692 restituitur
609 1634 700 1692 rei
723 1635 1095 1702 dominium,
1122 1639 1295 1709 quod
1312 1639 1570 1712 quidem
1592 1655 1842 1699 summo
1857 1641 2005 1714 ,iure
2021 1641 2396 1698 exstinctum
2418 1646 2559 1698 erat
2576 1641 2624 1678 ¹2
2643 1639 2687 1714 ).
2712 1642 3044 1698 Caeterum

806 359 939 402 CAP.
991 359 1076 402 IV.
1121 362 1194 403 DE
1232 362 1404 405 smus
1443 366 1843 417 PRRSEQUBRM
1886 365 2312 414 nmnmtlmm.
2356 363 2494 403 RAT-

297 1882 344 1938 1)
361 1885 473 1940 Arg.
497 1884 551 1930 L.
571 1878 620 1928 8.
645 1894 719 1940 pr.
761 1886 815 1932 D.
849 1884 916 1932 de
936 1900 988 1934 a.
1015 1900 1064 1933 υ.
1087 1899 1134 1933 o.
1159 1887 1210 1933 Ιι.
1251 1888 1435 1945 (xxm,
1470 1891 1600 1944 2.)—

229 1944 305 1989 Cl'.
331 1945 382 1989 1..
409 1945 492 1992 21.
513 1943 606 2003 35.
632 1943 679 1991 6.
706 1949 759 1994 D.
783 1949 930 2005 quod
948 1953 1067 1995 met.
1094 1962 1142 1996 c.
1164 1955 1214 1995 et
1235 1951 1288 1997 L.
1308 1950 1604 2009 7.311.12.

234 2008 288 2051 D.
315 2006 529 2054 demin.
555 2008 714 2066 [Errat
733 2012 1048 2070 Bure-hardi,
1068 2013 1232 2058 dicens
1260 2016 1311 2068 (1.
1338 2016 1370 2060 l.
1407 2028 1453 2073 p.
1476 2014 1607 2073 548.)

233 2072 598 2116 restitutionem
645 2083 742 2118 non
786 2085 922 2131 posse
968 2076 1211 2132 indulgeri
1255 2078 1346 2122 nisi
1380 2080 1609 2124 adversus

231 2134 648 2179 contradictorem
682 2139 1010 2183 certum—E.
1038 2138 1113 2194 G.]

295 2194 413 2250 ΞΠ..
435 2193 485 2241 9.
507 2194 595 2249 53.
630 2196 688 2243 D.
724 2198 870 2256 quod
897 2203 1017 2246 met.
1042 2201 1209 2246 c.--L.
1243 2199 1293 2248 9.
1336 2204 1362 2256 3
1394 2197 1442 2249 4.
1468 2203 1521 2248 D.
1544 2201 1612 2249 de

223 2257 462 2311 ᾔει-ρίαν.
491 2260 613 2312 (xil,
637 2256 706 2316 2.)

304 2319 352 2375 3)
374 2316 460 2365 5.1
482 2321 550 2366 de
572 2322 940 2370 ‹senonia—L.
962 2325 1041 2374 14.
1060 2330 1086 2383 ς
1107 2328 1153 2373 2.
1179 2329 1231 2372 D.
1255 2326 1403 2384 quod
1419 2329 1539 2373 mee.
1559 2337 1604 2372 c.

244 2406 302 2414 —
321 2380 467 2434 1..55.
490 2394 564 2438 pr.
587 2387 635 2431 in
657 2385 694 2430 f.
720 2385 838 2432 Dde
861 2389 914 2433 0.
947 2394 1003 2436 ee
1035 2389 1479 2436 A.-Burclzardi
1499 2391 1532 2435 1.
1569 2390 1604 2434 l.

241 2441 359 2509 §22
384 2456 431 2501 p.
449 2443 1023 2506 490sq.-Dz'ssent.Gu.
1043 2458 1093 2496 et
1111 2451 1178 2497 de
1195 2451 1606 2498 minse-hroder-

239 2508 483 2553 comm-de
500 2511 816 2569 temporib.in
841 2512 1599 2570 integr.resut..lenaet854.8.)p.

238 2568 528 2617 5.—9.—At
549 2578 809 2632 perpetuae
823 2581 939 2621 sunt
955 2581 1005 2621 et
1025 2578 1155 2634 quod
1176 2582 1400 2622 m.c.tum
1417 2577 1605 2622 dedolo

239 2632 377 2678 actio
422 2639 653 2689 qnatenus
674 2636 873 2693 quidem
897 2639 966 2684 rei
1011 2640 1396 2696 persecutionem
1418 2637 1602 2684 habent

239 2665 410 2749 (1..14.
424 2695 568 2748 51-2.
587 2699 638 2743 n.
659 2698 808 2758 quod
827 2712 893 2745 m.
914 2700 1239 2747 c.-1..28.in
1261 2701 1297 2746 f.
1315 2703 1368 2745 D.
1394 2699 1463 2746 de
1480 2700 1603 2748 dolo

237 2757 404 2815 malo)
423 2764 470 2804 et
491 2761 779 2807 restitutoria
796 2762 943 2819 actio,
958 2776 1084 2821 quae
1104 2769 1298 2822 propter
1321 2764 1492 2821 capitis
1515 2764 1600 2809 de-

242 2822 571 2868 minutionem
589 2825 734 2869 datur
752 2824 916 2879 (1..2.§
934 2825 984 2883 5,
998 2828 1052 2872 D.
1067 2826 1133 2873 de
1147 2839 1267 2884 cap.
1282 2824 1406 2871 min.
1432 2826 1513 2883 tv,
1535 2823 1603 2883 5.)

300 2883 350 2941 4)
371 2885 497 2930 Sunt
519 2886 619 2931 fere
641 2885 789 2933 verba
821 2889 935 2944 Leg.
963 2891 1054 2935 ult.
1089 2901 1164 2947 pr.
1189 2891 1243 2935 C.
1274 2887 1342 2933 de
1371 2890 1526 2944 temp.
1549 2888 1606 2934 in

233 2946 337 2992 int.
355 2950 484 2993 rest.
508 2949 623 3003 (vid.
646 2952 750 2994 not.
772 2952 917 3008 seq.);
953 2951 1252 2997 subobscura
1286 2952 1369 2995 itta
1389 2951 1605 3007 quidem.

233 3009 375 3054 Unde
410 3014 575 3057 tamen
616 3012 771 3057 evinci
807 3013 996 3070 nequit,
1035 3012 1181 3069 ludus
1218 3012 1610 3071 praescriptionis

233 3078 429 3129 tempus
449 3074 568 3117 utile
601 3084 702 3118 esse
732 3076 919 3120 ratione
941 3077 1087 3123 initii.
1111 3076 1231 3121 Nam
1254 3077 1375 3120 utile
1400 3079 1608 3135 tempus,

237 3138 302 3179 ut
328 3135 479 3192 utile,
520 3133 650 3181 haud
693 3136 840 3181 dubie
873 3140 1039 3184 statim
1061 3138 1123 3185 ab
1159 3138 1297 3184 initio
1330 3137 1510 3197 currit3
1550 3139 1610 3184 de

234 3199 478 3253 qualitate
519 3208 634 3243 vero
672 3200 903 3257 temporis
935 3201 1057 3247 nibil
1099 3201 1362 3257 imperator
1399 3204 1611 3246 statuere

237 3260 412 3306 votuit.
432 3284 497 3293 -—-
519 3260 629 3305 vid.
656 3260 989 3309 Vermeltren
1005 3262 1297 3309 imarcbivf.
1313 3262 1505 3308 civilist.
1530 3264 1607 3310 Pr.

238 3322 299 3365 Χ.
318 3323 399 3367 Nr.
434 3323 602 3367 xvlli.
627 3328 676 3367 et
687 3322 754 3369 cf.
796 3325 1186 3372 Unterholzner
1204 3323 1614 3371 sustulit-isam.

236 3383 291 3427 d.
325 3385 795 3442 Verjahrungslehre
830 3387 888 3432 Τ.
915 3389 972 3433 11.
1014 3400 1063 3445 p.
1107 3386 1168 3434 13
1189 3400 1263 3446 sq.
1286 3390 1331 3445 (S
1364 3384 1513 3444 153.).
1553 3412 1615 3421 -

242 3446 563 3495 Rumam-di.
590 3446 622 3494 1.
641 3450 673 3495 Ι.
695 3445 720 3512 §
744 3445 824 3501 27.
848 3461 898 3507 p.
922 3447 1015 3496 517
1037 3474 1093 3483 —-
1115 3449 1227 3498 524.

308 3507 359 3564 5)
382 3510 434 3554 l..
460 3512 550 3556 ult.
571 3510 626 3557 C.
652 3511 889 3569 detemp.
935 3513 989 3558 in
1013 3513 1111 3559 int.
1144 3516 1268 3559 rest.
1295 3516 1402 3557 tam
1420 3510 1609 3557 minor.

237 3576 295 3617 et
338 3573 500 3619 altar.
540 3584 822 3631 personar.
851 3607 866 3632 ‚
918 3586 1078 3634 quam
1126 3574 1382 3622 heredum
1429 3584 1611 3620 eorum

237 3636 323 3688 (11.
344 3632 448 3689 55.)
471 3660 532 3669 -
560 3636 603 3693 (n
628 3637 984 3694 supervacuam
1000 3637 1323 3683 differentiam
1348 3637 1477 3682 utilis
1499 3636 1612 3681 anni

236 3700 290 3742 in
314 3698 560 3754 integrum
590 3697 908 3745 restitutionis
938 3710 966 3744 a
999 3706 1162 3747 nostra
1195 3699 1438 3757 republica
1470 3709 1612 3755 sepa-

238 3765 429 3815 rantes,
465 3763 727 3817 sancimus,
769 3766 818 3807 et
854 3763 906 3807 in
950 3764 1150 3821 antiqua
1182 3766 1351 3819 Roma,
1381 3760 1498 3806 etin
1519 3760 1610 3806 hac

239 3824 374 3867 alma
398 3823 540 3880 urbe,
562 3832 610 3869 et
631 3828 682 3870 in
707 3825 871 3879 ltalia,
893 3827 942 3868 et
973 3826 1025 3870 in
1053 3826 1162 3871 aliis
1199 3824 1457 3884 provinciis
1486 3834 1609 3881 qua-

238 3886 522 3931 driennium
544 3890 830 3933 continuum
854 3888 1192 3933 tantummodo
1233 3884 1511 3944 numerari,
1550 3897 1607 3931 ex

241 3947 410 4003 die‚ex
431 3960 530 4005 qno
552 3962 709 3996 annus
732 3951 863 3996 utilis
885 3949 1111 3995 currebat
1133 3976 1188 3983 -
1214 3968 1224 3997 :
1247 3961 1306 3996 ex
1325 3947 1607 3996 differentiis

239 4011 371 4054 enim
390 4011 609 4057 locorum
643 4012 842 4069 aliquod
881 4011 1044 4057 induci
1080 4013 1342 4059 discrimen
1372 4012 1489 4057 satis
1521 4023 1605 4057 no-

241 4070 314 4115 bis
331 4072 599 4120 absurdum
623 4076 778 4120 visum
801 4079 891 4120 est.
915 4087 943 4117 n
967 4073 1057 4132 (cf.
1082 4075 1135 4120 1..
1158 4076 1208 4121 2.
1231 4077 1282 4122 C.
1308 4073 1401 4121 Th.
1421 4074 1488 4120 de
1508 4074 1606 4119 int.

241 4136 369 4178 rest.
417 4134 477 4187 11.,
520 4134 616 4190 16.)
659 4152 686 4179 ιι
732 4136 887 4195 Quod
920 4149 1029 4182 non
1063 4138 1231 4183 solum
1253 4139 1310 4184 in
1349 4138 1609 4184 minorum

238 4195 684 4261 restitutionibus,
726 4224 782 4232 —-
814 4198 915 4243 sed
945 4200 1106 4245 etiam
1149 4200 1205 4247 in
1247 4204 1509 4257 majorum
1549 4223 1609 4231 —

236 4258 478 4307 adlabere·
494 4263 791 4321 sancimus,
816 4267 868 4307 ut
885 4264 936 4305 et
955 4261 1034 4307 bic
1051 4274 1142 4320 pro
1160 4263 1266 4309 utili
1278 4275 1407 4309 anno
1426 4272 1613 4307 memo-

237 4330 344 4367 rata
366 4322 670 4371 continuatio
697 4325 926 4381 temporis
966 4324 1251 4370 observetur
1279 4323 1357 4371 ad
1381 4326 1612 4379 interpo-

240 4383 476 4430 nendam
497 4386 954 4435 contestationem
976 4386 1378 4445 finiendamque
1398 4387 1556 4433 litem.
1583 4400 1610 4428 a»

241 4444 378 4491 -ct
393 4448 668 4501 Horas-lter
681 4449 893 4507 princip.
906 4449 1004 4505 jur.
1017 4450 1109 4495 civ.
1127 4451 1262 4496 Rom.
1279 4451 1438 4496 Germ.
1460 4451 1487 4503 ς
1499 4447 1610 4496 815.

240 4510 290 4555 in
311 4509 372 4567 f.)
393 4534 452 4542 —
476 4512 599 4557 Sunt
618 4518 805 4567 tamen,
823 4513 908 4568 qui
925 4513 1003 4567 jus
1023 4510 1115 4556 hoc
1136 4523 1315 4558 novum
1338 4513 1531 4558 nonnisi
1555 4513 1616 4557 ad

241 4573 507 4632 minorum,
529 4580 634 4620 tum
653 4575 718 4620 ad
737 4584 819 4619 eas
841 4574 1086 4629 majorum
1109 4577 1460 4629 restitutiones,
1493 4586 1619 4632 quae

239 4636 488 4682 absentiae
529 4649 681 4683 cansa
726 4637 872 4695 flunt,
901 4637 1142 4695 pertinere
1182 4638 1368 4693 dicant,
1407 4639 1619 4683 maxime

236 4705 434 4756 propter
453 4702 479 4755 S
505 4702 551 4745 1.
573 4701 740 4746 dictae
772 4700 968 4743 constit.
991 4710 1039 4742 v.
1075 4711 1119 4744 c.
1144 4699 1421 4757 Schulte'nq
1462 4701 1525 4745 ad
1563 4699 1613 4744 h.

240 4761 340 4817 Dig.
362 4764 437 4807 tit.
460 4762 606 4823 311.,
623 4767 669 4807 et
687 4761 946 4807 novissime
966 4761 1115 4808 etiam
1137 4762 1198 4806 de
1219 4762 1392 4808 Loeltr
1411 4761 1554 4807 Arch.
1578 4762 1613 4808 f.

240 4823 324 4867 civ.
379 4825 455 4869 Pr.
492 4827 550 4870 Χ.
599 4838 651 4883 p.
694 4820 760 4869 86
799 4835 906 4880 sqq.
956 4824 1055 4877 (ΝΥ.
1109 4822 1230 4881 10.),
1277 4824 1355 4870 cui
1393 4830 1612 4870 consent.

243 4886 568 4933 ferment-en
586 4888 622 4932 1.
647 4888 680 4932 t.
712 4897 759 4943 p.
776 4883 888 4931 399.
913 4890 1018 4932 not.
1037 4883 1090 4931 5.
1117 4910 1177 4919 -
1200 4887 1475 4933 Zimmern
1491 4891 1613 4932 rtim.

245 4948 406 5005 {weng
421 4949 531 4999 107.
552 4951 718 4996 inf.—-
739 4946 1099 4997 aeschroeter
1128 4949 1402 4997 comm.cit.
1419 4961 1467 5007 p.
1495 4948 1614 4995 10-

1668 1823 1745 1871 12.
1767 1827 1983 1881 Quorum
2005 1830 2169 1871 tamen
2201 1825 2459 1871 auctoritas
2482 1835 2677 1870 movere
2709 1835 2788 1869 me
2824 1834 2923 1871 non
2944 1835 3035 1883 po-

1670 1889 1785 1944 tuit,
1825 1889 1908 1946 qui
1933 1890 2226 1933 acommuni
2276 1886 2509 1932 sententia
2550 1886 2860 1943 recederem,
2897 1899 3045 1945 quam

1669 1952 1867 2007 quidem
1904 1951 2098 2007 egregie
2140 1949 2336 1995 defendi
2373 1955 2477 1994 tum
2518 1960 2574 1995 ex
2619 1949 2715 1994 fine
2746 1949 3044 2008 consilioque

1672 2012 2090 2069 legislatoriswid.
2115 2023 2189 2069 pr.
2216 2012 2313 2068 leg.
2343 2011 2515 2068 laud.)‚
2541 2018 2644 2057 tum
2673 2021 2788 2057 vei-o
2809 2022 2867 2056 ex
2893 2025 3043 2068 gene-

1673 2076 1856 2121 ralibus
1890 2075 2004 2130 tegis
2031 2076 2272 2131 ipsiusque
2313 2074 2439 2119 tituli
2484 2073 2811 2129 inscriptionis
2853 2074 3043 2133 verbis,

1671 2144 1808 2182 certo
1849 2137 1969 2181 mihi
2011 2147 2294 2194 persuasum
2339 2136 2510 2182 habeo.
2554 2136 2863 2193 Eandemque
2894 2138 3042 2184 etiam

1673 2204 1872 2245 tuentur
1894 2222 1955 2234 —
1975 2206 2029 2244 ut
2046 2201 2106 2245 de
2139 2198 2246 2243 aliis
2269 2203 2474 2246 taceam.
2512 2224 2573 2231 —
2592 2201 2773 2253 Domp.
2818 2197 2885 2245 de
2908 2200 3044 2245 Jon-

1673 2260 1887 2319 quieres
1909 2265 2006 2308 Tit.
2032 2262 2069 2305 1.
2094 2262 2119 2314 S
2140 2258 2220 2305 37.
2256 2285 2315 2292 —
2360 2259 2611 2307 Haubold
2631 2262 2684 2306 D.
2725 2260 2786 2305 de
2811 2262 3043 2318 temporis

1673 2325 1891 2370 continui
1925 2330 1975 2370 et
1996 2325 2126 2369 utitis
2153 2324 2517 2378 computatione
2548 2335 2592 2368 c.
2617 2324 2672 2369 V.
2711 2321 2777 2377 (in
2809 2335 2976 2380 opusc.
3012 2335 3042 2369 a

1675 2388 1939 2434 lVenckt’o
1980 2387 2096 2431 edit.
2140 2385 2199 2430 T.
2248 2386 2282 2429 1.
2326 2398 2374 2442 p.
2419 2383 2513 2432 426
2555 2386 2670 2443 sq.).
2713 2408 2773 2416 —
2818 2386 3045 2433 Tlte'baut

1671 2448 1893 2502 Verjahr.
1914 2452 1940 2504 S
1961 2445 2040 2494 49.
2080 2472 2138 2480 -
2180 2448 2337 2495 0Ιήοῆ
2371 2448 2519 2493 Pand.
2543 2450 2621 2494 lv.
2661 2459 2709 2504 p.
2734 2443 2827 2493 436
2848 2459 2955 2506 sqq.
2979 2472 3043 2481 -—

1669 2513 1726 2556 At
1748 2512 1995 2558 interdum
2031 2511 2179 2557 etiam
2214 2511 2344 2557 intra
2387 2511 2579 2557 brevius
2621 2514 2810 2565 tempus
2832 2513 3040 2568 petenda

1667 2577 1758 2620 erit
1777 2575 2083 2631 inintegrum
2106 2573 2363 2619 restitutio.
2388 2575 2502 2618 —t..
2519 2571 2566 2618 8.
2587 2572 2640 2617 C.
2663 2572 2731 2618 de
2754 2571 2873 2619 dolo
2904 2573 3042 2619 malo

1668 2637 1726 2693 11,
1748 2638 1828 2682 91.
1855 2662 1915 2669 -
1935 2637 2007 2681 ct.
2037 2636 2240 2681 omnino
2256 2636 2316 2680 de
2335 2638 2618 2693 quaestione
2641 2635 2885 2693 proposita
2901 2637 2956 2681 J.
2985 2637 3039 2681 C.

1667 2699 1821 2746 Koch
1849 2700 1994 2757 (resp.
2031 2697 2309 2756 Reicltard)
2342 2699 2395 2744 D.
2432 2697 2498 2743 de
2531 2708 2772 2752 praescr.
2817 2701 2946 2743 rest.
2984 2697 3043 2743 in

1666 2762 1764 2808 int.
1789 2763 1940 2808 Giess.
1967 2759 2107 2808 1780.
2135 2758 2183 2807 4.
2217 2785 2277 2794 —-
2312 2761 2474 2808 Glziclt
2494 2762 2554 2807 de
2589 2762 2687 2807 vita
2728 2764 2826 2818 pet.
2849 2766 2966 2808 rest.
2990 2760 3043 2807 in

1665 2824 1758 2870 int.
1779 2837 1822 2870 c.
1841 2823 1890 2871 ὅ.
1915 2821 1963 2871 4.
1987 2826 2117 2882 (opp.
2143 2824 2259 2869 fasc.
2287 2825 2364 2869 lv.
2390 2836 2440 2882 p.
2465 2821 2488 2869 1
2517 2820 2708 2876 -95.).
2729 2847 2790 2855 --
2814 2821 3038 2869 Tlu'baut

1667 2887 1892 2942 verjahr.
1918 2887 1943 2940 3
1986 2886 2063 2933 49.
2089 2910 2148 2919 -
2169 2886 2556 2933 Unterltolzner
2578 2887 2739 2932 vollst.
2790 2886 2944 2932 Entw.
2986 2889 3037 2934 d.

1672 2949 2131 3007 Verjahrungslehre
2152 2949 2384 3006 T.ll.p.1
2420 2974 2475 2981 —
2517 2948 2597 2995 20.
2639 2948 2682 3002 (S
2705 2945 2791 2993 151
2827 2945 3037 3007 -155.).

1736 3009 1786 3067 6)
1809 3012 1864 3057 L.
1884 3008 1932 3055 9.
1954 3012 1980 3065 S
2004 3007 2052 3056 4.
2078 3012 2132 3055 D.
2162 3010 2482 3066 dejurejur.
2515 3035 2577 3044 —
2598 3009 2745 3063 Cujus
2769 3011 2839 3055 rei
2862 3009 3040 3068 proba-

1675 3071 1822 3118 bilem
1847 3072 1989 3119 affert.
2017 3074 2257 3119 rationem
2290 3072 2495 3120 Weber
2514 3074 2658 3119 Beitr.
2693 3084 2752 3116 zu
2791 3073 2972 3129 Ktagen
2991 3087 3043 3119 u.

1674 3135 1911 3181 Einreden
1931 3137 2001 3181 St.
2027 3136 2065 3181 1.
2089 3147 2138 3193 p.
2154 3133 2334 3183 11.12.
2356 3160 2411 3167 -
2433 3136 2508 3181 Ct'.
2534 3142 2582 3180 et
2600 3134 2755 3180 Kocls
2776 3135 2808 3179 Ι.
2830 3136 2864 3180 Ι.
2880 3136 2907 3188 S
2929 3135 2977 3183 7.

1736 3196 1851 3254 7)1..
1874 3195 1924 3244 5.
1950 3196 2036 3254 36.
2063 3198 2115 3244 D.
2140 3199 2209 3244 de
2240 3196 2295 3242 d.
2322 3211 2388 3244 m.
2410 3201 2468 3244 et
2485 3209 2552 3243 m.
2575 3195 3036 3256 exc.(xLlV‚⁴.)—

1674 3260 1870 3317 ΚοοΙις
1886 3258 1997 3306 (het
2021 3262 2225 3307 lVeber·
2244 3262 2277 3305 1.
2294 3261 2325 3304 1.
2351 3272 2400 3317 p.
2418 3258 2541 3318 ssq.
2558 3284 2620 3294 —
2658 3261 2860 3307 Dissent.
2900 3262 3040 3308 Bur-

1679 3322 1893 3369 cltardl.
1935 3326 1961 3379 s
1983 3321 2045 3369 26
2065 3335 2113 3381 p.
2135 3320 2229 3369 498
2254 3333 2361 3379 sqq.

1741 3384 1792 3441 8)
1812 3386 1865 3430 1..
1886 3386 1936 3431 6.
1960 3388 2012 3431 1).
2037 3385 2087 3434 Ιι.
2109 3391 2146 3433 t.
2163 3384 2528 3443 (cLSchuttinq
2551 3384 2613 3430 ad
2635 3385 2780 3431 eund.
2808 3384 2883 3429 tit.
2906 3387 2932 3441 ς
2950 3384 3037 3443 4.).

1678 3449 1812 3493 —-1..
1841 3445 1917 3493 18.
1955 3446 2045 3504 55.
2073 3452 2121 3495 L.
2140 3446 2220 3497 24.
2265 3460 2340 3505 pr.
2368 3449 2420 3493 D.
2463 3446 2674 3494 demin.
2701 3471 2761 3479 —
2797 3447 2848 3492 L.
2870 3446 2919 3494 7.
2944 3450 2970 3503 S
2991 3449 3037 3496 1.

1678 3510 1732 3554 D.
1755 3510 1822 3556 de
1854 3515 2057 3567 except.
2079 3513 2219 3558 xtlv
2243 3546 2258 3572 ,
2281 3511 2327 3556 1.
2351 3511 2436 3567 (ci.
2459 3510 2484 3562 S
2515 3508 2594 3556 82.
2620 3513 2723 3555 not.
2744 3506 2834 3567 7.).
2866 3534 2922 3542 -
2952 3513 3043 3558 Jo.

1677 3572 1809 3618 Lud.
1831 3573 2064 3620 Schmidt
2079 3577 2225 3633 (resp.
2270 3571 2509 3628 Philippi)
2551 3575 2602 3617 D.
2636 3574 2697 3617 de
2722 3576 2837 3617 rest.
2876 3571 2925 3618 in
2949 3575 3040 3620 int.

1677 3646 1796 3681 num
1818 3637 1880 3681 sit
1904 3637 2192 3684 beneficium
2216 3638 2347 3684 reale
2365 3647 2427 3680 an
2466 3635 2717 3692 personale
2747 3634 2875 3689 (Jen.
2898 3634 3040 3682 1777.

1675 3696 1744 3756 4.)
1768 3700 1794 3753 S
1812 3696 1839 3745 4
1862 3710 1968 3757 sqq.
1992 3723 2048 3732 —
2078 3701 2172 3756 (Cf.
2197 3708 2358 3745 tamen
2380 3698 2434 3745 V
2435 3696 2617 3743 innius
2630 3697 2718 3741 sel.
2732 3696 2833 3751 jur.
2854 3704 3040 3755 quaest.

1678 3762 1780 3807 Lib.
1802 3763 1837 3807 l.
1884 3772 1929 3807 c.
1973 3762 2148 3820 11.)-
2168 3766 2225 3809 L.
2262 3763 2320 3808 J.
2342 3762 2399 3806 F.
2427 3757 2701 3816 Hoepsner
2733 3760 2787 3803 D.
2816 3762 2968 3805 restit.
2991 3760 3045 3805 in

1674 3826 1919 3881 integrum
1941 3826 2100 3882 quoad
2125 3825 2454 3881 fideiussorem
2484 3822 2662 3877 (Giess.
2689 3817 2829 3866 1777.
2855 3818 2923 3878 4.)
2946 3824 2973 3877 S
2992 3818 3042 3867 5.

1673 3898 1845 3944 sqq.-
1868 3887 2134 3933 effictae-k,
2160 3889 2309 3934 Pand.
2334 3887 2395 3931 T.
2416 3886 2474 3929 v.
2495 3890 2517 3939 s
2537 3881 2647 3930 459.
2676 3894 2724 3940 p.
2747 3880 2837 3929 461
2858 3884 3041 3942 sqq.Cf.

1674 3949 1845 3996 Gluck.
1873 3949 2023 3995 Pand.
2049 3951 2107 3995 T.
2131 3952 2187 3996 v.
2215 3952 2239 4004 S
2265 3947 2373 3997 459.
2398 3960 2447 4005 p.
2469 3942 2578 3994 461.
2604 3956 2711 4002 sqq.

1734 4011 1785 4066 9)
1808 4014 1859 4058 L.
1882 4010 1963 4058 25.
1987 4014 2040 4058 D.
2064 4013 2133 4059 de
2150 4012 2275 4063 min.

1737 4074 1997 4136 101Pauli
2019 4080 2142 4120 sent.
2167 4087 2263 4121 rec.
2291 4076 2330 4132 l,
2350 4070 2399 4119 7.
2417 4072 2442 4126 S
2463 4067 2513 4117 4.
2541 4093 2597 4101 —·
2620 4068 2696 4114 Cf.
2721 4068 2770 4113 t..
2791 4065 2841 4115 9.
2866 4071 2893 4125 S
2912 4067 2960 4116 4.
2981 4071 3036 4117 D.

1673 4138 1823 4195 quod
1840 4142 1960 4183 met.
1996 4148 2165 4183 causa
2186 4143 2234 4181 et
2255 4132 2524 4193 Schultinq
2553 4130 2615 4177 ad
2637 4130 2797 4177 Paule·
2835 4132 2930 4178 loc.
2953 4133 3039 4180 cit.

1675 4206 1780 4246 not.
1809 4198 1883 4248 14.
1909 4205 1958 4245 et
1979 4200 2186 4244 Arndts
2207 4200 2268 4245 ad
2283 4198 2333 4244 h.
2355 4200 2387 4243 t.

1739 4262 1817 4319 11)
1844 4265 1895 4308 t..
1918 4260 1967 4307 9.
2004 4256 2233 4315 34818.
2266 4263 2320 4306 D.
2350 4257 2498 4317 quod
2519 4258 2639 4303 met.
2683 4269 2730 4304 c.
2779 4285 2840 4296 —
2873 4260 2926 4305 L.
2961 4260 3040 4307 15.

1674 4325 1700 4377 S
1722 4325 1767 4369 1.
1793 4326 1844 4370 t..
1874 4321 1949 4370 14.
1975 4324 2028 4367 D.
2054 4321 2121 4368 de
2149 4322 2334 4369 minor.
2356 4345 2417 4355 -
2437 4323 2488 4367 L.
2513 4321 2557 4368 1.
2580 4331 2654 4376 pr.
2679 4322 2732 4367 L.
2754 4320 2802 4368 6.
2826 4322 2851 4376 S
2875 4323 2951 4367 11.
2990 4323 3042 4368 L.

1676 4385 1752 4431 10.
1779 4389 1805 4441 s
1827 4387 1904 4432 19.
1948 4387 2003 4430 D.
2025 4395 2168 4440 quae
2212 4386 2269 4431 in
2302 4382 2488 4437 fraud.
2533 4382 2678 4430 cred.
2711 4381 2869 4441 (xLll‚
2890 4382 2960 4441 8.)
2982 4409 3042 4417 —-

1675 4450 1798 4494 Sunt
1823 4460 1955 4505 vero,
1978 4451 2061 4505 qut
2085 4449 2383 4493 contendant
2408 4479 2422 4504 ‚
2443 4458 2632 4505 semper
2651 4445 2756 4493 fere
2778 4451 2950 4492 contra
2974 4448 3044 4492 rei

1680 4523 2016 4569 quemcunque
2031 4521 2352 4566 possessorem
2366 4510 2413 4554 in
2426 4509 2666 4566 integrum
2686 4509 3044 4555 restitutionem

1683 4578 1955 4632 competere
1981 4605 1996 4627 ‚
2019 4573 2119 4616 sota
2146 4575 2332 4620 scilicet
2352 4579 2551 4630 excepta
2573 4571 2672 4616 doli
2707 4582 2854 4617 causa
2873 4604 2889 4629 ‚
2926 4573 3046 4617 moti

1680 4639 1893 4683 maxime
1927 4639 2124 4693 propter
2167 4639 2219 4682 L.
2240 4632 2288 4680 5.
2315 4636 2368 4680 D.
2406 4633 2455 4678 Ιι.
2484 4638 2521 4680 t.
2554 4656 2611 4665 —·
2638 4649 2662 4674 u
2683 4636 2834 4680 Nemo
2855 4633 3045 4679 videtur

1681 4702 1922 4756 exclusus,
1941 4708 2086 4756 quem
2107 4699 2306 4745 Praetor
2320 4699 2366 4743 in
2388 4695 2628 4755 integrum
2645 4707 2695 4742 se
2709 4697 3045 4743 restituturum

1680 4763 1982 4819 polliceatur.
2008 4773 2029 4797 n
2051 4784 2105 4792 —
2128 4761 2236 4807 vid.
2270 4766 2431 4807 tamen
2454 4759 2615 4807 Gltick
2654 4762 2707 4805 D.
2733 4759 2793 4805 de
2813 4761 2910 4804 vita
2944 4766 3041 4816 pet.

1680 4826 1863 4870 rest.in
1903 4826 1991 4868 int.
2035 4823 2165 4881 (opp.
2194 4824 2324 4869 Fasc.
2363 4819 2444 4879 ll.)
2476 4836 2524 4882 p.
2545 4819 2654 4870 401.
2679 4828 2780 4869 not.
2808 4818 3044 4868 ‘it-M.

1679 4887 1831 4933 Pand.
1856 4887 1939 4931 Bd.
1963 4886 2019 4931 V.
2046 4898 2094 4943 p.
2118 4884 2230 4933 467.
2255 4892 2354 4932 not.
2377 4884 2455 4935 20.

1741 4948 1820 5006 12)
1842 4946 1983 5004 35.1.
2008 4948 2073 4995 de
2096 4953 2199 4996 act.
