3544 5506
493 304 605 364 ⁴78

495 431 783 505 dignitati
836 437 903 489 et
921 427 1144 487 honori
1184 427 1553 486 adversetur
1576 421 2212 506 matrimoniorum‘);
2244 427 2524 499 denique
2538 425 2605 498 5)
2639 425 2809 485 inter
2828 431 3058 485 mutua
3084 426 3300 500 eoniu-

494 543 642 600 gum
666 526 817 600 jura
840 524 1010 582 haud
1035 519 1354 582 immerito
1381 523 1724 582 reserenda
1750 523 1945 581 etiam
1973 528 2072 581 eat
2101 521 2421 581 succeseio
2448 522 2531 579 ab
2559 517 2864 580 intestato
2892 522 3222 594 praetoria
3240 519 3300 592 ⁷).

491 630 566 684 11.
617 623 886 681 Maritus
923 623 1074 696 ¹iure
1103 637 1222 679 suo
1260 623 1541 694 postulat
1568 621 1628 693 1)
1655 628 1731 680 ut
1762 616 2194 682 reverentiam
2237 621 2357 694 ipsi
2386 621 2680 681 exhibeat
2715 636 2883 680 uxor
2908 629 3108 694 atque
3134 623 3302 680 obae-

491 724 714 797 quium
753 721 837 795 8);
885 736 1053 796 quae
1096 721 1356 793 quidem
1396 736 1500 779 res
1545 721 1770 794 efficit,
1815 727 1890 778 ut
1938 720 2152 780 mariti
2187 721 2584 780 domicilium
2621 735 2788 779 uxor
2830 722 3011 794 aequi
3052 735 3303 780 ncoeoee

492 824 731 881 habeat
777 821 825 895 9)
854 868 869 895 ,
931 820 1190 878 minime
1234 835 1390 878 vero
1433 816 1739 893 injuriose
1789 822 2096 880 adversus
2150 819 2324 878 illam
2377 815 2604 892 agendi
2656 826 3043 892 potestatem
3093 821 3305 878 tribuit

492 920 725 980 marito
750 917 841 993 ¹⁰).
868 919 928 993 Ξ)
956 922 1240 978 Alterum
1259 927 1357 978 eat
1384 920 1595 978 mariti
1622 920 1751 993 ius,
1784 920 2166 979 domesticas
2190 933 2422 992 operas
2442 962 2460 989 ‚
2485 925 2626 976 tum
2656 918 2851 977 etiam
2877 920 2944 976 in
2972 919 3103 977 suia
3127 919 3302 991 ipsius

491 1021 684 1078 rebus
713 1019 1074 1091 adJutorias
1092 1019 1382 1090 exigendi
1412 1021 1494 1077 ab
1521 1033 1727 1078 uxore
1762 1016 1851 1092 ¹¹).
1895 1017 2232 1077 Praeterea
2274 1017 2335 1093 5)
2368 1021 2453 1078 de
2473 1031 2675 1077 uxore
2700 1019 3059 1077 exhibenda
3088 1034 3168 1077 ac
3191 1021 3303 1077 du-

494 1118 700 1175 cenda
724 1117 1028 1174 adversus
1050 1117 1257 1187 ipsum
1286 1114 1479 1173 etiam
1504 1121 1758 1187 patrem
1780 1160 1795 1184 ‚
1826 1117 2014 1189 cuius
2040 1115 2210 1173 forte
2239 1115 2304 1172 in
2334 1120 2653 1188 potestate
2676 1114 2783 1172 illa
2805 1110 2889 1173 ait
2907 1155 2926 1183 ‚
2969 1129 3166 1187 agere
3183 1130 3304 1172 ma·

491 1215 653 1296 ritus
674 1221 888 1289 potest
917 1212 987 1287 ¹²)
1013 1233 1031 1289 3
1057 1229 1179 1273 nec
1219 1229 1356 1273 non
1405 1217 1460 1280 4)
1509 1214 1674 1274 citra
1727 1216 2105 1275 mandatum
2151 1215 2217 1272 in
2266 1215 2475 1273 caucia
2520 1213 2868 1287 litibusque
2912 1213 2994 1270 ad
3043 1225 3302 1272 uxorem

491 1315 926 1388 spectantibus
965 1315 1404 1374 intercedendi
1428 1315 1622 1373 babet
1648 1316 2022 1374 facultatem
2061 1311 2157 1388 ¹⁸),
2178 1320 2319 1371 tum
2354 1327 2510 1373 vero
2534 1312 2731 1370 etiam
2760 1312 2821 1386 5)
2852 1318 3124 1385 propter
3145 1308 3304 1386 inju‘·

492 1411 653 1469 riam
683 1412 867 1469 uxori
902 1411 1143 1469 illatam
1182 1427 1377 1483 agere
1401 1426 1522 1469 suo
1553 1411 1817 1469 nomine
1844 1415 2054 1481 potest
2084 1407 2182 1483 ι4).
2219 1411 2325 1466 111.
2358 1408 2519 1465 Jura
2551 1414 2771 1466 autem
2799 1403 3019 1465 uxoris
3058 1407 3303 1480 propria

492 1504 665 1564 bisce
681 1502 1140 1564 continentur:
1168 1505 1222 1580 l)
1254 1504 1433 1565 Foro
1461 1506 1669 1563 utitur
1689 1505 1926 1570 mariti,
1951 1511 2089 1562 tum
2105 1503 2427 1575 dignitatis
2455 1518 2533 1561 ac
2555 1504 3058 1577 privilegiorum,
3085 1503 3303 1577 quibua

492 1603 601 1661 illc
627 1604 885 1676 quidem
910 1606 1184 1679 gaudet,
1212 1606 1532 1677 particeps
1559 1610 1658 1663 eat
1682 1619 1758 1663 ac
1800 1604 1971 1663 socia
2006 1595 2081 1678 ¹⁵)
2099 1643 2114 1671 ‚
2152 1618 2358 1678 eaque
2380 1604 2575 1664 etiam
2598 1604 2817 1677 quoad
2842 1599 3034 1661 vidua
3060 1603 3183 1661 erit
3208 1617 3302 1660 re—
3342 1603 3359 1686 f

493 1699 662 1757 tinet
709 1697 800 1773 ¹⁶).
847 1701 909 1771 2)
953 1702 1109 1757 lure
1153 1700 1350 1774 petit,
1383 1707 1456 1757 ut
1489 1701 1793 1758 alimenta
1822 1700 2221 1772 omninoque
2268 1715 2347 1759 ea
2377 1741 2393 1770 ,
2437 1714 2606 1772 quae
2648 1700 2730 1758 ad
2766 1699 2936 1757 vitae
2964 1698 3203 1757 cultum
3229 1710 3363 1780 aeg

492 1794 937 1852 necessitatem
964 1800 1280 1867 spectant.
1304 1795 1729 1854 exhibeantur
1750 1790 1868 1853 sibi
1896 1809 1934 1851 a
1960 1794 2191 1852 merito
2214 1790 2305 1863 ιἸ).
2330 1795 2393 1867 5)
2420 1790 2738 1852 Adversus
2754 1789 3036 1853 aliorum
3057 1792 3291 1868 injuria-
3336 1833 3353 1870 ¹.
3377 1825 3383 1844 n.

494 1891 845 1953 defendere
870 1910 1136 1952 uxorem
1160 1937 1176 1958 .
1210 1896 1291 1951 ad
1318 1894 1597 1953 officium
1623 1895 1904 1967 pertinet
1927 1889 2141 1951 mariti
2179 1890 2267 1967 ¹⁸).
2295 1893 2578 1966 Denique
2606 1890 2667 1965 4)
2691 1893 2877 1951 latius
2902 1899 3083 1965 patet
3105 1892 3298 1951 uxoris
3376 1925 3393 1958 x

503 1986 638 2060 jus,
692 1990 1080 2048 succedendi
1106 1990 1412 2048 intestato
1438 1988 1696 2063 conjugi
1718 2032 1733 2055 ,
1759 2003 1955 2062 quam
1982 1983 2196 2045 mariti
2224 1984 2309 2060 ¹⁹).

996 316 1147 358 PARS
1185 315 1346 358 srssc.
1387 316 1506 358 ΠΒ.
1549 315 1638 358 tv.
1680 315 1756 358 nt
1791 315 1949 364 SUB}
1984 314 2317 359 nomnen
2352 315 2427 358 81·
2465 313 2794 358 mml-

614 2195 818 2285 §517‘.
895 2217 958 2290 Β)
1025 2218 1109 2274 Do
1162 2215 1298 2294 juro
1361 2215 1684 2295 conjnqafi,
1754 2234 1872 2294 qua
1939 2216 2020 2275 ad
2083 2216 2282 2276 liberos
2343 2224 2584 2295 spectat.
2663 2215 2871 2285 (Actio
2911 2215 2981 2274 de
3012 2224 3190 2294 partu

1622 2316 1990 2394 aquescendo.
2030 2316 2049 2391 )
2096 2314 2171 2393 (*)

575 2523 954 2601 Quicunque
978 2526 1044 2582 in
1069 2526 1482 2587 matrimonio
1505 2523 1606 2585 vel
1630 2528 1767 2585 nati
1796 2528 1900 2585 vel
1924 2528 2221 2601 concepti
2249 2534 2400 2586 sunt
2442 2528 2657 2600 liberi,
2708 2521 3136 2598 legitimorum
3164 2522 3291 2596 lure

492 2630 838 2682 censentur
860 2621 930 2696 ¹),
961 2625 1315 2683 dummodo
1347 2626 1516 2684 intra
1545 2627 1894 2698 legitimum
1926 2627 2236 2685 nascendi
2268 2627 2547 2700 spatium
2574 2625 2726 2685 editi
2752 2625 2884 2683 sint
2901 2620 2977 2697 2).
3006 2626 3089 2682 Ac
3103 2637 3182 2680 ne
3200 2623 3292 2677 aut

494 2718 780 2791 ipsorum
811 2714 1091 2791 legitime
1123 2727 1428 2780 natorum
1451 2727 1565 2780 aut
1599 2730 1944 2796 parentum
1976 2723 2149 2782 circa
2167 2725 2431 2783 eosdem
2456 2726 2904 2782 everterentur
2923 2763 2942 2796 ,
2974 2714 3291 2790 diligentis-

492 2816 651 2875 sime
680 2833 718 2875 a
741 2815 900 2894 juris
924 2814 1131 2877 nostri
1170 2819 1541 2878 auctoribus
1584 2826 2007 2893 praecautum
2031 2828 2227 2894 atque
2259 2822 2581 2895 provisum
2604 2826 2723 2878 est.
2741 2818 3039 2892 Etprimo
3058 2817 3292 2890 quidem

495 2910 1020 2984 praejudicialem
1049 2915 1129 2972 de
1158 2920 1351 2986 partu
1393 2916 1804 2986 agnoscendo
1834 2917 2154 2976 actionem
2187 2918 2668 2978 introducendo
2694 2959 2710 2987 ,
2744 2930 2916 2989 quae
2939 2920 3008 2974 et
3034 2911 3205 2971 uxori
3234 2914 3292 2968 et

492 3169 539 3204 c.
559 3155 609 3205 0.
633 3159 692 3203 Χ.
712 3157 780 3204 de
797 3168 880 3215 eo,
905 3158 1001 3217 qul
1036 3171 1184 3219 coqu.
1207 3161 1564 3222 consanquin.
1591 3173 1746 3209 uxor.
1793 3188 1853 3199 -

493 3231 539 3266 c.
560 3219 607 3268 5.
629 3222 691 3267 X.
724 3219 792 3266 de
812 3220 1002 3269 divort.
1028 3224 1129 3281 (lv,
1150 3221 1248 3275 19.)

554 3280 587 3328 6
639 3283 689 3327 L.
714 3280 761 3328 5.
786 3284 839 3328 D.
883 3293 993 3330 rer.
1017 3288 1174 3331 amot.
1196 3285 1213 3342 (
1233 3287 1390 3340 XXV,
1417 3286 1494 3344 2.)
1538 3310 1595 3318 —
1654 3288 1703 3332 L.
1723 3285 1771 3332 2.
1795 3290 1850 3334 C.

636 3344 713 3398 (V.
737 3344 835 3400 21.)
857 3371 919 3380 -
942 3348 993 3392 L.
1018 3348 1094 3392 ¹2.
1122 3348 1170 3391 in
1195 3348 1231 3394 l.
1255 3351 1307 3393 C.
1332 3348 1402 3394 de
1419 3347 1551 3402 furt.
1575 3348 1675 3403 (vt,
1702 3347 1767 3407 1.)
1794 3373 1854 3384 —-

495 3407 548 3450 L.
573 3404 623 3453 5.
646 3407 670 3460 S
691 3404 738 3451 2.
763 3406 832 3452 de
847 3411 988 3464 pact.
1015 3408 1230 3455 dotalib.
1256 3412 1441 3470 (xxm,
1464 3409 1677 3469 «1.)-Τ.
1701 3412 1755 3457 C.
1781 3411 1861 3471 (V,

493 3467 593 3526 20.)
615 3479 684 3513 ne
699 3467 846 3523 fidei.
867 3471 976 3516 ἀοι.
998 3472 1216 3517 dentur.
1257 3516 1260 3519 ,

553 3527 604 3587 7)
638 3531 738 3586 Dig.
758 3530 1026 3591 (xxxvlll,
1050 3533 1102 3579 11
1117 3533 1148 3589 .)
1168 3531 1313 3578 unde
1332 3533 1420 3580 vit·
1436 3534 1491 3581 et
1512 3546 1671 3581 uxor.

557 3590 607 3651 8)
642 3593 693 3639 L.
716 3588 794 3638 1⁴.
823 3595 868 3638 in
893 3594 928 3640 1.
952 3595 1006 3640 D.
1031 3595 1127 3641 sol.
1152 3593 1380 3642 matrim.
1407 3621 1464 3629 —
1486 3598 1540 3643 L.
1563 3610 1648 3643 un.
1675 3593 1767 3654 57.
1795 3595 1864 3642 de

495 3655 575 3703 rel
596 3666 693 3701 nx.
737 3659 845 3700 act.
894 3657 973 3715 (V,
990 3654 1089 3715 15.)
1113 3681 1172 3689 —-
1195 3658 1248 3705 L.
1265 3657 1343 3705 12.
1367 3661 1393 3714 s
1418 3660 1463 3705 1.
1486 3660 1540 3707 C.
1561 3658 1657 3718 qui
1674 3662 1786 3716 pot.
1807 3658 1865 3705 in

495 3718 642 3776 piqn.
663 3717 803 3774 (wll,
828 3715 929 3775 18.)

556 3781 604 3837 9)
640 3779 692 3824 L.
712 3774 793 3824 65.
816 3782 869 3827 D.
893 3779 1091 3837 dejud.
1115 3780 1191 3836 (V,
1214 3781 1282 3835 1.)
1302 3806 1357 3814 —-
1386 3783 1437 3827 L.
1463 3784 1551 3828 ult.
1576 3781 1628 3827 in
1654 3782 1692 3829 l.
1724 3783 1777 3828 C.
1800 3781 1869 3828 de

493 3841 654 3890 incol.
678 3840 756 3897 (Χ,
777 3840 877 3897 59.)
902 3867 961 3875 —-
1003 3845 1055 3889 L.
1076 3841 1155 3888 58.
1181 3844 1207 3898 S
1226 3843 1274 3890 5.
1301 3845 1356 3889 D.
1380 3845 1455 3890 ad
1476 3845 1672 3892 munic.
1698 3844 1778 3901 (L,
1800 3846 1869 3901 1.)

494 3905 575 3958 (cf.
597 3907 622 3960 S
647 3901 758 3949 105.
779 3911 884 3950 not.
908 3904 1073 3961 41.)-
1090 3905 1509 3953 Abr.Kaestner
1529 3909 1605 3953 Pr.
1629 3911 1869 3965 quatenus

498 3978 620 4013 uxor
642 3966 871 4012 maritum
889 3970 1156 4024 relegatum
1175 3970 1310 4026 sequi
1324 3974 1561 4014 teneatur.
1582 3970 1709 4027 Lips.
1724 3966 1868 4015 1755.

499 4053 553 4063 υ-
577 4029 686 4075 vid.
711 4028 762 4071 L.
782 4029 827 4073 1.
854 4030 905 4075 C.
934 4030 1001 4075 de
1025 4029 1213 4085 repud.
1232 4032 1308 4085 (V,
1337 4028 1432 4085 17.)
1453 4030 1490 4086 (S
1508 4029 1618 4077 513.
1645 4035 1748 4076 not.
1779 4031 1866 4087 1.).

495 4095 543 4136 et
566 4101 669 4146 arg.
700 4091 750 4135 L.
774 4088 852 4136 2⁴.
880 4091 934 4137 C.
958 4092 1025 4138 de
1044 4091 1232 4138 donat.
1259 4090 1357 4138 int.
1384 4094 1454 4139 V.
1480 4097 1536 4139 et
1559 4096 1617 4139 U.
1641 4093 1657 4149 (
1682 4093 1739 4149 V,
1765 4091 1876 4149 10).

498 4154 513 4207 (
534 4151 685 4198 verb.
720 4166 730 4195 :
753 4169 778 4267 ζ(
803 4165 891 4198 nec
915 4154 1064 4199 alieni
1086 4154 1309 4201 criminis
1332 4154 1603 4202 infortunio
1637 4156 1878 4214 adstringi

496 4225 740 4261 uxorem»
785 4247 798 4259 .

563 4276 640 4332 10)
675 4277 726 4321 L.
750 4273 798 4320 8.
824 4278 849 4332 s
872 4276 918 4321 2.
943 4277 996 4323 C.
1020 4275 1087 4323 de
1111 4276 1503 4334 repud.—Nov.
1528 4276 1637 4324 117.
1663 4291 1706 4325 c.
1733 4278 1809 4327 14.

561 4339 638 4395 11)
680 4338 731 4383 L.
756 4336 836 4384 51.
862 4351 936 4393 pr.
964 4340 1015 4383 D.
1041 4339 1107 4386 de
1128 4339 1255 4386 don.
1278 4339 1372 4387 int.
1399 4342 1468 4387 V.
1495 4345 1549 4388 el
1587 4343 1645 4388 U.
1675 4342 1872 4399 (xxlv,

495 4400 743 4458 1.)-ΑΓΕ.
769 4401 822 4446 L.
845 4398 926 4446 ⁴8.
948 4414 1023 4458 pr.
1049 4403 1105 4447 D.
1126 4401 1194 4448 de
1213 4413 1360 4459 oper.
1391 4401 1561 4449 libert.
1586 4404 1869 4463 (xxxvlll‚

498 4466 565 4510 1.)
592 4466 637 4515 (α
661 4473 773 4508 nam
799 4462 918 4508 haec
937 4497 951 4514 .
979 4463 1119 4516 cuins
1152 4466 1468 4512 matrimonio
1496 4467 1772 4523 consensit,
1809 4468 1869 4514 in

495 4524 668 4579 officio
690 4523 866 4572 marici
895 4536 1011 4570 esse
1034 4526 1322 4584 debel.n)--
1342 4528 1483 4573 Sam.
1510 4529 1701 4584 Str-,rck
1737 4530 1791 4573 D.
1814 4530 1876 4575 «le

497 4590 659 4645 operis
683 4598 909 4633 uxorum.
947 4587 1054 4634 llal.
1083 4586 1225 4635 1706.
1252 4613 1308 4622 -
1329 4589 1563 4637 Set-uben
1586 4590 1759 4636 rechtl.
1789 4593 1870 4639 Bd.

563 4713 639 4769 12)
673 4714 725 4759 L.
759 4711 806 4759 2.
846 4715 900 4760 D.
936 4710 1003 4758 de
1035 4710 1121 4759 [11).
1170 4711 1348 4760 exhib.
1391 4714 1571 4771 (xLlll
1597 4747 1613 4771 ,
1658 4708 1778 4766 50.)
1811 4734 1872 4744 -

499 4776 550 4820 L.
588 4776 664 4821 11.
700 4777 751 4820 C.
785 4774 852 4823 de
888 4778 1037 4832 nupt.
1072 4775 1181 4837 (V,
1216 4773 1463 4834 ’1.)-1..
1503 4775 1546 4824 1.
1583 4780 1609 4833 3
1641 4773 1690 4823 5.
1727 4772 1875 4820 D.de

498 4836 585 4885 tib.
613 4837 789 4885 exhib.

563 4897 642 4961 13)
677 4902 728 4948 L.
751 4901 830 4948 21.
854 4903 908 4947 (ἶ.
931 4900 997 4948 de
1011 4912 1160 4959 proc.
1189 4901 1270 4960 (ll,
1297 4897 1387 4955 15.)

1981 3160 2057 3219 14)
2092 3162 2185 3219 §2-
2211 3165 2250 3210 1.
2273 3163 2343 3211 de
2382 3161 2556 3219 injur.
2593 3188 2652 3197 —
2685 3164 2739 3210 L.
2764 3161 2810 3211 1.
2835 3160 2931 3218 55.
2961 3159 3105 3209 [λάε
3142 3156 3289 3215 injur.

1913 3225 2251 3283 (xtvu,100

1997 3285 2073 3347 15)
2110 3290 2159 3335 L.
2186 3291 2276 3335 ult.
2299 3289 2353 3335 C.
2377 3287 2446 3334 de
2467 3284 2622 3334 incol.
2648 3286 2726 3345 (X,
2749 3285 2852 3344 59.)
2876 3310 2937 3319 —-
2959 3287 3010 3333 L.
3039 3282 3108 3331 13.
3148 3283 3199 3331 C.
3236 3280 3293 3328 de

1935 3349 2123 3408 diqm't.
2149 3350 2274 3407 (xli,
2297 3348 2366 3405 1.)
2390 3373 2451 3383 —-
2474 3350 2588 3394 Vat.
2613 3350 2806 3406 Fragm.
2832 3351 2860 3404 S
2887 3346 3000 3395 104.

1991 3411 2067 3469 10)
2102 3414 2156 3458 L.
2180 3412 2260 3458 22.
2285 3413 2312 3466 s
2339 3410 2379 3456 1.
2406 3413 2459 3457 D.
2486 3411 2562 3456 ad
2581 3412 2776 3459 munic.
2797 3412 2871 3467 (L,
2895 3411 2963 3467 1.)
2990 3411 3185 3456 -Νον,
3215 3403 3287 3452 2³.

1925 3487 1970 3521 c.
1992 3471 2073 3521 50.
2096 3498 2152 3507 -
2177 3474 2349 3520 Caeter
2369 3473 2467 3518 vid.
2495 3475 2545 3518 L.
2570 3471 2648 3518 12.
2675 3486 2747 3534 pr.
2775 3475 2829 3520 D.
2851 3473 2921 3519 de
2937 3484 3052 3519 sen.
3074 3474 3131 3529 (l,
3152 3468 3218 3525 9.)

1991 3534 2067 3594 17)
2105 3538 2156 3581 t..
2184 3536 2262 3582 21.
2287 3546 2366 3593 pr.
2390 3538 2445 3583 D.
2466 3534 2533 3582 de
2552 3533 2678 3582 don.
2702 3537 2799 3584 int.
2823 3536 2893 3581 V.
2914 3538 2971 3580 et
2999 3536 3055 3581 U.
3078 3534 3199 3578 -L.
3222 3527 3289 3599 ²²:

1927 3600 1953 3654 s
1974 3595 2020 3644 8.
2043 3601 2097 3644 D.
2122 3598 2218 3644 sol.
2243 3597 2471 3645 matrim.
2496 3598 2700 3654 (xxlv,
2722 3599 2772 3643 5.
2794 3599 2811 3655 )
2834 3620 2896 3629 -
2919 3598 3081 3653 Neque
3102 3605 3213 3640 vero
3233 3602 3293 3636 vt·

1928 3662 2091 3707 ciasim
2115 3660 2318 3706 maritus
2338 3660 2399 3705 ab
2421 3670 2571 3707 uxore
2589 3657 2795 3705 alendus
2815 3664 2908 3704 est.
2921 3659 3056 3714 Quod
3070 3659 3153 3714 qni
3175 3653 3294 3701 affir-

1930 3729 2087 3778 mant,
2113 3727 2380 3779 provocant
2402 3723 2613 3769 maxime
2636 3722 2696 3767 ad
2721 3723 2769 3767 L.
2798 3719 2878 3766 29.
2905 3723 2958 3767 C.
2979 3720 3180 3775 dejure
3194 3716 3288 3763 dot.

1932 3784 2034 3841 (V,
2076 3787 2173 3841 12.)
2205 3807 2262 3818 -
2284 3783 2378 3830 Sed
2410 3784 2506 3830 vid.
2536 3783 2663 3829 infra
2686 3785 2710 3838 ς
2731 3781 2843 3829 531.
2871 3806 2932 3816 -
2956 3783 3143 3829 caeter.
3170 3780 3291 3837 pacto

1933 3848 2181 3893 conveniri
2221 3850 2409 3904 potest,
2454 3852 2508 3891 ut
2545 3847 2630 3891 aut
2653 3852 2792 3904 pater
2811 3844 2965 3891 filiam
2989 3879 3005 3902 ‚
3030 3848 3113 3890 aut
3134 3842 3231 3900 ipsa
3250 3849 3293 3883 se

1934 3910 2035 3954 alat
2057 3908 2249 3954 muller.
2273 3910 2327 3954 L.
2350 3911 2539 3966 penult.
2583 3919 2656 3964 pr.
2684 3910 2734 3954 L.
2778 3908 2868 3952 ult.
2912 3909 2967 3953 D.
3013 3905 3079 3952 de
3113 3902 3166 3951 l‘n
3195 3912 3291 3949 rem

1936 3982 2108 4017 verso.
2136 3971 2258 4029 (xv,
2282 3968 2354 4027 5.)

1997 4030 2075 4085 18)
2113 4034 2162 4078 L.
2189 4032 2237 4079 2.
2266 4033 2319 4076 D.
2346 4031 2414 4079 de
2434 4031 2603 4086 injur.
2629 4031 2829 4088 (XLVII,
2860 4026 2960 4089 10.)

2005 4093 2083 4152 19)
2118 4096 2235 4141 Nov.
2260 4092 2371 4140 117.
2397 4107 2441 4141 c.
2467 4092 2515 4142 5.

2456 4219 2483 4275 s
2514 4214 2627 4264 517.

1934 4403 1967 4450 b
1998 4342 2055 4400 (·)
2087 4344 2193 4402 Dig.
2218 4343 2379 4401 (xxv,
2422 4343 2511 4400 5.).
2554 4341 2623 4389 de
2658 4351 2878 4400 aquosa.
2918 4340 3011 4387 ve!
3045 4335 3215 4386 alena.
3236 4331 3290 4381 ti-

1968 4406 2097 4452 eris.

1998 4468 2041 4523 1)
2067 4469 2117 4513 L.
2144 4465 2221 4513 11.
2247 4467 2299 4512 C.
2321 4464 2643 4513 denotarat.
2667 4463 2757 4511 ms.
2780 4465 2859 4522 (V,
2878 4461 2982 4518 27.)
3008 4486 3068 4497 —
3085 4461 3196 4508 mov.
3219 4452 3291 4503 89.

1939 4541 1983 4573 c.
2004 4527 2052 4575 8.
2073 4532 2100 4584 g
2123 4530 2171 4574 1.
2209 4551 2266 4560 —
2288 4530 2352 4574 De
2369 4528 2484 4583 jure
2506 4528 2655 4575 veteri
2678 4526 2963 4586 accipienda
2983 4528 3057 4571 cst
3079 4525 3128 4569 L.
3153 4520 3225 4569 tt.
3246 4519 3293 4563 D·

1938 4590 2007 4636 de
2027 4590 2317 4637 natabam.
2343 4590 2402 4646 (1,
2425 4588 2495 4641 5.)
3176 4644 3187 4655 .

2002 4654 2051 4710 2)
2083 4655 2157 4701 Cf.
2181 4656 2206 4709 s
2226 4649 2336 4698 2⁰5.
2360 4657 2464 4697 not.
2498 4650 2529 4699 4
2565 4675 2620 4684 -
2654 4648 2706 4697 7.
2741 4674 2801 4684 —-
2834 4650 2899 4694 De
2920 4652 3061 4706 partu
3080 4644 3236 4697 dubio,
3254 4650 3290 4711 J-

1938 4714 1999 4760 dc
2018 4727 2077 4761 eo
2103 4750 2117 4769 ,
2140 4714 2280 4769 cujus
2318 4719 2459 4771 pater
2493 4716 2706 4761 incertus
2725 4717 2800 4759 eat
2822 4716 3023 4768 propter
3043 4709 3204 4755 matris
3216 4715 3294 4774 .⁰¹‘.

1940 4779 2091 4823 mium
2114 4777 2387 4823 festinantia
2414 4782 2529 4822 vota
2548 4775 2782 4828 secunda,
2803 4773 2902 4818 vid.
2923 4772 3095 4819 Andr.
3116 4766 3291 4815 Alceatt

1940 4842 2136 4896 Par-erg.
2160 4840 2239 4893 lx,
2276 4836 2353 4883 12.
2373 4838 2505 4897 (opp.
2531 4839 2588 4883 Τ.
2619 4838 2675 4882 lv
2703 4849 2751 4894 p.
2770 4832 3034 4894 ⁴37'oqq.).
3059 4857 3114 4866 --
3140 4825 3290 4875 ulrich

1941 4902 2090 4948 Pand.
2116 4898 2344 4957 11.(5110.
2370 4912 2419 4960 p.
2445 4897 2559 4947 loe.
2587 4895 2694 4946 107.
2723 4902 2824 4944 not.
2852 4896 2896 4943 1.
