3544 5506
1407 380 1857 427 indumentum.
3061 373 3097 414 v

354 492 405 540 C.
438 493 529 541 ltes
556 492 856 557 corporales
885 496 942 546 et
968 494 1332 558 incorporales.
1366 520 1416 529 -
1441 496 1633 552 Genus,

484 584 565 622 res
603 573 919 637 fungibiles.
944 575 1154 638 pecunia
1176 582 1203 635 ς
1221 575 1339 624 220.
1364 599 1415 610 -
1448 574 1632 623 lterum

474 655 825 717 corporalium
848 655 1031 706 divisio
1051 656 1104 707 in
1135 655 1349 707 mobiles
1368 656 1421 705 et
1446 656 1631 705 immo-

478 734 625 786 biles.
653 743 681 797 ς
704 739 817 788 221.
834 734 862 804 §
882 739 999 788 222.
1486 737 1497 742 ”

357 816 411 866 i).
444 820 533 867 ties
568 819 829 882 simplices
865 823 916 871 et
938 820 1269 885 compositae.
1294 823 1478 870 Rerum
1514 816 1628 868 uni·

475 901 758 951 ves-sitates.
781 909 809 963 ς
831 905 947 952 225.

358 982 409 1030 Β.
441 982 532 1032 iles
549 982 787 1035 dividuae
806 989 861 1034 et
877 983 1182 1035 individuae.
1202 991 1230 1045 s
1250 988 1365 1034 224.

363 1064 411 1109 Β.
433 1062 523 1111 Res
536 1063 845 1127 principales
857 1077 1131 1128 earumque
1143 1065 1472 1115 accessiones.
1478 1070 1505 1124 ς
1520 1066 1627 1113 225.

309 1138 344 1191 1.
373 1144 438 1193 De
458 1154 609 1193 causa
630 1145 740 1195 sive
761 1144 826 1195 de
850 1146 1129 1196 commodis
1150 1156 1342 1196 rerum.

358 1230 408 1277 ,4.
452 1229 790 1289 Accessiones,
834 1241 967 1293 quae
1003 1228 1337 1293 pertinentiae
1369 1226 1627 1278 dicuutur.

478 1312 505 1366 S
523 1313 639 1363 220.

362 1392 411 1441 Β.
444 1392 674 1444 Fructus.
1272 1438 1277 1447 .

424 1480 467 1536 i)
498 1478 729 1540 inprimis
744 1490 924 1529 rerum
943 1478 1301 1541 frugiferarum
1322 1484 1367 1539 ,ς
1385 1481 1477 1526 227
1485 1514 1496 1528 .
1512 1476 1627 1527 228.

419 1557 467 1612 2)
498 1554 844 1616 Fungibilium
871 1571 1040 1609 rerum
1063 1560 1263 1609 fructus
1284 1572 1327 1608 s.
1351 1570 1556 1609 usurae.

476 1648 524 1697 a)
555 1642 743 1692 Earum
788 1647 844 1692 et
889 1644 1030 1694 notio
1066 1647 1118 1693 et
1157 1642 1629 1695 constituendarum

607 1723 1058 1788 tollendarumque
1077 1737 1276 1778 causae.
1302 1724 1329 1780 S
1352 1726 1467 1777 229.

478 1801 530 1865 b)
564 1808 849 1863 usurarum
873 1807 1072 1857 modus.
1095 1810 1121 1865 s
1145 1810 1259 1857 250.

360 1885 410 1934 C.
443 1887 510 1936 De
530 1887 766 1937 subsidiis
786 1888 852 1937 ad
878 1901 1082 1940 causam
1119 1891 1193 1940 rei
1222 1888 1629 1954 consequendam

477 1969 806 2031 comparatis.
831 1975 859 2030 ς
890 1969 1007 2021 251.

307 2047 357 2097 ll.
383 2051 445 2096 ne
473 2047 828 2102 incommodis.
855 2078 919 2090 -
948 2053 1115 2103 Onera
1156 2055 1312 2117 atque
1348 2054 1629 2117 impensae.

415 2134 441 2188 ς
460 2133 575 2183 232.

476 2214 650 2264 Totius
673 2215 975 2278 argumenti
990 2214 1309 2266 constitutio.
1333 2221 1359 2276 ς
1382 2215 1499 2266 255.

388 2375 573 2419 essu-1·
614 2377 687 2420 11.
728 2366 821 2420 De
849 2364 1000 2425 jure
1028 2366 1458 2436 possessionis.

255 2498 291 2549 l.
314 2501 629 2553 Possessionis
650 2504 796 2555 notio
817 2509 871 2555 et
894 2505 1109 2557 indoles.
1145 2513 1173 2567 ς
1199 2506 1312 2555 254.

256 2582 307 2632 lt.
333 2582 684 2643 struborum,
699 2596 835 2647 quae
850 2584 914 2634 ad
933 2592 1292 2649 argumentum
1310 2585 1630 2650 propositum

357 2666 629 2735 pertinent,
655 2667 1053 2728 significatione.
1089 2676 1116 2731 9
1138 2670 1255 2720 255.

262 2744 842 2816 llLPossessio,quasnam
858 2755 925 2801 ad
941 2764 1022 2802 res
1036 2752 1194 2815 possit
1208 2750 1630 2814 pertinerem&

259 2826 316 2876 lv.
342 2831 398 2879 De
418 2843 766 2892 possessorum
792 2831 1053 2894 personis.
1090 2836 1117 2890 9
1138 2833 1250 2880 237.

253 2908 297 2958 V.
324 2913 576 2970 Quomodo
597 2913 948 2977 corporalium
970 2924 1142 2964 rerum

300 2998 342 3052 1)
369 2997 660 3059 acquiratur
680 2997 937 3060 possessio
953 3035 968 3057 ,

354 3081 398 3136 a)
427 3079 702 3128 universim
724 3077 989 3130 delinitur.
1012 3084 1039 3138 ς
1056 3080 1174 3129 258.

356 3157 403 3218 b)
436 3161 735 3210 accuratior
751 3172 954 3221 eorum,
979 3172 1008 3211 e
1028 3159 1211 3224 quibus
1232 3159 1485 3224 possessio
1505 3170 1630 3224 pen-

476 3244 594 3306 det,
620 3244 919 3307 descriptio.
954 3246 981 3300 s
1005 3245 1121 3293 259.

352 3327 394 3384 e)
424 3325 691 3385 Quomodo
714 3338 804 3388 per
826 3325 955 3375 alias
978 3336 1220 3389 personas
1255 3324 1510 3388 possessio
1540 3336 1630 3376 ac-

470 3410 724 3472 quiratur.
751 3409 779 3463 ς
800 3407 924 3457 240.

295 3489 339 3551 2)
370 3490 623 3541 Possessio
645 3489 910 3553 quomodo
933 3490 1219 3540 amittatur.
1247 3492 1274 3547 ς
1298 3489 1414 3539 241.

247 3569 310 3628 il.
340 3572 404 3622 De
423 3571 710 3624 interdictis
733 3573 1069 3635 possessoriis
1092 3585 1133 3622 s.
1159 3571 1222 3622 de
1255 3570 1545 3623 actionibus
1566 3583 1629 3623 ex

349 3655 679 3715 possessionis
700 3655 821 3711 iure
843 3653 1092 3705 oriundis.
1130 3659 1157 3713 ς
1178 3654 1288 3703 242.

296 3733 336 3791 i)
361 3736 671 3786 Retinendae
693 3736 1037 3797 possessionis
1066 3735 1350 3786 interdicta.
1365 3738 1392 3793 s
1415 3735 1529 3786 243.

288 3814 334 3876 2)
362 3812 754 3878 Recuperandae
777 3815 1114 3879 possessionis
1136 3815 1425 3867 interdicta.
1460 3822 1486 3877 s
1512 3815 1627 3867 244.
1679 3780 1796 3838 ΤΠ·
1820 3780 1909 3831 m·
1936 3781 2217 3832 ⁵²¹⁶V¹²m⁸⁸
2254 3777 2627 3844 quemadmfflffl

540 3982 733 4033 mm·
758 3946 874 4035 ms
889 3969 981 4023 De
1004 3966 1293 4032 dominio.

237 4131 324 4170 τιτ.
348 4138 387 4171 ι.
406 4121 477 4173 De
501 4120 722 4172 dominii
748 4126 940 4172 natura
964 4125 1116 4185 atque
1140 4121 1331 4173 indole.

288 4204 502 4255 hominii
525 4209 690 4256 notio.
716 4215 743 4269 s
764 4207 883 4257 245.
910 4232 974 4242 —-
996 4205 1166 4257 modus
1183 4219 1247 4256 ac
1264 4206 1410 4270 lines,
1447 4203 1630 4270 quibus

348 4289 674 4338 terminatum
693 4300 806 4338 esse
823 4292 994 4350 potest
1014 4286 1297 4340 dominium
1316 4325 1330 4350 ,
1347 4287 1629 4356 generatim

1946 487 1998 553 1)
2035 487 2162 540 tales
2179 527 2194 554 ‚
2216 502 2347 554 quae
2365 501 2428 540 ex
2451 488 2586 539 iacto
2606 484 2888 538 eveniunt:

2007 572 2057 631 a)
2091 571 2362 635 utriusque
2405 576 2456 623 et
2495 566 2777 620 amittentis
2825 567 2878 614 et
2924 560 3100 626 acqui-

2080 650 2245 701 rentis
2269 647 2549 714 (traditio).
2575 650 2601 704 s
2623 649 2740 695 250.

2007 729 2074 794 b)
2107 732 2266 784 solius
2290 729 2625 795 acquirentis.

2075 809 2133 876 α)
2164 812 2448 875 occupatio.
2472 813 2498 867 ς
2517 810 2654 865 251.

2076 893 2136 957 p)
2162 890 2495 955 specificatio.
2518 893 2545 947 s
2566 889 2685 938 252.

2075 971 2129 1038 γ)
2157 973 2420 1023 fructuum
2443 970 2718 1035 perceptio.
2740 968 2768 1024 ς
2791 967 2908 1017 255.

1944 1053 1996 1116 2)
2032 1053 2301 1116 Accessio;

2009 1137 2059 1198 a)
2093 1137 2358 1186 fructuum
2384 1138 2679 1198 proventus.
2703 1136 2730 1191 ς
2748 1131 2877 1182 254.

2007 1215 2060 1280 b)
2096 1218 2165 1266 De
2197 1216 2289 1280 iis,
2326 1227 2458 1279 quae
2489 1214 2805 1265 extrinsecus
2839 1209 2915 1261 rei
2952 1220 3098 1261 acoe-

2140 1297 2293 1349 dunt.

2076 1379 2127 1442 α)
2146 1380 2484 1431 immobilium
2503 1390 2675 1429 rerum
2688 1373 2933 1427 accessio.
2947 1380 2973 1435 ς
2986 1376 3100 1424 255.

2074 1465 2130 1527 β)
2153 1462 2421 1514 mobilium
2437 1460 2501 1511 ad
2517 1473 2597 1512 res
2609 1460 2704 1510 soli
2716 1459 2932 1510 accesio.
2943 1463 2969 1518 s
2980 1458 3096 1507 256.

2074 1545 2121 1606 γ)
2148 1544 2412 1595 nobilium
2457 1555 2629 1594 rerum
2663 1543 2731 1591 ad
2770 1538 2985 1590 mobiles
3013 1550 3100 1589 ac·

2205 1627 2385 1679 cessio.
2409 1633 2437 1688 ς
2458 1628 2574 1677 257.
3019 1614 3038 1635 “

1944 1709 1997 1775 5)
2032 1710 2246 1762 Μίιιωηι
2270 1711 2483 1761 dominii
2500 1705 2797 1773 acquirendi
2816 1716 2997 1769 genus.

2010 1792 2059 1850 a)
2093 1793 2337 1843 Thesauri
2356 1791 2643 1856 acquisitio.
2668 1790 2694 1845 S
2717 1788 2832 1838 258.

2007 1871 2059 1933 b)
2094 1874 2413 1924 commixtio.
2437 1878 2464 1932 s
2485 1872 2601 1922 259.

1879 1957 1937 2008 B.
1977 1958 2050 2006 Dc
2076 1954 2310 2005 civilibus
2339 1950 2766 2016 acquisitionibus

1946 2039 1996 2099 i)
2029 2039 2322 2088 summatim
2347 2037 2676 2100 praecipitur.
2700 2037 2728 2092 ς
2746 2034 2867 2087 200.

1945 2118 1995 2177 2)
2028 2117 2336 2180 Singulatim
2369 2116 2432 2166 de
2465 2112 3093 2178 vetustatis,auctoritate.

2081 2207 2108 2262 ς
2131 2200 2412 2253 sel—269.

1748 2281 1816 2340 11.
1852 2282 2141 2332 Dominium
2178 2280 2435 2344 quomodo
2473 2279 2757 2328 amittatur.
2797 2274 3098 2326 amissionis

1879 2369 1930 2413 et
1952 2375 2154 2413 causae.
2179 2367 2204 2422 S
2227 2364 2341 2417 270.
2366 2365 2417 2411 et
2439 2366 2530 2410 vis.
2556 2364 2583 2417 ς
2605 2363 2718 2409 271.

1671 2458 1784 2497 nr.
1809 2457 1912 2496 ιιι.
1948 2446 2020 2494 De
2061 2441 2348 2494 actionibus
2399 2453 2462 2491 ex
2506 2438 2733 2490 dominio
2776 2437 3029 2489 oriundis.

1747 2529 1785 2579 i.
1823 2527 2105 2577 Universim
2126 2524 2423 2589 exponitur.
2452 2524 2480 2580 S
2499 2523 2619 2571 272.

1746 2611 1788 2659 ll
1802 2644 1817 2660 .
1849 2608 2154 2671 Singulatim

1813 2695 1872 2741 Δ.
1897 2690 1959 2740 de
1984 2690 2056 2739 rei
2079 2687 2439 2738 vindicatione.
2478 2686 2506 2740 S
2530 2687 2691 2735 275-
2712 2685 2829 2734 278.

1811 2774 1867 2824 Β.
1892 2774 1962 2824 De
1983 2771 2281 2823 Publiciana
2300 2770 2350 2820 in
2375 2781 2482 2819 rem
2505 2770 2726 2821 actione.
2749 2771 2776 2825 S
2796 2767 2913 2817 277.

1941 2917 2138 2960 esrum
2169 2916 2258 2960 ιν.
2280 2902 2370 2958 De
2399 2898 2827 2955 servitutibus.

1679 3054 1778 3095 τιτ.
1807 3057 1849 3095 ι.
1875 3043 2188 3102 servitutum
2226 3043 2408 3090 natura
2446 3042 2598 3103 atque
2636 3037 2830 3088 indoles
2869 3046 3090 3098 genera·

1746 3126 1838 3175 tim
1864 3125 2157 3188 exponitur.
2181 3130 2206 3185 s
2232 3122 2515 3173 278-280.

1679 3219 1783 3258 nr.
1807 3220 1872 3257 ιι.
1899 3209 1968 3258 De
1993 3203 2207 3272 singulis
2230 3205 2536 3256 servitutum
2559 3201 2755 3254 formis.

1746 3286 1795 3340 1.
1817 3287 2149 3340 praediorum
2176 3289 2446 3338 servitutes

1811 3377 1869 3422 Δ.
1895 3370 2226 3428 urbanorum.
2255 3375 2284 3430 ς
2304 3370 2424 3419 281.
2454 3374 2481 3429 ς
2505 3368 2628 3418 282.

1812 3453 1867 3503 Β.
1893 3454 2220 3508 rusticorum.
2263 3458 2289 3512 ς
2319 3453 2435 3502 285.

1744 3530 1821 3584 11.
1848 3535 2100 3596 Perspnae
2123 3536 2392 3583 servitutes

1812 3619 1868 3665 Δ.
1895 3615 2243 3664 ususfructus.
2263 3616 2290 3671 S
2321 3613 2605 3664 284-289.

1812 3697 1867 3747 Β.
1883 3697 2031 3756 Usus,
2049 3695 2315 3759 habitatio,
2332 3707 2489 3759 opera
2502 3693 2788 3745 servorum.
2802 3689 2829 3756 ς
2844 3689 2957 3739 290.
2969 3687 3062 3738 iiiii
3073 3721 3088 3736 .

2631 3790 2681 3827 m
2706 3773 3087 3826 constituantur

1810 3866 1862 3913 et
1886 3865 2209 3916 amittantur.

1743 3942 1788 3993 1.
1816 3947 1883 3993 ne
1906 3944 2269 3996 constitutione
2298 3943 2620 3993 servitutum.
2645 3942 2671 3997 s
2692 3938 2809 3988 292.
2834 3942 2862 3998 s
2884 3936 3003 3986 295.

1744 4023 1809 4074 11.
1837 4027 1908 4074 De
1930 4024 2267 4074 exstinctione
2288 4023 2613 4072 servitutum.

1810 4108 1866 4156 A.
1886 4118 2001 4156 cum
2016 4106 2090 4156 rei
2114 4110 2222 4155 tum
2232 4116 2476 4168 personae
2492 4099 2893 4151 cohaerentium.
2920 4096 2946 4166 §
2969 4099 3084 4147 294.

1809 4190 1868 4240 Β.
1885 4190 2140 4239 Personae
2162 4188 2472 4238 servitutum
2496 4183 2886 4236 amittendarum
2900 4194 3086 4233 causae

1882 4270 2131 4334 quaedam
2171 4268 2428 4331 propriae.
2473 4262 2498 4331 ς
2526 4266 2642 4314 295.

348 4369 713 4420 amamur,
735 4371 762 4425 ς
792 4367 1060 4428 24fl,-1)e
1081 4368 1294 4420 dominii
1314 4371 1447 4418 ime,-
1462 4367 1630 4430 plum
1674 4363 1778 4402 τη.
1820 4365 1896 4404 tv.
1928 4354 1998 4402 ne
2031 4347 2318 4401 actionibus
2359 4350 2665 4400 servitutum
2709 4342 3084 4413 persequenda-

346 4450 605 4502 divlsione.
632 4457 660 4510 ς
682 4454 868 4502 247.-
897 4451 1282 4506 Limitationum
1305 4448 1525 4508 dominii
1553 4449 1628 4500 lc-

346 4534 635 4594 gitimarum
658 4531 1016 4584 adumbratio.
1052 4540 1078 4594 ς
1099 4533 1218 4598 248.

236 4624 323 4662 m.
348 4630 401 4665 u.
429 4617 496 4667 De
516 4615 833 4679 acquirendo
856 4614 935 4667 vel
959 4612 1245 4664 amittendo
1268 4612 1511 4668 dominio.

284 4699 316 4745 i.
331 4699 625 4757 acquirendi
640 4698 869 4750 dominii
882 4697 1018 4747 ratio
1030 4697 1313 4761 generatim
1326 4694 1624 4761 exponitur.

399 4782 426 4836 S
446 4784 555 4832 249.

341 4860 652 4928 Singulatim.

400 4946 456 4996 A.
488 4961 548 5000 ex
577 4948 703 5013 jure
733 4942 983 5012 gentium
1016 4942 1408 5009 acquisitiones,
1439 4954 1626 5008 eaeque

1807 4444 1922 4483 rum
1946 4444 2099 4482 causa
2120 4433 2443 4494 comparatis.

1744 4514 1794 4565 1.
1820 4515 2097 4565 Petitur-iae
2130 4513 2374 4563 actiones.
2400 4509 2427 4579 §
2476 4515 2590 4564 296.

1741 4597 1808 4648 11.
1832 4594 2111 4646 lutei-dicta
2135 4596 2272 4645 velut
2299 4597 2626 4658 possessoria.
2652 4592 2679 4662 S
2705 4596 2822 4645 297.

1786 4741 1979 4785 cnm
2015 4739 2078 4784 v.
2120 4728 2210 4784 De
2228 4728 2387 4789 jure
2427 4715 2882 4798 emphyteutico
2915 4727 2977 4786 et

2163 4817 2630 4894 superficiario.

1741 4942 1784 4995 1.
1808 4940 2248 5008 emphyteuticum
2269 4944 2373 5006 ius.
2401 4945 2428 4999 S
2452 4941 2731 4996 298-501.
