3544 5506
522 343 634 399 226
1121 353 1269 392 mas
1308 351 1467 392 srm.
1514 351 1628 391 mn.
1672 351 1742 392 n.
1787 351 1861 391 ns
1898 350 2086 391 mus
2124 348 2422 403 manno..
2450 351 2728 392 nomme.

521 470 738 543 itaque
779 478 926 527 cum
964 463 1271 539 eiusmodi
1312 458 1672 535 vocabulis,
1707 462 1937 534 quibus
1968 464 2330 521 naturalem
2363 463 2624 521 tenendi
2658 461 3092 520 conditionem
3123 460 3332 533 signi·

520 570 716 628 ficare
736 569 1210 626 consueverunt
1233 562 1494 621 Romani
1517 558 1604 633 ὅ),
1630 564 2040 622 contenditur
2075 562 2485 634 possessionis
2522 563 2789 620 verbum
2810 603 2828 629 ,
2860 568 2996 620 tum
3026 562 3337 620 dubitan-

522 667 679 724 dum
716 677 851 722 non
880 666 998 732 est,
1026 659 1180 732 quin
1205 659 1332 717 hoc
1360 659 1440 715 ad
1459 658 1566 731 jus
1590 659 2000 731 possessionis
2021 658 2433 716 referendum
2468 658 2550 716 sit
2569 701 2584 725 ,
2623 659 2862 717 scilicet
2881 658 2962 715 ad
2998 657 3063 715 id
3086 673 3326 729 genus,

517 763 583 820 in
623 772 753 834 quo
790 759 955 816 inest
988 756 1477 814 interdictorum
1501 751 1764 814 utilitas.
1805 758 1959 812 Nam
1982 769 2151 826 quae
2177 756 2258 811 ad
2299 753 2759 826 usucapionem
2785 753 2953 811 vaiet
2974 755 3329 825 possessio,

516 877 594 919 ea
641 864 755 916 aut
779 855 962 915 civilis
990 856 1227 913 dicitur
1246 851 1326 927 ⁴),
1371 860 1490 911 aut
1524 855 1718 912 certis
1758 855 2029 912 aliorum
2059 854 2405 913 verborum
2445 855 2610 911 idem
2646 853 3136 924 significantium
3160 855 3335 913 notis

516 958 922 1030 distinguitur
938 955 1008 1028 5).
1040 951 1348 1012 Naturalis
1378 961 1593 1012 autern
1618 953 1890 1030 possessio
1930 964 2075 1013 cum
2102 969 2178 1013 ex
2214 951 2457 1026 vulgari
2490 960 2627 1011 tum
2669 969 2743 1012 ex
2780 954 2939 1029 juris
2976 954 3183 1012 nostri
3212 970 3333 1012 au-

516 1064 769 1116 ciorum
791 1052 1093 1126 loquendi
1132 1067 1252 1108 usu
1293 1050 1377 1109 ad
1405 1052 1812 1122 corporalem
1849 1052 2106 1109 tenendi
2148 1047 2581 1110 conditionem
2622 1065 2739 1123 per
2780 1065 2848 1109 se
2875 1050 3143 1124 quidem
3179 1066 3330 1125 spe·

517 1160 650 1213 ctat
662 1151 744 1225 ⁶);
769 1166 959 1223 quae,
984 1160 1133 1206 cum
1153 1145 1419 1205 inomni
1450 1148 1859 1220 possessionis
1890 1163 2124 1219 genere
2152 1149 2372 1206 adesse
2395 1149 2775 1220 pierumque
2800 1148 3058 1217 debeat,
3088 1148 3328 1206 mirum

517 1267 648 1311 non
689 1250 880 1309 debet
906 1248 1145 1321 videri,
1173 1261 1375 1319 quare
1398 1248 1544 1315 liat,
1578 1252 1652 1306 ut
1694 1248 2004 1306 naturalis
2040 1247 2455 1319 possessionis
2488 1248 2875 1304 vocabulum
2922 1247 3009 1304 ibi
3058 1260 3326 1321 quoque

519 1356 900 1425 usurpetur,
939 1349 1047 1406 ubi
1079 1349 1161 1431 de
1176 1348 1324 1421 jure
1353 1348 1686 1420 quaeritur
1704 1347 1778 1420 ⁷).
1825 1352 1899 1406 At
1924 1343 2176 1420 saepius
2213 1358 2249 1404 a
2272 1349 2421 1420 jure
2457 1345 2814 1420 sejungitur
2837 1344 3160 1404 naturalis
3186 1362 3331 1419 pos·

516 1449 734 1522 sessi0‚
769 1430 942 1504 nunc
963 1444 1330 1517 simpliciter
1355 1439 1431 1519 ⁸),
1483 1458 1658 1503 nunc
1691 1460 1728 1502 a
1760 1445 1924 1503 civili
1947 1446 2258 1502 duntaxat
2288 1443 2699 1516 possessionis
2718 1458 2909 1501 causa
2934 1439 3005 1514 ⁹),
3030 1449 3111 1501 ut
3133 1443 3328 1502 etiam

513 1547 661 1620 jura
680 1587 697 1619 ,
726 1557 893 1616 quae
923 1542 1178 1615 quidem
1198 1552 1235 1598 a
1255 1556 1438 1599 mero
1467 1541 1966 1613 proficiscuntur
1994 1541 2405 1611 possessionis
2426 1541 2619 1609 sacto,
2648 1541 2996 1598 accedente
3026 1541 3329 1600 videiicet

518 1635 783 1700 dominii
829 1637 1203 1711 affectione,
1252 1637 1530 1694 naturali
1575 1637 1952 1710 possessioni
1998 1636 2365 1694 tribuantur
2393 1634 2488 1708 ¹⁰).
2537 1637 3092 1713 Quemadmodum
3136 1638 3332 1708 igitur

520 1734 829 1794 naturalis
873 1732 1281 1806 possessionis
1312 1733 1490 1791 notio
1520 1738 1586 1789 et
1608 1732 1689 1789 ad
1718 1748 1862 1790 eam
1890 1733 2163 1803 pertinet
2190 1733 2651 1804 possessionem
2676 1776 2692 1801 ‚
2736 1747 2904 1803 quae
2927 1732 3084 1805 jure
3111 1733 3330 1792 defici·

520 1841 628 1892 tur
663 1836 824 1910 (not.
855 1835 918 1891 6.
950 1835 1033 1899 7.)
1060 1848 1076 1889 =
1107 1832 1195 1890 sic
1223 1832 1415 1890 etiam
1441 1833 1602 1889 aliae
1621 1839 1769 1891 sunt
1799 1838 1909 1889 aut
1930 1832 2229 1890 notiones
2257 1838 2370 1888 aut
2409 1832 2863 1905 disjunctiones
2884 1872 2900 1897 ,
2935 1846 3144 1905 quae,
3182 1832 3327 1891 iicet

518 1930 832 1989 nonnulla
874 1930 938 1987 in
966 1936 1151 2002 parte
1171 1929 1338 1987 hanc
1372 1943 1667 2003 quoque,
1696 1928 1778 1986 de
1793 1943 1920 2002 qua
1941 1929 2045 1985 hic
2068 1930 2402 2000 quaeritur
2424 1973 2440 1999 ,
2468 1928 2924 2000 possessionem
2960 1930 3324 2004 attingant,

517 2035 734 2085 tamen
781 2027 1029 2098 longius
1074 2024 1209 2095 ejus
1253 2032 1604 2084 excurrunt
1633 2026 1835 2099 flnes3
1881 2032 1955 2082 ut
1977 2026 2030 2083 si
2052 2025 2267 2099 justae
2306 2031 2373 2083 et
2406 2025 2720 2098 injustae,
2765 2026 2973 2083 bonae
3017 2032 3087 2082 et
3117 2027 3326 2083 malae

517 2123 664 2181 fidei
679 2164 698 2195 ,
725 2136 918 2180 verae
941 2127 1005 2180 et
1035 2122 1222 2179 fictae
1245 2166 1262 2192 ‚
1289 2136 1448 2194 quas
1469 2128 1706 2179 vocant
1722 2160 1739 2194 ‚
1761 2121 2173 2193 possessionis
2202 2120 2449 2180 formae
2469 2121 2950 2192 distinguuntur
2974 2120 3072 2193 ιι).
3106 2124 3325 2193 Neque

515 2237 672 2282 vero
693 2222 943 2281 silentio
969 2228 1117 2280 sunt
1145 2223 1655 2295 praetereundae
1693 2219 2044 2299 impropriae
2082 2223 2398 2295 quaedam
2422 2223 2597 2279 verbi
2626 2220 3153 2293 significationes.
3190 2228 3327 2282 Ete-

517 2325 649 2381 nim
692 2323 1097 2396 possessionis
1143 2322 1461 2381 vocabuio
1490 2336 1958 2393 nonnunquam
2009 2330 2074 2380 et
2117 2323 2221 2397 jus
2264 2323 2329 2380 in
2380 2337 2515 2380 rem
2560 2322 2927 2392 intelligitur
2963 2322 3319 2396 ejusmodi,

516 2421 701 2500 cuius
723 2428 947 2481 auctor
974 2428 1040 2479 et
1057 2422 1235 2480 velut
1268 2421 1471 2479 tuitor
1496 2422 1728 2481 exstitit
1760 2417 2034 2481 Praetor
2059 2419 2124 2496 ¹²)
2148 2465 2165 2493 ,
2208 2428 2276 2480 et
2315 2418 2731 2479 immobilium
2765 2434 2983 2479 rerum
3024 2422 3328 2495 proprie·

523 2525 622 2576 tas
665 2515 773 2593 ι3),
830 2517 1104 2590 denique
1151 2530 1477 2590 possessor
1529 2517 1800 2588 dicitur,
1854 2513 2221 2591 quicunque
2265 2518 2328 2575 in
2385 2530 2524 2575 rem
2577 2517 2936 2575 actionibus
2990 2519 3325 2577 conveniri

517 2618 726 2687 potest
741 2609 831 2686 ¹⁴).

1109 2814 1135 2887 ς
1159 2810 1304 2868 236.
1334 2807 1632 2877 Possessio,
1675 2823 1960 2886 quasnam
1983 2809 2063 2869 aci
2088 2825 2172 2868 rss
2188 2809 2372 2887 possit
2387 2811 2696 2887 pertinere.

597 3022 730 3104 Non
753 3019 946 3078 modo
968 3018 1034 3076 in
1060 3018 1390 3078 hominum
1418 3019 1544 3077 sint
1569 3018 1954 3079 commercio
1985 3034 2246 3079 necesse
2271 3026 2366 3079 est
2393 3035 2498 3079 res
2522 3068 2537 3096 ‚
2581 3036 2746 3096 quae
2766 3021 2918 3095 jure
2946 3025 3323 3097 possidean-

510 3209 579 3255 ita
602 3222 697 3256 nou
719 3211 987 3269 cavebitur,
1010 3210 1064 3259 in
1082 3213 1467 3268 possessionem
1490 3211 1592 3267 eius
1611 3212 1680 3258 rei
1701 3237 1762 3245 —
1783 3210 1881 3272 ire,
2009 3208 2058 3269 6)
2080 3212 2129 3257 L.
2154 3214 2200 3258 1.
2224 3214 2249 3268 S
2268 3215 2313 3260 1.
2335 3215 2384 3261 1..
2408 3216 2457 3261 3.
2479 3217 2505 3271 S
2520 3217 2575 3263 3.
2598 3222 2648 3264 et
2672 3215 2747 3263 15.
2763 3218 2819 3263 D.
2841 3217 2894 3263 Ιι.
2917 3220 3085 3265 t.-1..
3108 3217 3191 3267 38.
3212 3221 3322 3276 §1⁰-

514 3276 565 3317 et
587 3283 698 3319 cum
712 3274 845 3330 justa
868 3285 1012 3320 causa
1033 3286 1136 3320 esse
1157 3274 1419 3331 videbitur,
1435 3274 1592 3321 eiiam
1612 3272 1887 3331 possidere
1947 3272 2017 3320 de
2036 3286 2184 3322 usur.

506 3332 712 3388 jubebo.
735 3351 761 3379 »ι
787 3360 843 3368 --
863 3337 938 3382 Cf.
973 3340 1079 3382 not.
1118 3347 1253 3395 seqq.
1295 3342 1343 3382 et
1382 3338 1610 3397 Savz’q'ir
1639 3337 1664 3391 S
1697 3334 1769 3395 7.,
1801 3337 1884 3394 qui
2008 3334 2058 3394 7)
2096 3335 2437 3396 Savt’qnss7.
2455 3352 2502 3397 p.
2527 3338 2675 3388 66.-
2699 3342 2809 3389 Vid.
2830 3346 2880 3388 et
2897 3347 3004 3390 not.
3031 3343 3116 3391 10.

511 3397 660 3442 etiam
698 3399 855 3444 varias
889 3398 1134 3444 variorum
1155 3401 1217 3446 de
1243 3399 1371 3444 civili
1402 3405 1452 3444 et
1472 3398 1681 3445 naturali
1701 3409 1881 3456 posses·
2007 3397 2056 3454 8)
2076 3400 2128 3445 1..
2151 3399 2226 3447 12.
2251 3413 2327 3457 pr.
2347 3402 2399 3446 D.
2423 3401 2479 3447 Ιι.
2503 3406 2544 3449 t.
2569 3410 2618 3450 et
2637 3410 2742 3451 not.
2763 3407 2812 3452 3.

510 3457 648 3503 sione
667 3457 924 3516 opiniones
942 3466 1159 3506 recenset
1174 3463 1201 3516 S
1223 3459 1881 3508 10.-DissentiuntaSavi-
2007 3459 2056 3518 9)
2077 3465 2129 3508 L.
2148 3465 2197 3510 1.
2221 3465 2276 3510 D.
2297 3475 2399 3519 pro
2414 3462 2533 3511 lter.
2559 3491 2620 3500 —-
2639 3469 2692 3513 1..
2726 3470 2776 3514 3.
2799 3472 2826 3526 s
2848 3467 2930 3515 15.
2966 3472 3028 3517 D.
3049 3469 3134 3517 ad
3149 3468 3322 3517 aldo.

507 3530 650 3578 θην,
681 3532 826 3578 quem
861 3521 941 3569 hic
975 3522 1127 3568 secuti
1150 3535 1316 3570 sumus
1342 3535 1352 3565 ε
1384 3526 1441 3570 J.
1466 3524 1529 3568 P.
1562 3522 1883 3568 Jolzannsen
1948 3523 2286 3582 (nomm—L.
2309 3527 2356 3572 1.
2380 3527 2405 3582 S
2429 3528 2550 3574 9.D.
2578 3529 2708 3577 devi
2729 3530 2850 3588 (not.
2880 3532 2984 3590 10).

514 3581 637 3628 uber
655 3583 917 3642 possessio,
950 3596 1001 3642 p.
1041 3584 1193 3630 civilis
1227 3598 1275 3632 ιι.
1306 3596 1355 3642 p.
1377 3585 1631 3631 naturalis.
1665 3584 1881 3630 Heideib.
2012 3586 2090 3644 10)
2122 3589 2230 3634 vid.
2267 3588 2320 3635 1..
2357 3587 2403 3635 1.
2429 3587 2524 3644 89.
2546 3596 2596 3637 et
2619 3594 2694 3640 10.
2730 3594 2785 3639 D.
2810 3594 2879 3641 de
2901 3596 2972 3645 vi.
2996 3620 3059 3629 -
3092 3594 3325 3654 Saviytu·

513 3641 655 3690 1851.
678 3642 727 3691 8.
749 3669 811 3679 —
834 3647 891 3692 L.
913 3649 982 3692 H.
1009 3647 1088 3693 W
1087 3645 1357 3694 iederltold
1373 3648 1458 3693 das
1481 3647 1658 3693 interd.
1680 3647 1749 3692 uti
1775 3658 1886 3703 pos·
1950 3657 1999 3707 p.
2025 3648 2106 3696 65.
2127 3648 2191 3698 66
2212 3649 2297 3703 (cf.
2324 3664 2467 3709 supra
2490 3653 2640 3707 3282.
2675 3662 2779 3703 not.
2802 3654 2870 3714 9).

512 3706 677 3752 sidetis
700 3719 750 3755 u.
770 3708 849 3753 die
861 3710 1019 3766 operis
1043 3710 1160 3754 novi
1184 3709 1723 3756 nunciatio.llanoviae.
1746 3706 1887 3756 1831.
2016 3713 2092 3771 11)
2115 3715 2159 3770 a)
2183 3714 2237 3760 L.
2259 3714 2307 3758 3.
2332 3711 2421 3770 §5-
2445 3717 2497 3760 D.
2523 3715 2581 3763 Ιι.
2605 3721 2641 3764 t.
2665 3743 2720 3751 —
2750 3722 2801 3767 1..
2826 3721 2875 3766 2.
2918 3723 2974 3767 D.
3018 3722 3103 3769 uti
3118 3717 3322 3776 possid.

511 3767 594 3814 ΠΡ.
620 3765 1252 3831 1.—Sam'qnnopinionem
1270 3771 1487 3818 defendit
1501 3771 1697 3817 Tltonin
1717 3770 1887 3818 Rbein.
1953 3775 2131 3836 (xtlll,
2156 3774 2367 3834 17.)--1))
2385 3777 2446 3834 α)
2464 3778 2490 3832 3
2513 3777 2634 3826 228.
2655 3787 2731 3826 nr.
2753 3784 2800 3829 1.
2822 3780 2879 3839 β)
2905 3796 2977 3841 pr.
3009 3785 3047 3829 l.
3072 3784 3142 3830 de
3164 3792 3318 3830 usuc.

513 3829 635 3876 Mus.
654 3833 707 3878 P.
734 3833 811 3877 lV.
836 3845 883 3890 p.
914 3830 979 3881 95
998 3845 1102 3891 sqq.
1952 3860 2012 3867 —-
2032 3842 2081 3893 c)
2104 3840 2159 3894 α)
2180 3863 2240 3870 -
2265 3839 2315 3883 i..
2340 3838 2418 3885 25.
2449 3838 2543 3894 δῶ.
2573 3848 2622 3888 et
2640 3840 2689 3888 8.
2715 3846 2768 3891 D.
2792 3845 2860 3891 de
2881 3848 2950 3894 Η.
2975 3847 3038 3892 Ρ.
3064 3848 3145 3906 (V,
3174 3842 3245 3898 5.)
3267 3869 3323 3878 -

575 3890 625 3949 3)
647 3895 787 3940 velut
811 3910 822 3939 ι
850 3894 905 3943 in
933 3894 1269 3954 possessione
1300 3904 1420 3943 esse
1457 3895 1540 3951 (L.
1579 3895 1657 3942 10.
1697 3895 1722 3949 S
1748 3892 1794 3941 1.
1819 3896 1874 3941 D.
1943 3898 1994 3944 L.
2014 3898 2091 3946 25.
2117 3902 2170 3945 D.
2193 3900 2260 3947 de
2281 3902 2343 3946 R.
2371 3903 2440 3949 V.
2464 3903 2571 3962 (Vl,
2593 3903 2659 3963 1.)
2682 3907 2809 3966 -β)
2828 3908 2879 3952 L.
2902 3909 2949 3955 1.
2973 3911 3000 3964 ς
3024 3906 3106 3955 15.
3132 3911 3189 3955 D.
3212 3907 3320 3954 lat.

508 3952 561 4001 Ιι.
587 3953 625 4002 t.
649 3962 699 4002 et
714 3961 820 4003 not.
840 3956 888 4004 2.
915 3957 958 4017 )‚
983 3961 1146 4003 tenere
1170 3991 1187 4017 ,
1215 3957 1525 4014 naturaliter.
1550 3958 1876 4016 corporaliter
1939 3983 1999 3993 —-
2022 3962 2073 4007 L.
2099 3959 2176 4009 16.
2196 3962 2266 4009 de
2286 3975 2472 4022 usurp.
2495 3989 2561 3997 -—
2586 3968 2660 4014 Cf.
2682 3969 2921 4028 Saviyny·
2952 3974 2979 4027 3
2999 3966 3051 4017 8.
3097 3976 3149 4016 et
3192 3970 3219 4025 ς
3239 3967 3321 4017 94.

511 4019 678 4063 tenere
700 4030 740 4064 s.
758 4020 1028 4076 possidere.
1052 4023 1102 4065 et
1123 4031 1183 4067 ex
1205 4033 1263 4067 eo
1285 4032 1460 4079 genere
1479 4019 1658 4067 similia
1683 4034 1695 4065 ι
1722 4017 1869 4068 Ι..2·1.
1941 4034 1990 4080 p.
2014 4023 2102 4070 301
2132 4037 2203 4082 sq.
2237 4026 2344 4084 (d.).

512 4078 565 4124 L.
586 4076 667 4125 49.
704 4081 730 4135 3
759 4082 805 4127 1.
829 4084 882 4128 D.
906 4083 958 4130 Ιι.
981 4085 1018 4128 t.
1046 4106 1101 4114 ——
1128 4083 1179 4128 L.
1203 4080 1284 4130 40.
1305 4082 1398 4138 32.
1424 4082 1478 4128 D.
1505 4081 1573 4127 de
1592 4082 1735 4142 pion.
1763 4086 1868 4130 act.
2002 4086 2079 4142 12)
2115 4087 2260 4133 Velut
2277 4089 2539 4135 bonorum
2561 4091 2824 4151 possessio
2848 4093 2940 4148 (cf.
2972 4094 3025 4139 L.
3050 4091 3103 4140 3.
3136 4088 3166 4157 5
3190 4094 3235 4140 1.
3263 4095 3317 4140 D.

515 4163 571 4172 —
597 4142 648 4187 L.
674 4134 723 4188 3.
760 4145 787 4199 ς
811 4137 859 4190 3.
881 4150 930 4192 et
952 4142 1030 4193 15.
1065 4146 1121 4192 D.
1146 4145 1198 4193 Ιι.
1222 4150 1259 4192 t.
1297 4170 1354 4179 —-
1396 4146 1449 4191 L.
1472 4140 1523 4191 9.
1548 4146 1602 4192 D.
1627 4146 1696 4192 de
1715 4145 1772 4192 lt.
1796 4146 1868 4192 V.
1934 4148 2003 4195 de
2036 4150 2094 4194 B.
2115 4151 2176 4195 Ρ.
2195 4147 2554 4214 (xxxvll,1.);
2577 4154 2888 4204 hereditatis·
2903 4154 3089 4213 petitio
3106 4168 3326 4214 posses·

510 4197 568 4257 (V
574 4203 612 4258 l,
642 4201 704 4261 1.)
724 4206 820 4251 rel.
1934 4207 2107 4265 sorta,-
2123 4213 2426 4274 praedium,
2447 4217 2611 4271 etqus
2632 4215 2923 4266 dominium
2943 4227 3017 4265 ex
3038 4221 3176 4274 Jure
3197 4219 3322 4279 Qu!-

571 4263 620 4323 4)
644 4266 696 4310 L.
730 4264 779 4312 2.
816 4270 841 4322 ς
864 4268 909 4313 1.
936 4269 991 4314 D.
1009 4280 1110 4325 pro
1127 4270 1239 4318 laer.
1261 4269 1417 4330 (ΧΗ,
1441 4265 1489 4314 5.
1511 4270 1527 4326 )
1552 4293 1611 4302 ——-
1631 4270 1705 4316 cii.
1733 4271 1784 4316 L.
1819 4265 1868 4316 3.
1935 4272 2115 4321 riuum
2130 4272 2374 4330 privatus
2388 4287 2487 4322 nec
2506 4279 2877 4336 habebat,nec
2888 4281 3094 4328 habere
3107 4284 3326 4340 ροισι-αἰ

510 4325 539 4381 S
558 4324 633 4373 15.
660 4328 716 4372 D.
743 4330 818 4375 ad
847 4330 1021 4378 exhib.
1050 4331 1150 4389 (X,
1171 4327 1221 4382 4.
1246 4333 1263 4391 )
1287 4356 1343 4364 —-
1367 4332 1419 4376 L.
1446 4328 1490 4377 1.
1516 4329 1608 4386 39.
1637 4333 1692 4378 D.
1718 4331 1868 4379 devl.
1935 4337 2006 4392 (L.
2033 4333 2143 4381 115.
2176 4336 2229 4382 D.
2250 4337 2318 4383 de
2341 4339 2411 4386 V.
2433 4340 2520 4401 S.;
2554 4341 2861 4389 Brissonius
2890 4347 2978 4390 sel.
3005 4356 3066 4391 ex
3088 4345 3204 4404 jure
3222 4344 3320 4390 cis.

508 4386 690 4447 (XLlll,
720 4385 888 4446 16)-
911 4394 962 4438 1..
986 4391 1065 4439 26.
1090 4407 1163 4451 pr.
1189 4397 1243 4442 D.
1265 4393 1333 4440 de
1353 4393 1480 4439 don.
1506 4393 1600 4440 Ine.
1625 4395 1698 4441 V.
1722 4400 1777 4441 et
1806 4396 1865 4440 U.
1935 4404 2040 4444 ant.
2069 4399 2151 4453 lv,
2174 4396 2218 4446 1.
2242 4403 2284 4460 );
2314 4404 2587 4456 possessio
2628 4405 2979 4460 ususfructus·
3032 4407 3052 4464 (
3083 4411 3138 4456 L.
3181 4405 3232 4454 3.
3262 4407 3320 4452 D.

509 4447 694 4510 (xxiv,
717 4451 782 4509 1.)
805 4477 864 4500 —.
899 4456 1155 4503 Caeterum
1180 4459 1240 4503 de
1259 4456 1391 4502 varia
1416 4454 1686 4502 dictionum
1709 4456 1869 4504 :civl-
1931 4460 1978 4507 se·
2009 4457 2212 4512 uste-cfr.
2252 4466 2420 4519 petat.
2459 4463 2565 4520 (Vll
2591 4501 2606 4526 ‚
2638 4465 2708 4524 6.)
2738 4493 2798 4501 -
2850 4467 3098 4529 Sovaeyny
3139 4472 3167 4526 ς
3199 4468 3318 4514 12α.

511 4508 640 4556 liter
653 4524 697 4559 s.
743 4516 872 4569 jure
918 4517 1061 4566 civili
1101 4531 1208 4565 non
1248 4519 1523 4576 possidere
1558 4518 1573 4574 (
1594 4519 1694 4566 vid.
1735 4530 1781 4564 ν.
1830 4532 1876 4567 c.
1940 4535 1989 4581 p.
2016 4520 2106 4568 176
2132 4524 2246 4582 sq.).

512 4572 568 4618 1..
589 4571 665 4620 24.
688 4577 743 4643 n.
761 4577 812 4622 12.
839 4580 878 4626 t.
906 4602 964 4611 —
986 4580 1037 4624 1..
1062 4578 1141 4627 ss.
1167 4584 1193 4638 s
1213 4579 1261 4628 7.
1281 4579 1328 4626 8.
1366 4583 1420 4628 n.
1444 4578 1511 4625 de
1534 4581 1603 4627 V.
1639 4583 1689 4626 0.
1720 4579 1874 4636 (ην,
2004 4584 2081 4642 13)
2105 4585 2155 4630 ι..
2178 4582 2258 4631 78.
2284 4587 2338 4632 n.
2357 4583 2424 4633 de
2444 4588 2516 4634 V.
2543 4589 2815 4640 s.-1..15.
2840 4606 2912 4651 pr.
2938 4599 2992 4640 et
3012 4597 3040 4652 ς
3057 4596 3107 4642 ι.
3133 4596 3189 4641 n.
3215 4589 3311 4649 qm·

512 4633 601 4690 1.),
627 4636 974 4692 significatione
995 4640 1060 4687 cf.
1088 4643 1316 4691 Thibaut
1334 4644 1394 4689 ad
1420 4645 1680 4699 Cuperem:
1715 4654 1762 4700 p.
1785 4643 1878 4691 157
1939 4645 2132 4692 satisd.
2168 4656 2282 4707 σος.
2310 4674 2364 4681 -
2394 4649 2494 4696 Cic.
2518 4663 2602 4711 ep,
2622 4654 2684 4701 ad
2706 4656 2840 4711 Ata(
2868 4657 2947 4716 Vi,
2973 4658 3024 4704 1.
3048 4658 3067 4716 )
3090 4657 3143 4704 in
3166 4667 3240 4702 m.
3258 4678 3316 4688 -—

509 4695 686 4744 -174,
707 4704 759 4744 et
781 4701 1017 4761 Saviqny
1035 4704 1060 4758 S
1078 4703 1127 4751 7.
1147 4717 1196 4763 p.
1230 4704 1294 4754 42
1309 4704 1464 4752 -63,
1485 4730 1547 4739 -
1575 4704 1877 4754 Unterholz·
1938 4708 2213 4769 Savt‘qrtrs·
2234 4709 2282 4756 8.
2307 4723 2355 4769 p.
2379 4708 2442 4757 85
2462 4724 2483 4756 s
2528 4747 2543 4760 .

507 4769 609 4804 ner
630 4760 663 4804 l.
682 4761 715 4804 l.
735 4773 781 4818 p.
809 4760 1080 4812 367-370.
2006 4770 2084 4830 14)
2109 4771 2165 4817 V.
2190 4785 2233 4819 c.
2260 4773 2312 4819 L.
2336 4772 2415 4820 16.
2440 4724 2538 4827 32.
2568 4775 2693 4827 7.-
2714 4779 2768 4828 1..
2789 4775 2875 4826 3-1.
2893 4782 2920 4836 ς
2939 4781 2988 4827 1.
3017 4782 3073 4827 D.
3098 4777 3238 4826 dela.
3261 4788 3319 4834 p.

569 4817 618 4880 5)
640 4822 779 4869 velut
802 4824 854 4872 1..
876 4823 955 4872 16.
982 4827 1038 4874 D.
1063 4827 1130 4875 de
1147 4839 1334 4889 usurp.
1361 4827 1498 4888 (ΧΗ,
1520 4825 1593 4890 3.)
1619 4853 1674 4862 ——
1700 4830 1811 4880 Vld.
1830 4836 1880 4878 et
1943 4831 2020 4891 (V,
2040 4835 2109 4891 5.)
2133 4859 2183 4867 —
2208 4836 2261 4882 L.
2286 4835 2362 4881 10.
2385 4838 2437 4882 D.
2463 4836 2660 4896 sipars
2681 4841 2865 4890 leet-ed.
2886 4848 3003 4900 pet.
3027 4841 3116 4902 (v,
3135 4841 3235 4900 10.)
3263 4864 3320 4873 -

507 4888 614 4932 not.
632 4879 682 4933 4.
1943 4894 2017 4942 (11.
2039 4895 2272 4959 Saviqny
2294 4899 2321 4953 ς
2339 4894 2387 4944 8.
2409 4910 2458 4957 p.
2481 4896 2556 4952 86
2575 4915 2679 4963 sqq..
