3544 5506
1395 332 1531 375 car.
1572 333 1669 376 ιιι.
1712 333 1788 375 nn
1825 334 2102 376 nomino.
3024 324 3133 380 257

325 459 397 504 re
424 445 666 505 hahent
687 441 858 524 (not.
883 440 992 526 4);
1019 444 1086 522 2)
1131 451 1206 502 ut
1237 443 1378 523 jura
1401 487 1420 517 ,
1454 445 1727 504 liberum
1748 444 2013 504 dominii
2035 461 2221 505 usum
2255 446 2664 521 impedientia
2689 463 2766 507 ac
2803 454 3135 508 coarctan-

329 544 417 603 tia
433 587 450 616 ‚
496 560 693 618 quam
720 552 934 616 potest
955 545 1396 620 angustissime
1417 540 1818 619 accipiantur
1841 542 1887 619 ⁵)
1906 587 1926 618 ,
1950 551 2087 604 tum
2118 547 2312 605 etiam
2342 545 2405 619 3)
2445 546 2667 605 iisdem
2691 561 2727 604 e
2748 546 2960 607 medio
2984 549 3135 606 sub-

333 639 500 715 latis,
545 641 688 714 ipso
716 641 867 716 jure
908 655 1130 700 rursus
1160 641 1640 714 redintegretur
1658 636 2013 700 dominium
2040 637 2125 717 6);
2165 642 2443 714 denique
2467 642 2529 718 4)
2572 648 2647 700 ut
2670 641 2963 701 dominus
2995 657 3134 702 rem

327 755 364 798 a
392 755 782 815 quocunque
811 742 951 817 ejus
987 756 1353 816 possessore
1378 743 1711 815 repetendi
1732 742 1840 818 jus
1867 741 2102 800 habeat
2120 784 2139 818 ,
2179 749 2444 802 eatenus
2476 743 2769 817 quidem,
2816 748 3136 815 quatenus

328 854 457 900 non
495 842 660 900 adsit
682 842 1020 915 peculiaris
1040 854 1267 918 causa,
1293 856 1460 916 quae
1479 842 1715 902 efficiat
1735 883 1753 912 ,
1798 848 1873 901 ut
1893 842 2177 902 retinere
2204 857 2350 902 eam
2377 858 2705 916 possessor
2725 848 2944 916 queat.
2961 874 3042 885 -
3062 845 3134 900 Et

329 939 500 1010 apud
524 942 775 997 veteres
796 937 1058 1011 quidem
1094 939 1411 997 Romanos
1439 918 1581 997 non'
1611 936 1734 996 nisi
1764 953 1968 996 unum
2008 943 2152 996 erat
2176 937 2566 1010 dominium,
2602 939 2796 1012 idque
2842 937 2906 994 in
2948 952 3026 996 ea
3061 953 3135 996 re

328 1038 713 1109 apparebat,
748 1052 943 1111 quam
965 1035 1291 1096 vindicare
1312 1053 1391 1097 ex
1413 1037 1563 1112 jure
1587 1031 1922 1116 Quiritium
1948 1037 2147 1096 licuit.
2189 1041 2414 1098 Postea
2442 1039 2679 1112 duplex
2718 1033 2986 1095 invaluit
3012 1036 3133 1096 do·

327 1129 504 1190 minii
523 1147 761 1206 genus:
792 1135 1070 1192 alterum
1098 1148 1176 1193 ex
1197 1135 1347 1208 jure
1379 1134 1715 1210 Quiritium
1741 1149 1794 1191 s.
1819 1133 2172 1206 legitimum
2192 1180 2209 1208 ‚
2250 1130 2373 1209 (cui
2399 1134 2589 1192 etiam
2612 1139 2838 1206 postea
2871 1131 3134 1193 dominii

327 1247 568 1292 nomen
595 1247 753 1305 prae
792 1233 1066 1292 caeteris
1109 1231 1304 1290 tribui
1331 1227 1588 1292 solitum
1618 1231 1788 1308 est);
1833 1233 2107 1290 alterum
2145 1247 2370 1291 earum
2397 1248 2651 1298 rerum.
2685 1247 2844 1306 quas
2883 1227 3023 1305 quis
3065 1230 3134 1289 in

326 1327 512 1387 bonis
542 1333 795 1386 tantum
822 1328 1097 1387 habebat
1123 1326 1210 1403 (d.
1242 1329 1576 1404 naturale,
1620 1325 2035 1401 bonitarium)
2063 1324 2148 1400 ⁷);
2178 1327 2362 1403 cujus
2389 1342 2584 1386 causa
2610 1328 2855 1385 nullam
2896 1327 2959 1384 in
2990 1340 3131 1386 rem

326 1424 647 1484 actionem
677 1419 1026 1497 antiquitus
1053 1422 1315 1495 quidem
1342 1419 1664 1496 proditam
1704 1422 1895 1480 fuisse
1940 1422 2275 1494 probabile
2313 1429 2433 1482 est.
2478 1426 2557 1481 Bt
2601 1428 3023 1496 posteaquam
3067 1421 3134 1479 in

326 1524 466 1582 'rem
517 1525 838 1583 actionem
878 1526 1141 1582 Praetor
1177 1524 1788 1582 accommodaverat
1826 1521 2090 1581 domino
2129 1521 2487 1597 bonitario‚
2533 1528 2750 1579 tamen
2796 1520 3134 1580 discrimen

327 1621 499 1680 inter
519 1628 868 1694 utrumque
888 1616 1151 1681 dominii
1184 1636 1384 1693 genus
1412 1627 1751 1694 supererat
1767 1664 1786 1693 ,
1813 1636 1945 1681 non
1972 1622 2164 1694 plane
2192 1621 2427 1680 nullius
2453 1620 2763 1680 momenti
2789 1617 2863 1695 ⁸).
2896 1623 2971 1679 At
2990 1634 3135 1678 sen·

327 1724 445 1778 sim
492 1722 857 1794 sensimque
895 1716 1232 1792 utriusque
1273 1721 1426 1795 jura
1453 1727 1809 1793 exaequata
1856 1727 2042 1795 sunt,
2080 1720 2276 1792 idque
2319 1721 2417 1779 vel
2446 1721 2724 1779 maxime
2767 1720 2960 1778 tiebat
2997 1724 3133 1776 tum

326 1820 561 1878 veteris
602 1821 996 1895 judiciorum
1024 1817 1266 1878 ordinis
1292 1820 1716 1880 exstinctione
1737 1863 1753 1890 ‚
1797 1826 1932 1878 tum
1961 1834 2116 1878 vero
2143 1815 2480 1877 Justiniani
2520 1817 2895 1891 legislatoris
2921 1823 3138 1876 aucto-

328 1917 519 1975 ritate
543 1912 614 1988 ⁹).
645 1920 809 1988 Ergo
843 1931 1047 1974 unum
1075 1916 1231 1974 illud
1276 1917 1582 1975 remansit
1609 1915 1960 1982 dominium
1980 1955 1998 1984 ,
2043 1914 2228 1989 cujus
2255 1914 2517 1988 quidem
2543 1909 2894 1987 praecipua
2930 1913 3023 1971 vis
3071 1913 3137 1970 in

327 2015 691 2074 vindicandi
731 2022 1049 2089 potestate
1092 2011 1299 2089 posita
1326 2022 1460 2094 est3
1489 2016 1715 2088 utique
1740 2030 1820 2073 ex
1847 2015 1985 2090 ejus
2026 2013 2224 2088 juris,
2274 2029 2405 2088 quo
2432 2019 2763 2087 tamquam
2812 2011 3136 2071 communi

326 2114 608 2191 utimur,
635 2111 851 2175 indole
878 2122 943 2174 et
969 2117 1220 2175 ratione
1249 2114 1353 2190 (ct’.
1391 2116 1418 2189 ς
1449 2116 1550 2174 79.
1580 2120 1719 2174 not.
1750 2112 1865 2186 9.).

463 2327 491 2400 ς
530 2327 676 2385 246.
720 2323 925 2383 Modus
965 2342 1033 2384 ac
1073 2324 1239 2405 fines,
1279 2323 1482 2402 quibus
1525 2323 1902 2382 temtinatum
1942 2336 2052 2379 esse
2083 2326 2270 2398 potest
2309 2317 2653 2390 deminuam,
2694 2320 3009 2397 generatim

1515 2422 1935 2483 deseribuntur.

419 2623 729 2698 Termini,
761 2619 993 2697 quihus
1019 2625 1194 2683 velut
1220 2624 1522 2684 cancellis
1549 2621 1937 2684 circumdari
1964 2623 2129 2681 solet
2152 2621 2506 2680 dominium
2525 2664 2541 2693 ‚
2584 2627 2697 2680 aut
2728 2637 2766 2679 a
2794 2622 2932 2694 lege
2958 2628 3072 2679 aut
3099 2638 3138 2680 a

334 2721 739 2794 privatorum
777 2724 1111 2783 voluntate
1139 2725 1652 2798 proficiscuntur.
1678 2718 1864 2797 Quae
1891 2736 1967 2781 ex
1991 2727 2270 2795 utraque
2298 2736 2497 2780 causa
2530 2719 2893 2780 efficiuntur
2914 2720 3141 2779 limita-

328 2821 537 2882 tiones
565 2866 583 2893 ,
620 2836 738 2881 eae
755 2866 772 2891 ‚
798 2822 1108 2895 siquidem
1141 2822 1202 2898 1)
1225 2823 1352 2881 vim
1382 2839 1607 2882 earum
1635 2829 1883 2896 spectes
1911 2837 1989 2881 ac
2015 2827 2396 2896 potestatem
2413 2868 2429 2895 ‚
2460 2821 2751 2879 bifariam
2777 2820 2970 2878 dividi
2998 2835 3142 2893 pos·

326 2928 501 2981 sunt.
535 2921 811 2980 Primum
853 2938 891 2979 a
918 2937 1155 2995 genere
1179 2938 1543 2983 causarum.
1586 2927 1738 2982 Nam
1767 2923 1930 2982 aliae
1953 2924 2033 2981 ad
2069 2922 2388 2995 publicam
2421 2936 2557 2980 rem
2579 2968 2594 2990 ‚
2627 2922 2789 2979 aliae
2817 2922 2897 2979 ad
2927 2921 3139 2994 priva-

331 3026 464 3078 tam
494 3021 862 3098 pertinent;
900 3022 1185 3096 itemque
1211 3037 1286 3082 ex
1315 3023 1411 3081 his
1433 3024 1748 3096 quaedam
1778 3024 1843 3080 in
1874 3038 2010 3081 rem
2030 3065 2046 3092 ‚
2079 3022 2394 3094 quaedam
2424 3021 2485 3081 in
2512 3035 2855 3093 personam
2879 3020 3133 3095 juribus

332 3115 766 3188 adsignandae
796 3123 946 3175 sunt
972 3114 1033 3182 ¹).
1057 3121 1131 3192 11)
1160 3120 1444 3176 Alterum
1467 3124 1564 3177 est
1599 3113 1921 3177 divisionis
1958 3132 2159 3189 genus
2187 3117 2269 3174 ab
2298 3117 2540 3174 ambitu
2576 3133 2593 3171 ε
2633 3115 2945 3188 siquidem
2976 3115 3138 3175 aliae

331 3220 543 3274 totum
589 3210 874 3274 afficiunt
902 3218 1289 3294 dominium,
1338 3218 1500 3277 aliae
1538 3225 1791 3292 partem
1820 3210 1957 3295 ejus
1985 3217 2317 3274 duntaxat.
2359 3219 2589 3274 Totum
2628 3209 2982 3274 dominium
3010 3215 3134 3282 ita,

330 3317 404 3367 ut
448 3317 564 3369 aut
605 3312 685 3368 ad
730 3313 943 3385 plures
977 3320 1225 3387 spectet
1273 3315 1560 3389 ejusdem
1605 3315 1699 3373 rei
1731 3311 2084 3371 dominium
2107 3355 2124 3383 ‚
2156 3317 2270 3369 aut
2311 3317 2602 3385 tempore
2632 3312 2734 3369 vel
2770 3306 3139 3370 conditione

330 3409 930 3488 circumscribatur3
983 3428 1113 3485 quo
1152 3414 1411 3487 quidem
1459 3413 1838 3472 referendae
1891 3418 2043 3471 sunt
2087 3413 2255 3470 duae
2282 3407 2543 3470 dominii
2584 3406 2920 3470 divisiones
2962 3411 3135 3470 haee

397 3600 544 3659 5)Cf.
568 3600 622 3647 Ι..
646 3598 694 3649 1.
731 3604 783 3650 1..
807 3604 856 3649 3.
892 3605 919 3659 3
941 3605 988 3650 2.
1024 3606 1077 3651 1..
1112 3603 1194 3653 08.
1217 3618 1292 3665 pr.
1328 3607 1384 3652 D.
1422 3604 1491 3652 de
1522 3604 1700 3661 murt.
1769 3616 1820 3663 p.
1840 3602 1937 3652 362
1966 3616 2041 3665 sq.
2068 3631 2123 3639 —
2153 3604 2317 3664 Neque
2354 3615 2468 3651 vero
2500 3617 2612 3652 cum
2646 3604 2895 3653 bonitario
2922 3602 3140 3652 dominio

333 3661 667 3721 (vtl,1.)-·t..
692 3665 771 3712 13.
790 3667 817 3721 S
839 3667 886 3711 1.
910 3668 960 3714 in
977 3665 1135 3716 t.—1..
1171 3666 1251 3715 29.
1273 3668 1322 3714 in
1346 3668 1384 3714 1.
1405 3669 1460 3714 D.
1483 3667 1551 3716 de
1569 3670 1623 3715 S.
1641 3672 1705 3717 Ρ.
1770 3668 2081 3715 commisceri
2102 3669 2245 3715 debet
2266 3668 2423 3714 bonae
2441 3668 2554 3715 fidei
2579 3669 2839 3727 possessio,
2860 3678 3007 3725 quam
3029 3665 3141 3724 qui-

331 3729 395 3772 R.
418 3728 562 3782 (vul,
584 3726 658 3782 3.)
682 3748 746 3760 -
768 3729 820 3773 1..
846 3726 927 3775 13.
964 3731 990 3786 ς
1024 3732 1069 3775 1.
1115 3733 1170 3776 D.
1217 3741 1483 3778 commun.
1514 3732 1705 3788 praed.
1770 3730 1884 3776 dem
1928 3731 2162 3778 intactam
2208 3731 2405 3788 reliquit
2454 3731 2773 3779 Justinianus.
2822 3731 2954 3786 Quae
2976 3762 2992 3786 ‚
3024 3729 3138 3774 lieet

331 3790 479 3845 (vill,
501 3785 576 3845 4.)
591 3812 646 3819 -
664 3790 884 3845 Quocum
896 3792 1043 3838 etiam
1064 3793 1184 3839 illud
1205 3793 1453 3848 cohaeret,
1471 3797 1525 3838 ut
1548 3795 1596 3839 in
1615 3797 1709 3841 du·
1771 3795 2025 3839 nonnullis
2049 3794 2099 3839 in
2124 3793 2341 3852 partibus
2366 3792 2438 3838 illi
2463 3793 2562 3848 iuri
2586 3798 2714 3841 esset
2743 3790 3002 3848 persimilis
3023 3824 3039 3846 ,
3061 3792 3136 3835 ta-

335 3851 422 3897 bio
443 3863 534 3908 pro
552 3850 784 3899 libertate
806 3854 1010 3900 dominii
1024 3855 1203 3901 debeat
1223 3856 1528 3915 responderi,
1543 3857 1595 3903 Ι..
1617 3855 1708 3903 8-
1772 3866 1886 3901 men
1911 3856 2039 3901 inter
2067 3860 2328 3914 utrumque
2360 3856 2675 3912 gravissimae
2711 3854 2976 3901 intererant
2997 3850 3138 3898 diffe-

338 3912 419 3958 11.
439 3914 496 3959 C.
532 3912 758 3961 deserv.
780 3914 880 3972 (lll,
902 3914 1004 3972 34.)
1774 3918 1980 3973 rentiae,
2003 3929 2190 3975 eaeque
2215 3917 2337 3964 tales
2352 3949 2367 3971 ,
2390 3928 2515 3975 quae
2538 3916 2761 3977 inprimis
2782 3918 3059 3973 spectarent
3074 3914 3137 3961 ad

396 3973 444 4027 6)
465 3975 519 4020 Ι..
539 3976 588 4020 3.
609 3977 635 4030 S
653 3975 703 4023 2.
727 3978 782 4023 D.
803 3977 873 4023 de
891 3975 1164 4033 muln—S
1184 3980 1275 4025 ult.
1301 3981 1337 4026 l.
1356 3978 1599 4025 eod.—L.
1623 3978 1709 4027 30.
1772 3982 2050 4025 naturalem
2071 3980 2275 4026 dominii
2299 3980 2397 4025 vim
2415 3991 2473 4025 ac
2504 3982 2762 4026 rationem.
2788 3977 2804 4032 (
2829 3978 2937 4024 vid.
2961 3987 3009 4023 v.
3033 3976 3140 4034 e.a)

334 4049 410 4095 pr.
436 4038 491 4084 D.
515 4036 584 4082 de
601 4037 654 4083 S.
680 4039 743 4084 P.
772 4040 832 4085 U.
859 4039 1002 4102 (vul,
1023 4040 1213 4099 2.)-1..
1232 4040 1281 4089 6.
1301 4053 1376 4100 pr.
1398 4042 1543 4100 quib.
1568 4042 1705 4089 mod.
1774 4041 1828 4086 L.
1855 4040 1932 4088 10.
1958 4047 2005 4086 et
2030 4040 2107 4088 17.
2145 4044 2201 4089 l).
2243 4041 2311 4088 de
2350 4041 2496 4097 pube.
2524 4041 2580 4086 in
2605 4053 2714 4088 rem
2736 4043 2845 4086 aet.
2889 4040 3001 4086 coll.
3025 4050 3139 4084 cum

331 4100 478 4157 piqn.
505 4098 638 4144 solv.
668 4099 875 4160 (xx‚6.)
1769 4100 1847 4148 his
1869 4137 1884 4160 ‚
1924 4115 2049 4162 quae
2082 4105 2144 4149 de
2176 4104 2245 4150 rei
2281 4104 2505 4149 venditae
2537 4107 2587 4148 et
2623 4102 2831 4149 traditae
2852 4101 3141 4159 exceptione

393 4159 445 4218 7)
467 4161 576 4206 vid.
613 4162 731 4218 Gaji
773 4164 884 4209 inst.
922 4164 976 4223 l,
1014 4160 1093 4212 54.
1130 4166 1212 4222 ll,
1245 4162 1324 4212 40.
1362 4170 1412 4213 et
1448 4165 1709 4223 Theophili
1769 4170 2019 4222 comperta
2044 4165 2279 4212 habemus
2303 4163 2456 4222 3270.
2482 4164 2677 4225 not.2.;
2702 4165 2754 4220 b)
2776 4163 2892 4219 Gali
2911 4164 3025 4210 inst.
3052 4165 3136 4209 lll-

332 4222 567 4280 paraphr.
592 4224 633 4278 1,
655 4222 703 4273 5.
725 4223 811 4280 3⁴.
828 4251 888 4260 —
918 4227 1308 4274 Unterholzner
1327 4230 1494 4276 Rhein.
1520 4230 1642 4275 Mus.
1665 4231 1703 4274 l.
1770 4226 1797 4280 S
1823 4225 1999 4273 160-
2011 4227 2125 4283 Ulp.
2147 4230 2225 4274 Fr.
2252 4229 2351 4274 Tit.
2379 4228 2498 4272 xlx.
2524 4230 2550 4283 S
2570 4224 2650 4274 20.
2674 4224 3137 4273 21.—Unterho!z·

333 4298 382 4342 p.
413 4284 507 4332 129
546 4296 656 4343 sqq.
700 4288 797 4342 (cf.
833 4290 905 4333 M.
947 4290 999 4335 S.
1039 4292 1230 4345 Mqrer
1262 4291 1311 4336 in
1344 4289 1702 4350 ephemeridib.
1774 4299 1876 4333 ner
1897 4289 1929 4335 l.
1956 4291 1990 4335 l.
2014 4291 2040 4345 S
2061 4291 2106 4335 4.
2126 4290 2192 4349 (ρ.
2214 4287 2307 4335 140
2324 4290 2511 4347 sqq.)—-
2533 4288 2813 4336 Zimmern
2835 4290 2870 4335 l.
2891 4290 2925 4334 l.
2953 4300 3001 4345 p.
3021 4285 3141 4336 325.

340 4347 641 4401 jun-imm).
662 4349 740 4394 lv.
771 4362 818 4407 p.
841 4348 904 4397 65
928 4376 982 4385 —
1005 4350 1124 4409 76.).
1151 4353 1507 4401 -Ζὶιπηιενη
1533 4351 1705 4397 Rhein.
1772 4362 1822 4407 p.
1849 4349 1936 4397 331
1966 4363 2074 4409 sqq.
2101 4376 2161 4383 —
2214 4351 2601 4397 Untemolzner
2641 4353 2675 4397 l.
2702 4352 2736 4397 l.
2774 4353 2832 4398 v.
2870 4362 2921 4407 p.
2947 4349 3006 4398 14
3029 4363 3137 4411 sqq.

333 4410 460 4457 Mus.
503 4410 587 4456 ΙΙΙ.
630 4421 679 4467 p.
721 4410 809 4459 311
847 4424 952 4471 sqq.
989 4439 1050 4447 —
1092 4415 1485 4463 Unterhotzner
1528 4414 1704 4460 Rhein.
1770 4413 1851 4459 Nr.
1893 4415 1991 4459 XV.
2027 4437 2088 4446 —
2122 4416 2314 4470 Μηνᾶν
2357 4413 2590 4460 zeitschr.
2632 4414 2714 4460 fur
2755 4412 2916 4472 gesch.
2964 4413 3019 4460 R.
3057 4416 3137 4460 W.

333 4473 456 4517 Mus.
483 4473 543 4517 V.
561 4467 659 4517 Νι.
683 4474 718 4519 l.
744 4477 1000 4531 -lllaser
1016 4477 1253 4525 zeitschr.
1279 4478 1315 4526 1.
1341 4477 1504 4537 gesch.
1545 4477 1600 4522 R.
1623 4476 1703 4522 W.
1770 4475 1872 4521 vu.
1909 4488 1957 4534 p.
1984 4473 2063 4522 15.
2096 4476 2238 4523 Unde
2266 4488 2355 4521 nec
2389 4477 2644 4522 commode
2679 4476 2834 4522 bonae
2871 4475 2985 4521 fidei
3027 4487 3142 4534 pos-

333 4535 393 4581 Τ.
419 4535 543 4581 vnt.
566 4534 650 4580 Nr.
679 4535 715 4582 l.
1769 4540 1920 4584 sessio
1942 4539 2220 4596 appellatur
2237 4538 2569 4595 praetorium
2599 4537 2888 4587 dominium
2911 4539 2998 4596 (cf.
3031 4539 3143 4585 Un-

394 4594 443 4654 8)
469 4598 614 4643 Velut
636 4603 691 4654 a)
711 4597 831 4656 Gnji
866 4599 978 4645 inst.
1021 4599 1082 4645 lv
1105 4633 1121 4656 ‚
1153 4598 1212 4648 91
1250 4614 1355 4662 sqq.
1397 4600 1708 4658 (Haubeldt
1770 4600 2079 4647 terholzner
2098 4602 2131 4647 l.
2153 4602 2187 4647 l.
2212 4614 2262 4660 p.
2286 4598 2397 4647 130.
2420 4625 2478 4633 -
2503 4595 2682 4661 Ρυρρέ
2708 4601 2882 4648 Rhein.
2918 4602 3042 4648 Mus.
3079 4602 3139 4647 ll.

330 4660 482 4716 epicr.
504 4661 666 4716 antiq.
691 4661 916 4708 Heinecc.
943 4674 990 4719 p.
1012 4659 1213 4714 932.)—
1230 4663 1278 4722 b)
1303 4678 1375 4722 pr.
1401 4667 1438 4710 l.
1457 4662 1524 4709 de
1546 4675 1700 4710 usuc.
1771 4677 1819 4723 p.
1845 4660 1941 4711 294
1967 4664 2114 4721 sqq).

335 4745 388 4753 -
409 4723 455 4777 c)
478 4722 606 4777 αισι·
624 4722 742 4768 inst.
767 4725 816 4782 ι,
837 4721 1149 4771 54,55.167.
1177 4751 1238 4759 -
1270 4729 1382 4782 υιρ.
1421 4728 1499 4771 rr.
1522 4726 1580 4785 (ι,
1604 4724 1703 4783 16.)

396 4781 448 4841 9)
471 4785 527 4830 1..
553 4796 637 4829 un.
657 4785 710 4830 C.
732 4783 801 4832 de
822 4785 970 4832 nudo
1000 4789 1133 4842 jure
1155 4787 1300 4848 Quir.
1321 4789 1428 4836 toll.
1453 4787 1581 4848 (Vll,
1601 4785 1702 4847 25.)
2408 4759 2434 4813 S
2454 4754 2567 4804 24⁰⁶

333 4869 388 4878 ·-
412 4849 464 4892 t..
490 4858 582 4893 un.
609 4846 662 4891 c.
687 4846 759 4918 gie
777 4859 933 4895 usuc.
958 4847 1155 4902 transf.
1178 4852 1302 4907 (vll,
1323 4850 1424 4909 31.)
1449 4874 1511 4885 -
1536 4851 1587 4897 l..
1614 4862 1699 4898 un.
1829 4854 1873 4908 1)
1892 4853 2029 4898 velut
2044 4851 2124 4907 jus
2147 4851 2478 4913 protimeseos‚
2500 4853 2662 4901 damni
2706 4852 2877 4900 infecti
2888 4851 3139 4912 obligatio,

329 4910 383 4954 C.
410 4909 479 4955 de
513 4909 611 4955 lat.
659 4908 748 4954 leb.
787 4910 893 4956 toll.
930 4911 1050 4969 (Vll,
1068 4910 1138 4969 6.)
1174 4937 1231 4946 —
1268 4915 1550 4962 Zimmem
1582 4915 1616 4959 l.
1664 4914 1698 4960 Ι.
1765 4916 2010 4973 hujnsqne
2033 4915 2228 4962 similia.
