3544 5506
439 308 550 367 362
1171 321 1322 362 muts
1359 320 1518 361 spite.
1561 319 1679 361 mn.
1723 320 1823 360 111.
1865 319 1941 361 1)ss
1979 320 2499 365 onbmauoumns.

441 433 748 492 debitoris
778 431 1115 491 arbitrium
1136 428 1210 502 ⁵).
1240 428 1302 501 2)
1342 429 1640 506 Quaestio
1683 435 1900 486 autem
1925 428 2085 487 haec
2117 446 2130 484 :
2171 436 2416 501 quanta
2451 424 2723 502 pecunia
2754 436 2823 488 et
2853 429 3067 504 qualis
3106 430 3258 488 red·

438 535 649 591 denda
680 531 796 589 sit?
827 536 963 588 tota
984 536 1084 587 est
1113 530 1395 599 regenda
1414 544 1490 588 ex
1513 529 1840 587 communi
1865 523 2180 601 principio
2201 572 2220 604 ‚
2251 529 2384 587 scil.
2411 530 2945 588 tantundem-esse
2970 528 3260 608 ejusdem

436 628 686 700 generis
707 670 723 696 ,
746 633 1058 699 quantum
1082 625 1304 682 datum
1326 625 1405 682 sit
1423 666 1439 691 ‚
1468 624 1888 697 ejusdemque
1914 621 2244 697 qualitatis
2294 625 2761 683 restituendum
2786 625 2838 699 6)
2854 667 2871 683 .
2891 629 3035 683 Jam
3064 641 3223 684 vero
3239 666 3256 693 ‚

436 730 496 802 a)
528 746 676 790 cum
698 731 795 787 lex
825 728 1119 786 numaria
1148 728 1402 801 (vocant
1430 722 1758 801 Mdnzfuss)
1806 733 2053 784 mutata
2081 727 2477 797 inveniatur,
2508 743 2584 785 ex
2612 742 2691 786 ea
2712 766 2732 796 ‚
2773 741 2945 799 quae
2982 729 3262 787 dationis

430 837 726 901 tempore
760 829 878 887 fuit
896 871 912 897 ,
956 842 1189 885 norma
1212 868 1228 895 ‚
1261 833 1575 899 quantum
1603 827 1684 883 sit
1711 828 2115 885 reddendum
2138 828 2452 899 pecuniae
2470 869 2488 900 ,
2533 828 3007 885 aestimandum
3031 829 3165 886 enit
3179 823 3256 906 ⁷).

436 925 670 1000 Quodsi
698 922 762 998 b)
788 924 1072 997 ipsorum
1096 929 1189 980 est
1203 938 1551 980 numorum
1575 921 1856 993 pretium
1886 928 2204 980 mutatum
2227 966 2246 998 ‚
2272 923 2462 995 idque
2481 922 2687 980 solum
2714 924 3073 998 internum,
3107 920 3259 983 nihil

433 1022 571 1081 fere
602 1023 665 1080 id
688 1023 859 1079 valet
877 1023 958 1079 ad
991 1022 1426 1079 definiendum
1451 1062 1467 1088 ‚
1497 1021 1648 1093 quid
1666 1028 2059 1092 quantumve
2078 1022 2479 1079 reddendum
2503 1023 2581 1080 sit
2597 1018 2666 1096 ⁸),
2692 1024 3053 1082 dummodo
3082 1025 3260 1082 numi

433 1124 689 1181 noviter
730 1122 865 1179 cusi
905 1136 981 1180 ex
1012 1124 1239 1179 eodem
1280 1127 1430 1179 sunt
1463 1136 1699 1192 genere
1723 1121 2006 1191 metalli,
2052 1136 2173 1180 nec
2201 1138 2320 1195 per
2340 1128 2593 1194 tempus
2625 1128 2882 1181 tantum
2914 1137 2992 1180 ex
3037 1139 3259 1182 rerum

434 1223 917 1281 necessitatibus
955 1222 1290 1280 diminutio
1328 1221 1636 1278 factaaut
1654 1216 1998 1293 probitatis
2021 1260 2038 1289 ‚
2072 1228 2183 1280 aut
2219 1223 2521 1295 ponderis
2554 1235 2929 1282 numerum.
2970 1223 3078 1281 Sin
3121 1238 3258 1296 pre-

434 1319 595 1375 tium
629 1326 916 1376 mutatur
940 1359 957 1385 ,
1010 1319 1187 1390 quod
1215 1318 1459 1387 legibus
1497 1316 1850 1389 imponitur
1879 1319 2086 1375 numis
2132 1319 2391 1393 (vocant
2436 1324 2775 1376 externum
2820 1335 2873 1380 s.
2906 1316 3262 1391 legitimum

436 1415 761 1487 pretium),
798 1414 950 1470 item
972 1429 1046 1471 ex
1069 1428 1147 1471 eo
1167 1420 1460 1485 tempore
1480 1457 1496 1486 ‚
1530 1429 1659 1485 quo
1695 1414 2025 1471 reddenda
2047 1409 2128 1471 sit
2152 1409 2426 1486 pecunia
2445 1455 2460 1480 ‚
2490 1429 2596 1472 res
2613 1415 2737 1472 erit
2768 1415 3170 1474 aestimanda
3184 1416 3260 1490 ⁹),

434 1513 722 1571 similiter
766 1513 1020 1571 ratione
1061 1513 1280 1571 habita
1318 1518 1684 1586 temporum
1724 1529 1801 1570 ac
1849 1529 2229 1583 causarum,
2277 1515 2452 1572 unde
2496 1514 2786 1586 profecta
2831 1516 2912 1573 sit
2952 1516 3258 1588 mutati0,

442 1611 658 1681 quoad
688 1610 750 1666 id
782 1610 1036 1681 quidem
1068 1624 1185 1681 per
1210 1616 1455 1667 certam
1488 1613 2025 1668 commerciorum
2057 1610 2374 1689 rationem
2406 1617 2601 1683 atque
2627 1627 2815 1668 usum
2853 1613 2993 1670 fieri
3026 1620 3258 1685 potest.

435 1714 644 1787 Quare
666 1706 860 1767 etiam
897 1708 954 1781 c)
980 1709 1367 1767 conveniens
1395 1716 1524 1781 est,
1554 1717 1664 1779 ut,
1709 1711 1758 1768 si
1783 1706 2096 1784 ejusmodi
2129 1717 2278 1768 sunt
2309 1706 2488 1768 numi
2513 1707 2644 1768 dati
2669 1756 2685 1781 ‚
2715 1692 2999 1783 quorum
3044 1730 3166 1786 per
3194 1728 3261 1771 se

436 1821 573 1863 esse
608 1808 768 1863 solet
796 1807 1102 1863 mutabile
1143 1801 1448 1878 pretium,
1479 1806 1521 1864 i.
1562 1823 1619 1864 e.
1648 1807 1812 1876 tale,
1847 1808 2017 1878 quod
2051 1803 2188 1879 ipso
2222 1808 2396 1865 vitae
2434 1824 2554 1865 usu
2585 1810 3266 1881 commerciorumque

433 1906 683 1964 ratione
705 1906 877 1962 varie
893 1906 1163 1963 subinde
1185 1906 1345 1963 solet
1375 1907 1672 1963 constitui
1704 1907 1961 1981 (vocant
1990 1905 2367 1982 &impr-eis),
2391 1913 2644 1964 tantum
2667 1921 2804 1964 esse
2829 1909 3259 1975 reddendum,

441 2001 665 2074 quanti
690 2016 776 2059 eo
798 2007 1091 2074 tempore
1120 2016 1196 2058 ac
1214 2002 1359 2059 loco
1383 2044 1400 2074 ,
1432 2017 1564 2073 quo
1591 2018 1779 2059 suum
1806 2002 2071 2074 recipiat
2093 1998 2375 2060 creditor
2400 1998 2495 2074 ἀ),
2523 2002 2848 2060 habentur
2868 2005 3088 2075 numi,
3119 2019 3267 2061 cum

435 2101 561 2159 hoc
588 2103 780 2160 modo
812 2117 1017 2174 aeque
1041 2104 1418 2158 tantundem
1459 2101 1546 2158 illi
1583 2109 1970 2173 recepturus
1990 2101 2075 2159 sit
2095 2146 2110 2170 ‚
2143 2108 2454 2174 quantum
2484 2098 2619 2174 ipse
2642 2098 2896 2161 dederit
2930 2102 3001 2175 ¹¹)
3031 2121 3047 2160 :
3081 2119 3268 2175 prae—

435 2204 735 2269 terquam
761 2198 813 2255 si
854 2198 1355 2270 pactionibuset
1389 2198 1471 2254 de
1499 2213 1844 2255 numorum
1877 2213 2112 2268 genere
2147 2203 2209 2255 et
2241 2198 2322 2255 de
2362 2192 2620 2256 illorum
2650 2195 3102 2258 aestimatione
3134 2201 3269 2273 jam

438 2296 608 2355 inter
650 2297 1106 2354 contrahentes
1132 2297 1435 2354 convenit
1459 2296 1550 2368 η).
1596 2295 1657 2369 5)
1704 2296 2053 2354 chartacea
2094 2297 2365 2368 pecunia
2414 2303 2639 2356 mutuo
2683 2298 2835 2355 data
2864 2304 3126 2356 tantum
3178 2305 3272 2357 est

438 2404 820 2454 numeratae
852 2396 1170 2469 pecuniae
1215 2397 1651 2469 reddendum,
1691 2402 1937 2468 quanto
1982 2391 2118 2454 initi
2145 2403 2517 2454 contractus
2557 2404 2850 2469 tempore
2879 2399 3271 2456 commutari

440 2491 547 2554 illa
576 2501 834 2569 poterat
861 2538 878 2564 ,
923 2510 1145 2552 rursus
1176 2509 1363 2567 vero,
1393 2509 1542 2550 cum
1564 2494 1799 2550 solutio
1845 2494 1916 2550 tit
1944 2508 2292 2550 numorum
2319 2495 2623 2553 datorum
2657 2477 3051 2553 chartaceae
3074 2510 3273 2568 pecu-

437 2596 586 2653 niae
629 2596 872 2663 sorma,
903 2595 1091 2669 hujus
1130 2594 1388 2667 quidem
1419 2595 1778 2652 aestimatio
1812 2609 1887 2652 ex
1915 2594 2248 2653 solutionis
2288 2600 2580 2667 tempore
2604 2595 2741 2653 fieri
2782 2596 3018 2663 debet,
3055 2596 3147 2653 sic
3170 2602 3271 2652 ta-

437 2707 587 2748 men
610 2734 625 2761 ,
673 2697 747 2747 ut
770 2696 1022 2747 tantum
1043 2691 1314 2764 recipiat
1346 2690 1626 2748 creditor
1649 2733 1665 2766 ‚
1714 2697 2026 2765 quantum
2058 2691 2332 2748 dationis
2360 2696 2654 2764 tempore
2675 2733 2692 2758 ‚
2722 2706 2880 2748 vera
2919 2704 3269 2748 numorum

440 2787 886 2846 aestimatione
924 2786 1088 2845 facta
1112 2830 1131 2859 ,
1177 2783 1234 2844 ei
1279 2787 1505 2845 oberat
1533 2786 1626 2860 ι3).
1679 2790 1760 2844 Ex
1804 2803 1935 2860 quo
1981 2788 2177 2845 etiam
2217 2794 2446 2861 sponte
2485 2788 2896 2859 intelligitur,
2943 2803 3271 2861 quaenam

440 2884 719 2945 ineunda
750 2888 828 2945 sit
856 2888 1053 2959 ratio,
1098 2902 1243 2945 cum
1284 2887 1668 2946 chartaceae
1710 2888 2024 2962 pecuniae
2060 2902 2296 2961 genere
2325 2894 2392 2947 et
2419 2888 2831 2947 contrahitur
2859 2896 3165 2948 mutuum
3205 2894 3274 2947 et

442 2980 709 3043 solvitur
740 2980 831 3057 ¹⁴).

795 3161 986 3236 §578.
1021 3161 1094 3235 D)
1128 3161 1210 3218 De
1232 3179 1350 3219 non
1376 3166 1710 3219 amram
1724 3156 2001 3238 pecuniae
2028 3168 2082 3219 et
2108 3161 2338 3240 querela
2365 3172 2422 3223 et
2449 3162 2777 3244 exceptione
2809 3161 2909 3242 (³⁸¹).

526 3360 586 3418 Si
610 3354 750 3433 quis
780 3365 1010 3419 mutuo
1039 3375 1107 3418 se
1132 3361 1453 3433 accepisse
1479 3376 1581 3420 res
1609 3359 1851 3436 scripto
1881 3362 2212 3425 consessus
2242 3371 2375 3441 est,
2407 3357 2581 3423 intra
2605 3362 2936 3423 biennium
2961 3361 3001 3439 1)
3033 3370 3150 3422 aut
3172 3379 3278 3423 ne-

506 3536 554 3595 5)
586 3538 863 3594 eujusmodi
877 3542 953 3583 est
972 3544 1284 3596 praeceptum
1305 3540 1417 3585 Rec.
1440 3539 1558 3596 imp.
1583 3537 1643 3584 de
1669 3537 1814 3588 1576.
1942 3542 2022 3599 11)
2056 3544 2247 3590 caeter.
2282 3542 2382 3591 vid.
2418 3542 2637 3598 Preiffer
2672 3543 2700 3597 S
2730 3539 2783 3588 6.
2807 3548 2859 3588 et
2897 3543 3081 3589 Landr.
3112 3543 3154 3589 f.
3194 3543 3277 3590 <lie

444 3602 471 3656 S
494 3601 574 3648 76.
596 3602 677 3657 (cf.
698 3603 890 3658 allgem.
907 3602 1084 3646 Land1·.
1112 3601 1147 3646 f.
1163 3603 1212 3647 d.
1237 3604 1427 3647 Preuss.
1444 3602 1606 3647 St.l.l.
1622 3600 1815 3659 3780).
1878 3605 2070 3651 Preuss.
2095 3606 2165 3652 St.
2186 3609 2211 3662 S
2230 3603 2344 3652 792.
2380 3606 2477 3664 [De
2509 3605 2603 3652 boe
2641 3610 2934 3661 argumento
2974 3606 3077 3651 vid.
3118 3607 3274 3652 etiam

447 3665 862 3782 —fGlgic-lgg‘and.
894 3663 997 3709 Xll.
1020 3676 1069 3721 p.
1094 3661 1175 3711 67.
1204 3689 1259 3696 —-
1282 3663 1554 3710 Schrader·
1573 3665 1607 3709 l.
1632 3666 1668 3711 1.
1690 3666 1715 3719 S
1734 3665 1815 3713 22.
1880 3662 2309 3782 Polliierjp'l'raite
2333 3668 2403 3714 du
2420 3671 2541 3727 pret.
2558 3669 2639 3714 Νι.
2663 3665 2948 3715 57.-c0‹l.
2973 3666 3274 3726 Napaeae]

443 3727 555 3773 in.
636 3762 647 3772 .
738 3759 842 3786 ..,
1947 3729 2155 3776 12Pe
2217 3742 2294 3777 er.
2370 3729 2450 3777 11.

507 3787 556 3846 6)
592 3740 698 3846 3η).
725 3792 828 3834 not.
854 3787 902 3831 1.
921 3791 967 3831 et
991 3786 1039 3834 ⁶2.
1066 3809 1118 3820 -—-
1143 3787 1305 3845 Neque
1337 3787 1386 3833 in
1413 3786 1568 3832 mutui
1607 3788 1819 3834 dationi·
1947 3733 2024 3851 ¹33
2057 3793 2129 3838 ΟΕ.
2157 3729 2573 3850 ἵζ’ὴναδάενςἋ.
2605 3793 2660 3840 in
2698 3792 2737 3838 f.
2778 3792 2866 3851 (p.
2890 3790 2973 3839 62.
2996 3792 3048 3838 in
3089 3793 3129 3840 f.
3160 3804 3266 3852 neq,

443 3851 535 3896 bus
558 3852 799 3897 dubitatio
823 3850 964 3894 facile
988 3850 1165 3896 exoriri
1185 3854 1363 3906 potest,
1384 3850 1443 3894 de
1476 3860 1691 3906 quonam
1713 3862 1816 3897 mo·
1881 3855 1907 3909 5
1923 3852 2005 3901 26.
2034 3856 2100 3912 (p.
2120 3853 2243 3913 76.).

444 3920 672 3959 netarum
697 3923 872 3970 genere
892 3912 1213 3968 cogitaverint
1232 3911 1593 3966 contrahentes,
1618 3913 1722 3959 scii.
1739 3912 1815 3960 his
1943 3915 2021 3975 14)
2054 3916 2130 3965 Cf.
2151 3917 2328 3964 Landr.
2354 3918 2393 3964 f.
2409 3917 2487 3963 die
2510 3917 2701 3963 Preuss.
2726 3916 2928 3964 Staaten
2943 3919 2974 3973 8
2992 3915 3274 3966 793-795.

446 3976 495 4020 in
520 3977 697 4030 causis,
722 3975 802 4019 ubi
824 3976 953 4019 idem
974 3975 1265 4020 vocabulum
1287 3974 1346 4019 ad
1369 3974 1544 4019 diversi
1560 3975 1701 4030 pretii
1724 3989 1815 4022 nu·

448 4049 555 4083 mos
590 4038 819 4095 pertinet.
836 4062 892 4069 -
907 4037 982 4081 Cf.
1007 4038 1097 4083 hac
1121 4038 1181 4083 de
1203 4049 1255 4082 re
1275 4035 1544 4082 Schrader
1561 4037 1594 4084 l.
1627 4040 1661 4085 l.
1684 4040 1709 4094 s
1729 4038 1808 4086 21.
2493 4017 2527 4070 3
2551 4012 2666 4061 37⁸·

450 4111 499 4158 p.
517 4099 573 4146 61
593 4113 667 4159 sq.
686 4097 982 4154 —Pl'eiffer
999 4101 1025 4154 s
1044 4098 1121 4144 11.
1951 4095 2010 4154 (“)
2033 4096 2150 4141 inst.
2181 4096 2196 4151 (
2219 4096 2301 4150 lit,
2322 4093 2405 4141 21.
2432 4095 2593 4153 [22.])
2633 4095 2702 4142 de
2743 4094 3027 4142 literarum
3072 4095 3279 4157 obliqu-

511 4159 560 4220 7)
596 4167 708 4218 Arg.
737 4163 789 4208 t..
814 4163 861 4207 Β.
888 4162 939 4204 C.
965 4161 1032 4208 de
1056 4164 1219 4207 veter.
1243 4160 1551 4207 numismat.
1574 4166 1682 4219 pot.
1708 4162 1826 4221 (xl,
1892 4159 2239 4207 liena—Com
2262 4157 2475 4213 (lV,30.)
2498 4158 2689 4204 deuon
2708 4162 3001 4204 numerata
3020 4162 3280 4216 pecunia.

450 4223 611 4282 10.)-
634 4236 678 4270 e.
702 4222 783 4269 26.
802 4226 860 4269 X.
885 4221 952 4269 de
970 4224 1167 4271 een-rib.
1192 4224 1293 4280 (lli,
1315 4220 1417 4282 59.)
1440 4249 1479 4256 -
1504 4224 1580 4272 Cf.
1605 4223 1832 4281 Pseiffer·
1894 4246 1954 4257 -—
1989 4224 2044 4267 G.
2080 4222 2137 4267 F.
2176 4220 2474 4267 Mencken&
2493 4223 2548 4267 D.
2574 4223 2633 4267 de
2656 4232 2771 4266 vera
2804 4220 2971 4266 indole
3013 4223 3280 4272 literarum

450 4286 477 4340 S
499 4288 597 4331 2-
619 4284 667 4333 4.
688 4291 737 4331 et
759 4289 784 4341 s
816 4283 866 4331 8.
891 4298 967 4331 nr.
992 4288 1039 4334 1.
1063 4292 1112 4332 et
1133 4285 1441 4338 Sclaeraders
1464 4284 1545 4333 27.
1573 4307 1628 4320 —-
1653 4288 1832 4336 Landr.
1897 4283 2209 4340 obligationis
2230 4289 2278 4326 et
2299 4294 2408 4329 exc.
2432 4296 2483 4328 n.
2507 4294 2558 4329 n.
2584 4296 2632 4342 p.
2675 4282 2873 4340 (opusc.
2913 4284 2998 4329 Νι.
3021 4284 3192 4340 xiim.
3217 4312 3278 4321 -

451 4349 490 4393 ἕ.
510 4351 787 4395 diePreuss.
811 4350 1008 4395 Staaten
1034 4351 1065 4394 l.
1090 4351 1123 4394 1.
1144 4351 1169 4405 s
1191 4345 1304 4397 787.
1910 4345 2295 4392 Unterholzner
2312 4346 2440 4390 uber
2463 4346 2541 4391 die
2560 4358 2663 4392 exc.
2693 4358 2743 4390 n.
2765 4358 2817 4390 n.
2855 4357 2904 4403 p.
2924 4380 2941 4402 ,
2962 4348 3011 4391 in
3035 4346 3214 4395 Archiv
3235 4350 3275 4397 f.

514 4410 561 4466 8)
595 4408 998 4465 Schraderssffi.
1022 4413 1071 4456 in
1091 4411 1126 4455 ti.
1148 4424 1199 4469 p.
1222 4408 1304 4457 66.
1327 4411 1538 4469 (caeter.
1564 4411 1664 4458 vid.
1680 4414 1832 4460 eund.
1900 4410 2090 4456 civilist.
2113 4408 2278 4453 praxis
2303 4407 2406 4453 Vll.
2423 4408 2503 4454 Νι.
2528 4409 2565 4453 1.
2596 4433 2654 4440 -
2680 4404 2854 4465 cmpp
2873 4408 2998 4453 uber
3019 4409 3278 4458 literarum

452 4475 478 4527 5
499 4471 559 4517 27
583 4473 709 4530 sqq.)
731 4497 789 4505 —
812 4471 1077 4529 Pt‘eiffers
1099 4471 1145 4518 8.
1172 4486 1245 4519 nr.
1269 4472 1319 4519 Ξ.
1898 4471 2150 4528 obligatio,
2171 4469 2336 4516 cautio
2361 4470 2622 4517 indiscreta
2646 4471 2746 4517 und
2770 4473 2981 4528 pecunia
3004 4478 3152 4516 cauta
3176 4486 3278 4520 nou

517 4532 563 4590 9)
601 4534 823 4590 Pseiffer
843 4537 875 4581 l.
923 4538 955 4580 l.
998 4537 1040 4591 (g
1061 4534 1108 4580 8.
1136 4548 1210 4581 nr.
1254 4534 1342 4592 9.).
1365 4559 1422 4567 -
1440 4536 1515 4581 Cf.
1563 4535 1836 4583 Schrader
1899 4537 2153 4579 numerata
2184 4531 2381 4587 (jul-ist.
2405 4533 2642 4580 Abhaudl.
2666 4546 2760 4579 von
2784 4530 2940 4580 Heise
2961 4546 3016 4578 ιι.
3046 4535 3216 4594 cmpp
3236 4538 3275 4584 Ι.

456 4595 641 4651 326.-
671 4598 942 4643 Landrecht
964 4598 999 4642 f.
1020 4599 1098 4642 die
1114 4599 1303 4645 Preuss.
1329 4601 1527 4644 staaten
1553 4600 1585 4643 l.
1611 4601 1643 4644 Ι.
1668 4599 1694 4651 S
1716 4596 1830 4644 789.
1898 4597 1979 4642 Nr.
2003 4595 2203 4653 ΧῊΙΙ.)
2243 4619 2298 4626 -
2333 4593 2558 4651 Pseiffer
2597 4600 2751 4653 praet.
2796 4595 3180 4653 Anatolii-angen
3214 4600 3275 4646 ΙΙ.

519 4658 597 4714 10)
630 4660 837 4706 Omnino
868 4660 1064 4705 enimin
1085 4661 1242 4705 causis
1263 4662 1522 4718 propositis
1565 4662 1674 4715 (Νι.
1697 4661 1744 4704 2.
1782 4672 1829 4706 a.
1896 4659 1979 4705 Νι,
2005 4659 2062 4704 ll.
2089 4670 2136 4715 p.
2164 4653 2255 4703 148
2275 4656 2773 4714 sqq.-Endemann
2793 4659 2856 4704 de
2876 4657 3285 4720 chirographon

456 4722 509 4767 b.
531 4724 596 4772 e.)
617 4732 742 4766 exeo
760 4723 1062 4779 potissimum
1086 4725 1322 4780 tempore,
1346 4735 1444 4780 quo
1456 4723 1574 4768 solvi
1599 4723 1830 4782 debebat,
1895 4732 2001 4768 exc,
2029 4734 2077 4766 n.
2103 4732 2153 4765 n.
2178 4730 2283 4777 pec.
2305 4718 2465 4766 Marb.
2486 4717 2628 4766 1852.
2649 4719 2698 4766 8.

457 4796 556 4829 non
601 4795 696 4841 quo
725 4795 836 4828 vere
869 4785 1092 4839 solvitur,
1115 4785 1233 4840 quid
1253 4791 1454 4842 propter
1474 4796 1663 4831 moram
1687 4796 1829 4843 prae·
1958 4784 2004 4840 1)
2028 4785 2092 4828 De
2116 4787 2337 4839 tempore
2355 4784 2488 4840 quod
2508 4788 2651 4828 autea
2671 4788 2775 4829 erat
2797 4783 3145 4840 constitutum,
3171 4785 3282 4831 vid.

458 4845 688 4891 standum
732 4846 1166 4903 accipiendumque
1206 4845 1288 4902 sit,
1329 4848 1689 4893 aestimandum
1731 4851 1821 4893 est.
1890 4845 2055 4891 Herm.
2087 4844 2206 4890 Cod.
2241 4843 2316 4888 Fr.
2360 4844 2461 4892 Tit.
2486 4846 2522 4891 l.
2565 4844 2700 4899 (edit.
2736 4847 2893 4891 Bet-ol.
2935 4857 2986 4905 p.
3021 4843 3177 4903 ΞΒ.)
3220 4871 3280 4880 —

455 4908 567 4955 vid.
590 4907 858 4955 Sclemder
874 4908 899 4960 8
922 4906 1001 4954 25.
1024 4909 1103 4953 Νι.
1127 4909 1182 4955 Α.
1207 4908 1258 4957 Β.
1278 4911 1402 4955 -Ct‘.
1429 4907 1655 4964 Ptelffer
1670 4922 1720 4969 p.
1743 4907 1825 4957 76.
1892 4909 1945 4953 L.
1968 4906 2043 4956 14.
2070 4919 2143 4965 pr.
2168 4908 2220 4952 C.
2246 4904 2298 4952 lt.
2321 4908 2605 4965 t.-cropp
2625 4909 2659 4954 l.
2682 4908 2718 4954 1.
2742 4908 2768 4961 S
2785 4904 2863 4956 10.
