3544 5506
1485 368 1943 413 Anti-unumst

274 464 684 542 homimum&
698 475 1133 537 aeimmurtum
1147 480 1470 530 tuendorum
1481 477 1678 541 qratia.

806 623 1000 668 CAPUT
1038 622 1152 665 XII·

268 750 385 802 Loci
402 751 720 803 constitutio.
744 759 772 814 ς
788 753 903 803 467.

331 831 374 883 1.
410 833 677 884 Actionum
699 836 953 897 exempla,
973 834 1159 897 quibus
1185 831 1237 884 id
1256 831 1449 897 agitur,
1491 833 1551 883 ut
1583 828 1682 884 ali-

461 915 582 978 quid
604 915 761 965 faciat
786 914 1124 967 adversarius.

401 1001 456 1047 A.
478 997 549 1047 Ad
569 997 909 1050 exhibendum
931 999 1085 1049 actio.
1110 1004 1138 1058 ς
1157 998 1272 1048 458.

403 1080 462 1130 Β.
485 1080 665 1130 Damni
683 1080 855 1132 infecti
877 1082 1069 1131 cautio.
1089 1087 1116 1141 s
1137 1081 1255 1131 459.

398 1164 457 1214 6.
482 1166 651 1226 Aquae
669 1163 870 1226 pluviae
891 1161 1142 1213 arcendae
1164 1164 1317 1213 actio.
1343 1169 1370 1223 ς
1395 1162 1508 1213 460.

339 1243 403 1295 ll.
428 1247 494 1294 De
514 1242 817 1302 actionibus,
842 1242 1047 1305 quibus,
1092 1245 1149 1292 ut
1190 1242 1243 1293 in
1266 1254 1362 1294 suo
1379 1240 1567 1306 aliquid
1594 1253 1679 1306 pa-

459 1325 638 1385 tiatur,
660 1324 862 1385 cogitur
882 1322 1222 1374 adversarius.

401 1409 459 1456 A.
476 1402 816 1455 Interdictum
842 1403 905 1453 de
925 1402 1118 1468 glande
1141 1402 1353 1468 legenda
1380 1403 1589 1469 eiusque
1604 1405 1677 1455 si-

338 1470 349 1481 ’
465 1488 624 1538 mula.
648 1491 676 1544 ς
701 1489 817 1538 sei.

401 1572 457 1622 B.
482 1569 815 1621 Interdictum
838 1568 899 1619 de
922 1568 1190 1620 arboribus
1206 1568 1491 1620 caedendis.
1513 1573 1540 1628 ς
1560 1571 1676 1620 468.

337 1652 426 1704 111.
453 1652 704 1712 Actiones,
721 1650 905 1715 quibus
922 1651 1000 1701 vei
1018 1650 1317 1715 prohibetur
1337 1650 1682 1712 adversarius,

467 1749 568 1800 quo
610 1736 782 1786 minus
820 1734 1009 1799 aliquid
1053 1736 1206 1785 faciat
1226 1770 1243 1795 ‚
1304 1737 1385 1786 vel
1424 1733 1489 1785 ad
1534 1736 1682 1787 resti-

468 1815 657 1867 tuenda
691 1827 771 1874 ea,
793 1826 922 1878 quae
943 1815 1076 1863 facta
1099 1819 1243 1873 sunt,
1270 1816 1491 1877 cogitur.

350 1959 353 1968 ,
405 1898 605 1950 Amavi
625 1897 797 1956 operis
821 1896 1099 1946 nunciatio.
1120 1896 1147 1950 S
1164 1895 1283 1946 466.

405 1982 463 2032 Β.
488 1978 838 2042 Interdictum,
861 1975 998 2040 quod
1022 1978 1072 2027 vi
1092 1978 1180 2027 aut
1203 1977 1352 2028 clam.
1374 1986 1402 2044 ς
1426 1979 1543 2027 464.

535 2110 629 2166 ΠΙ)
660 2121 1072 2164 oausam-mmm
1102 2119 1414 2160 nnuc-rio.

277 2275 471 2318 cunm
494 2274 633 2315 1111.
661 2257 1073 2328 obligationes
1119 2254 1417 2327 quomodo
1457 2254 1678 2314 tollan-

645 2351 773 2418 tur,
800 2348 894 2403 vel
911 2346 1302 2402 minuantur.

278 2495 350 2543 De
373 2492 744 2556 obligationum
765 2487 1102 2540 exstinctione
1134 2487 1415 2552 generatim
1433 2484 1679 2550 praecipi·

404 2579 503 2629 tur.
525 2579 553 2633 ς
573 2575 687 2623 465.

348 2656 393 2706 1.
421 2656 747 2722 Obligationis
770 2655 974 2706 solutio.

415 2738 588 2803 A.Ejus
607 2737 748 2788 notio
760 2739 811 2786 et
832 2734 1149 2786 conditiones
1169 2730 1499 2783 necessariae.
1512 2737 1540 2793 ς
1557 2731 1672 2782 466.

410 2825 467 2874 Β.
487 2824 558 2873 De
578 2834 657 2876 eo,
677 2818 811 2882 quod
837 2820 998 2869 instar
1015 2820 1094 2869 est
1117 2814 1405 2867 solutionis.
1430 2813 1511 2881 (in
1535 2814 1676 2866 solu-

470 2906 579 2953 tum
599 2901 779 2959 datio.)
801 2907 828 2960 s
851 2899 964 2949 467.

408 2985 466 3034 C.
486 2985 557 3033 De
579 2977 840 3043 probanda
868 2978 1140 3031 solutione.
1164 2984 1192 3039 ς
1213 2976 1327 3025 468.

412 3066 469 3115 D.
492 3060 770 3114 solutionis
799 3059 966 3109 iactae
983 3058 1060 3109 vis
1077 3061 1230 3121 atque
1246 3053 1482 3107 effictus.
1507 3056 1620 3106 469.

408 3152 462 3199 8.
483 3150 553 3198 De
568 3143 1047 3210 repraesentationis
1057 3139 1326 3194 commodo
1348 3152 1392 3192 s.
1421 3140 1677 3191 interusu-

464 3229 558 3279 rio.
579 3230 605 3285 s
629 3229 742 3278 470.

348 3311 410 3363 ll.
431 3310 796 3374 Compensatio.

407 3394 460 3440 A.
481 3392 596 3449 Eius
616 3393 666 3439 et
693 3388 856 3452 notio,
879 3390 930 3438 et
946 3397 1026 3438 res
1044 3422 1061 3451 ,
1084 3396 1214 3451 quae
1236 3386 1290 3436 in
1311 3396 1371 3436 ea
1392 3384 1675 3436 versentur.

470 3479 497 3533 ς
517 3473 633 3523 471.

407 3556 464 3605 Β.
484 3553 916 3617 compensationis
954 3551 1379 3614 autimpetratae‚
1403 3549 1494 3601 aut
1511 3546 1676 3600 omis-

471 3647 577 3694 sae,
601 3638 690 3684 aut
717 3632 1015 3696 reprobatae
1031 3633 1127 3682 vis.
1151 3635 1179 3690 ς
1198 3630 1319 3682 479.

358 3716 450 3769 ln.
474 3718 843 3768 conventiones
865 3715 1203 3775 liberatorum,

379 3863 383 3867 ¹
409 3801 595 3861 A.quae
609 3798 811 3862 quidem
824 3808 946 3862 prae
958 3796 1169 3848 caeteris
1183 3796 1253 3846 ita
1264 3795 1673 3852 vocantursflii.

404 3883 461 3933 B.
480 3883 717 3934 Novatio.

471 3966 523 4027 1)
544 3963 659 4026 Ejus
681 3964 826 4015 notio
847 3965 899 4015 et
920 3974 1105 4027 genera
1124 3973 1343 4014 summa.
1367 3965 1394 4020 s
1414 3964 1527 4012 474.

473 4044 522 4103 2)
545 4044 815 4107 Speciatim
883 4042 946 4094 de
1028 4042 1317 4094 voluntaria
1380 4040 1671 4094 novatione.

470 4200 523 4268 8)
534 4126 782 4267 ss‘iigZ-ssae
820 4203 1067 4268 quaedam
1104 4202 1438 4254 novationum
1459 4199 1673 4252 formae.

532 4285 582 4344 a)
604 4282 880 4346 Delegatio.
912 4284 939 4339 S
961 4283 1077 4333 476.

529 4363 581 4427 b)
603 4365 921 4416 Transactio.
940 4371 967 4427 s
987 4365 1100 4413 477.

338 4442 424 4493 Ν.
450 4443 535 4494 liei
552 4443 811 4506 judicatae
837 4444 1087 4507 exceptio.
1105 4448 1132 4503 ς
1152 4443 1266 4494 478.

333 4528 395 4578 V.
458 4527 951 4591 Exstinguendarum
1017 4525 1386 4589 obligationum
1452 4531 1663 4585 causae,

456 4623 586 4675 quae
607 4614 677 4662 ex’
693 4611 800 4674 ipsa
819 4622 874 4661 re
896 4612 1194 4661 nascuntur.
1212 4612 1240 4667 ς
1263 4608 1376 4659 479.

333 4695 423 4744 vl.
444 4692 517 4743 De
538 4690 904 4755 obligationum
938 4690 1296 4754 actionumque
1336 4687 1665 4752 exstinguen-

469 4775 652 4827 darum
693 4778 888 4837 causis,
923 4786 1053 4838 quae
1095 4787 1159 4825 ex
1196 4783 1336 4837 mera
1362 4771 1666 4838 legislatoris

470 4855 729 4909 voluntate
751 4856 1138 4922 proficiscuntur
1160 4868 1181 4910 e

396 4939 459 4988 A.
485 4937 791 4992 summatim.
820 4939 847 4993 S
870 4936 982 4989 480.

3075 367 3143 410 11

1864 478 1921 528 Β.
1954 475 2258 609 sjngutatim
2298 475 2361 528 de
2410 475 2669 528 actionum
2708 474 3128 542 praescriptione.

1889 563 1962 618 ς
2012 562 2068 609 81

1812 701 1894 762 lv)
1927 713 1999 752 ne
2030 712 2189 753 umus
2223 710 2602 753 censuimus
2635 711 2901 754 »numus
2932 711 3074 754 nus.

2259 847 2448 890 cnm·
2472 844 2606 889 xiv.

1731 975 1852 1029 Loci
1872 978 2190 1029 constitutio.
2215 981 2243 1036 ς
2262 978 2378 1029 482.

1798 1057 1842 1111 1.
1866 1061 1933 1108 De
1952 1059 2330 1109 intercessione.

1861 1141 1921 1193 A.
1940 1139 2059 1203 Ejus
2086 1141 2227 1191 notio
2251 1141 2302 1190 et
2319 1150 2512 1204 genera
2534 1150 2754 1190 summa.
2777 1142 2805 1197 ς
2826 1139 2944 1190 483.

1860 1222 1915 1272 Β.
1949 1220 2251 1285 singulatim
2288 1220 2350 1271 de
2385 1219 2721 1272 cumulativae
2761 1218 3144 1271 intercessionis

1924 1303 2124 1354 formis.
2153 1310 2181 1364 ς
2202 1303 2316 1353 484.

1857 1385 1915 1435 6.
1942 1385 2008 1434 De
2024 1382 2444 1435 intercedentium
2469 1382 2715 1447 personis,
2737 1384 2876 1448 tum,
2901 1393 3055 1447 quam
3089 1380 3144 1432 in

1929 1480 2036 1519 rem
2055 1467 2146 1518 flat
2166 1466 2478 1517 intercessio.
2522 1467 2549 1522 ς
2572 1466 2684 1517 486.

1860 1552 1923 1601 D.
1942 1547 2372 1600 Intercessionum
2395 1549 2492 1599 vis.
2517 1553 2545 1608 ς
2568 1550 2685 1597 486.

1864 1629 1929 1678 E.
1945 1626 2207 1691 obligatio
2226 1631 2277 1678 et
2307 1627 2441 1678 actio
2467 1627 2601 1678 inter
2621 1624 2900 1730 debitorem
2915 1622 3142 1676 etinter·

1923 1723 2198 1763 cessorem.
2227 1717 2253 1771 ς
2281 1710 2405 1761 487.

1863 1795 1920 1844 Ρ.
1949 1793 2253 1856 Singulatim
2277 1791 2340 1843 de
2362 1791 2630 1841 mulierum
2651 1787 3108 1842 intercessionibus.

1928 1877 1977 1939 1)
2006 1876 2098 1925 Jus
2120 1874 2397 1937 antiquius.
2430 1880 2458 1935 s
2481 1873 2593 1924 488.

1925 1960 1976 2021 2)
1999 1957 2275 2008 iustiniani
2298 1956 2394 2005 hac
2417 1956 2471 2006 in
2494 1967 2549 2006 re
2572 1957 2948 2008 innovationes.
2973 1958 3002 2014 ς
3021 1956 3145 2007 489.

1795 2040 1864 2091 11.
1889 2041 1960 2090 De
1977 2050 2270 2088 correorum
2293 2037 2622 2100 obligatione.

1860 2123 1917 2169 A.
1940 2114 2065 2178 EJus
2104 2121 2156 2168 et
2193 2118 2335 2168 notio
2378 2122 2430 2165 et
2452 2115 2767 2166 conditiones
2807 2115 3138 2168 necessariae.

1860 2199 2157 2341 &segg-ae,
2202 2290 2231 2329 e
2267 2276 2449 2342 quibus
2493 2276 2850 2342 proficiscatur
2894 2277 3140 2330 correalis

1924 2361 2186 2426 obligatio.
2213 2367 2240 2420 s
2272 2359 2387 2411 491.

1860 2445 1915 2496 6.
1938 2446 2011 2495 De
2028 2454 2324 2495 correorum
2344 2440 2670 2506 obligationis
2708 2442 2763 2494 vi
2797 2445 2849 2494 et
2870 2443 3138 2508 potestate.

1858 2612 1917 2662 D.
1925 2527 2203 2669 ςρῗιίῗῃοᾱο
2224 2619 2520 2660 correorum
2537 2608 2625 2668 jus
2643 2608 2726 2659 vel
2747 2605 2997 2710 obligatio
3041 2619 3135 2660 ex-

1919 2694 2227 2759 stinguatur.
2251 2698 2279 2752 s
2303 2694 2417 2743 493.

1822 2845 1879 2904 V)
1911 2853 2319 2896 osnes-nouum
2352 2851 2427 2892 An
2462 2851 2616 2892 Amos
2647 2850 3017 2893 rmsesno.

1725 2991 1918 3035 cnm·
1956 2990 2063 3032 xv.
2086 2976 2175 3031 De
2197 2972 2580 3031 successione
2606 2970 2672 3027 in
2697 2972 2962 3028 alim-um
2986 2969 3134 3028 obli-

1757 3068 2058 3143 gationes,
2070 3070 2130 3123 et
2144 3066 2417 3123 maxime
2440 3063 2508 3119 in
2526 3061 2851 3121 creditoris
2868 3062 3089 3121 locum.

1725 3212 2071 3277 Negotiorum,
2096 3207 2276 3274 quibus
2294 3207 2500 3259 nomina
2521 3205 2922 3267 transferuntur,
2945 3200 3130 3257 adum-

1855 3294 2037 3356 bratio,
2063 3295 2116 3345 et
2136 3290 2452 3355 singulatim.

1783 3375 1826 3428 1.
1857 3375 1920 3426 de
1940 3371 2357 3438 delegationibus.
2380 3377 2407 3431 s
2426 3369 2541 3421 494.

1794 3457 1868 3511 11.
1896 3460 1967 3509 De
1992 3457 2259 3508 nominum
2278 3455 2525 3507 cessione.

1856 3541 1915 3589 A.
1934 3538 2053 3603 Ejus
2070 3537 2238 3601 origo.
2263 3541 2288 3595 ς
2311 3536 2427 3585 495.

1855 3624 1911 3674 B.
1935 3620 2189 3673 cessionis
2205 3620 2365 3670 notio.
2389 3623 2417 3683 s
2439 3619 2555 3668 496.

1859 3706 1919 3755 6.
1942 3705 2009 3754 De
2028 3700 2339 3763 nominibus,
2361 3710 2492 3764 quae
2512 3695 2847 3763 subjiciantur
2885 3697 3120 3751 cessioni.

1857 3785 2233 3918 uscgs'ionum
2270 3865 2322 3913 et
2367 3872 2519 3914 causa
2560 3861 2613 3912 et
2663 3860 2794 3911 ratio
2823 3857 3122 3925 modusque.

1916 3950 1943 4005 ς
1964 3950 2079 3999 498.

1851 4034 1911 4085 1⁷..
1931 4034 2191 4093 Quaenam
2209 4030 2448 4083 cessionis
2472 4029 2540 4080 sit
2559 4028 2639 4080 vis
2661 4039 2721 4079 ae
2743 4031 2987 4090 potestas.

1887 4111 1939 4181 1)
1963 4114 2098 4166 circa
2114 4114 2245 4179 juris
2264 4113 2512 4163 rationem
2524 4144 2540 4175 ,
2566 4121 2697 4174 quae
2718 4110 3121 4166 intercedentem

1982 4197 2175 4249 obtinet
2193 4200 2246 4247 et
2266 4194 2646 4247 cessionarium.
2673 4198 2700 4253 ς
2724 4195 2838 4246 499.

1917 4279 1967 4343 2)
1988 4281 2095 4340 Qua
2117 4278 2180 4329 ad
2212 4279 2376 4366 ipsum
2396 4277 2592 4338 spectat
2627 4272 2905 4330 debitorem
2947 4279 3121 4332 nomi-

1983 4362 2161 4424 nisque
2178 4358 2304 4409 cessi
2324 4354 2427 4421 jus.
2451 4361 2478 4415 s
2499 4336 2618 4409 500.

2112 4486 2325 4544 LIBER
2364 4486 2722 4562 QUARTUS·

1956 4622 2020 4658 nt
2052 4620 2178 4658 mu
2210 4620 2486 4657 3018811643
2517 4621 2578 4657 11
2609 4621 2877 4659 funum.

1905 4736 2099 4779 cum*
2135 4736 2184 4780 1.
2224 4723 2313 4778 De
2339 4724 2488 4786 jure
2523 4719 2923 4779 matrimonii.

1712 4843 1979 4923 variarum
1995 4840 2135 4894 inter
2173 4854 2368 4897 marem
2399 4853 2461 4892 ae
2486 4840 2759 4895 foeminam
2781 4842 3104 4903 coniunctio·

1782 4940 1904 4989 num
1924 4925 2094 4983 brevis
2117 4927 2406 4994 descriptio.
2441 4930 2468 4986 ς
2482 4924 2597 4977 601.
2803 4989 2837 5047 ὁ
