3544 5506
478 341 593 399 2¹6
1046 352 1194 394 PARS
1234 351 1393 393 svm.
1434 351 1552 392 Lm.
1595 350 1668 392 11.
1709 350 1787 392 DE
1824 350 2011 392 REBUS
2048 350 2322 400 mutum).
2365 349 2640 392 nomme.

480 460 652 537 quod
682 454 936 531 quidem
963 454 1362 514 stercorandi
1391 453 1526 525 agri
1551 468 1744 511 causa
1769 459 2069 525 paratum
2093 460 2227 527 est3
2260 459 2325 511 et
2346 457 2698 511 stramenta
2720 495 2737 522 ‚
2773 459 2841 510 et
2869 466 2945 509 ea
2974 492 2989 518 ‚
3016 466 3190 523 quae
3213 464 3299 510 ex

484 559 650 631 agris
678 553 1002 628 vineisque
1034 556 1154 613 hac
1183 561 1401 613 mente
1422 559 1673 611 exemta
1693 561 1878 618 sunt.
1908 550 2241 611 utiterum
2264 554 2703 623 collocentur,
2739 551 3021 623 denique
3051 551 3301 608 instru-

485 661 735 720 menta,
764 668 930 726 quae
956 653 1335 710 servitutum
1371 649 1875 709 exercendarum
1911 664 2106 708 causa
2142 649 2205 706 in
2233 649 2440 707 fundis
2475 647 2695 706 haberi
2724 648 2933 705 solent
2954 647 3028 718 8).
3063 648 3188 705 Sed
3226 652 3303 704 et

485 750 661 826 agri,
710 758 776 811 et
799 767 1034 825 pascua
1057 797 1072 821 ‚
1118 758 1184 810 et
1216 752 1438 810 salicta
1470 751 1727 822 aliaque
1771 764 1849 807 ex
1887 750 2010 807 hoc
2043 764 2278 820 genere
2302 750 2536 807 cedent
2571 745 2807 815 fundo,
2840 747 3197 805 dummodo
3237 747 3301 804 ei

486 845 689 911 vicina
709 843 836 906 sint
860 847 1127 920 ejusque
1155 846 1216 904 in
1239 860 1424 904 usum
1460 850 1684 917 parata
1712 839 1785 917 9).
1804 872 1882 886 --
1903 846 2239 903 Caeterum
2260 860 2364 902 res
2385 842 2737 901 immobiles
2766 843 2831 899 in
2860 842 3117 900 aedium
3144 843 3301 899 sun·

485 949 844 1020 dorumque
867 940 1338 1005 accessionibus
1360 957 1497 1002 esse
1514 987 1532 1018 ‚
1570 940 2085 1003 conclusionibus
2114 939 2477 1017 saepissime
2503 942 2909 1016 probandum
2943 942 3068 1000 erit
3084 988 3101 1013 ‚
3128 957 3305 1014 quae

488 1046 745 1119 quidem
773 1061 849 1105 ex
871 1041 970 1104 his
998 1040 1395 1119 potissimum
1417 1043 1608 1102 rebus
1628 1042 2052 1114 colliguntur:
2092 1044 2267 1115 quod
2297 1041 2486 1103 simul
2514 1055 2779 1113 unoque
2812 1035 3027 1113 pretio
3048 1045 3305 1098 utrum·

488 1158 614 1215 que
637 1141 967 1214 praedium
989 1145 1437 1212 comparatum
1464 1179 1480 1206 ‚
1506 1152 1716 1196 unave
1736 1138 2170 1211 appellatione
2199 1138 2422 1196 haberi
2456 1138 2715 1195 solitum
2738 1137 2841 1204 sit,
2867 1136 3043 1209 quod
3063 1136 3309 1193 utrius·

489 1255 617 1312 que
637 1235 880 1297 reditus
897 1282 913 1308 ‚
954 1245 1092 1296 tum
1131 1252 1298 1310 quae
1321 1237 1403 1294 ad
1430 1243 1780 1310 utrumque
1807 1244 2104 1311 spectant
2126 1244 2393 1310 accepta
2420 1242 2485 1295 et
2507 1251 2782 1309 expensa
2812 1231 2878 1294 in
2900 1237 3164 1293 eosdem
3196 1249 3310 1292 ra·

491 1340 741 1400 tionum
770 1338 1019 1398 codices
1048 1340 1253 1396 relata
1278 1338 1433 1407 sint,
1464 1344 1529 1396 et
1557 1352 1726 1411 quae
1755 1352 1985 1396 eorum
2014 1344 2165 1396 sunt
2187 1333 2416 1395 similia
2442 1331 2548 1416 ¹⁰).
2573 1332 2843 1395 Omnino
2865 1342 3089 1394 autem
3108 1377 3124 1406 ‚
3156 1348 3309 1394 cum

492 1454 595 1497 res
620 1433 835 1510 aliqua
857 1442 1204 1510 propterea
1231 1442 1483 1494 tantum
1502 1475 1522 1503 ‚
1561 1437 1736 1509 quod
1758 1452 1906 1495 cum
1940 1432 2063 1495 alia
2103 1438 2452 1496 cohaereat
2470 1479 2486 1507 ‚
2529 1436 2595 1494 in
2617 1432 3077 1509 pertinentium
3108 1449 3311 1493 censu

494 1534 766 1591 habetur
788 1576 806 1607 ‚
835 1547 1236 1604 consequens
1263 1539 1357 1590 est
1382 1575 1399 1600 ‚
1442 1538 1552 1599 ut,
1583 1532 2042 1606 conjunctione
2069 1533 2189 1591 ista
2216 1534 2472 1592 sublata
2492 1576 2506 1602 ‚
2538 1533 2808 1591 tollatur
2838 1532 3032 1590 etiam
3077 1533 3175 1589 rei
3200 1545 3313 1588 ac-

494 1633 814 1692 cessoriae
846 1628 1131 1690 conditio
1152 1674 1168 1696 .
1202 1632 1320 1690 nisi
1343 1628 1393 1690 si
1431 1633 1744 1691 duntaxat
1771 1633 1852 1690 ad
1879 1639 2135 1706 tempus
2166 1632 2340 1691 sacta
2368 1633 2449 1690 sit
2476 1632 2820 1706 disjunctio
2844 1628 2943 1689 11).
2986 1634 3130 1689 Jam
3153 1644 3315 1688 vero

494 1728 840 1788 de=harum
867 1742 1088 1787 rerum
1110 1743 1230 1786 usu
1261 1729 1717 1800 quaerentibus
1744 1728 1870 1786 hoc
1906 1728 2190 1802 inprimis
2217 1730 2576 1787 notandum
2606 1735 2703 1786 est
2726 1771 2742 1797 ‚
2775 1727 3017 1786 scilicet
3061 1721 3160 1784 rei
3184 1721 3319 1784 'ali-

497 1826 681 1900 cujus
711 1828 788 1884 ad
820 1828 1012 1885 alium
1037 1826 1205 1885 facta
1235 1828 1649 1886 translatione
1668 1870 1685 1895 ‚
1706 1843 1923 1886 rerum
1946 1844 2206 1901 quoque
2228 1830 2308 1887 ad
2337 1824 2509 1887 illam
2534 1824 2995 1902 pertinentium
3016 1870 3032 1900 ‚
3066 1820 3189 1883 nisi
3217 1827 3321 1884 vel

499 1944 724 1988 omnes
750 1930 851 1986 vel
879 1930 1195 2002 quaedam
1220 1944 1296 1988 ex
1319 1930 1412 1987 his
1434 1937 1736 2003 receptae
1756 1929 1884 1988 sint
1901 1974 1916 1999 ‚
1942 1931 2129 1988 simul
2155 1926 2380 2002 quaeri
2403 1925 2758 1988 dominium
2778 1919 2846 1994 ¹²)
2865 1948 2883 2002 3
2910 1932 3151 1986 contra
3166 1940 3323 1984 vero

501 2031 565 2082 et
589 2025 1082 2083 instrumentum
1115 2024 1325 2101 fundi,
1370 2033 1436 2084 et
1463 2041 1564 2102 ea,
1597 2041 1761 2099 quae
1785 2068 1802 2094 ‚
1832 2033 1907 2083 ut
1947 2026 2323 2085 instructior
2345 2022 2427 2085 sit
2450 2024 2905 2099 paterfamilias
2929 2066 2946 2093 ‚
2979 2023 3065 2081 ibi
3098 2023 3324 2081 haberi

501 2122 791 2189 soleant,
821 2120 999 2178 fundi
1031 2122 1461 2194 appellatione
1486 2137 1620 2181 non
1648 2121 1987 2193 contineri,
2018 2122 2133 2180 nisi
2166 2124 2249 2180 de
2277 2122 2370 2181 his
2391 2119 2543 2196 ipsis
2565 2135 2828 2195 quoque
2852 2119 3322 2178 transferendis

504 2215 880 2275 nominatim
907 2222 1171 2276 cautum
1195 2217 1272 2275 sit
1299 2213 1388 2286 ιδ).

1075 2459 1100 2531 §
1128 2463 1273 2522 227.
1321 2459 1386 2526 Β)
1429 2461 1675 2520 Fructus
1708 2460 1763 2538 1)
1786 2461 2057 2540 inprimis
2083 2480 2277 2521 rerum
2301 2460 2735 2539 fruqiferarmn.

586 2688 783 2744 Omne
818 2686 1228 2743 commodum
1249 2728 1265 2760 ‚
1303 2687 1748 2760 quodcunque
1776 2701 1854 2744 ex
1882 2685 1975 2743 rei
2014 2685 2285 2763 alicujus
2328 2703 2445 2746 usu
2479 2683 2723 2761 percipi
2755 2693 3004 2761 potest,
3051 2687 3341 2760 generali

506 2780 935 2858 appellatione
979 2781 1213 2844 dicitur
1254 2783 1578 2859 sructus¹).
1623 2790 1697 2845 At
1741 2787 1999 2860 proprie
2038 2789 2296 2860 quidem
2334 2787 2578 2846 fructus
2610 2795 2788 2858 sunt,
2820 2803 2992 2861 quae
3015 2803 3097 2847 ex
3121 2805 3196 2846 re
3222 2790 3344 2846 ali-

508 2896 635 2954 qua
673 2887 1028 2938 nascuntur
1055 2883 1577 2955 proveniuntque
1606 2884 1665 2958 (5
1695 2882 1839 2941 225.
1872 2899 1974 2940 nr.
2009 2886 2070 2943 1.
2093 2886 2110 2957 )
2136 2927 2152 2953 ‚
2180 2880 2312 2943 scil.
2360 2886 2455 2943 his
2488 2900 2979 2958 nonnumquam
3012 2881 3338 2958 exceptis,

508 2993 675 3051 quae
722 2991 797 3035 ex
840 2975 1088 3050 vulgari
1133 2980 1437 3053 loquendi
1480 2996 1600 3038 usu
1640 2979 1810 3038 inter
1839 2980 2089 3040 tructus
2134 2997 2267 3041 non
2301 2989 2804 3057 computantur,
2852 2977 3074 3054 qualis
3100 2989 3203 3040 est
3229 2997 3344 3039 an·

509 3076 695 3136 cillae
752 3085 977 3150 partus
1001 3075 1069 3152 ²).
1123 3082 1390 3139 Fructus
1421 3087 1636 3138 autem
1678 3082 1744 3138 in
1791 3083 2120 3141 naturales
2173 3088 2240 3141 et
2280 3082 2495 3141 civiles
2540 3099 2578 3141 a
2620 3076 3101 3141 recentioribus
3147 3078 3346 3140 dividi

507 3175 736 3234 solent.
762 3176 852 3232 Ad
884 3175 1026 3235 illos
1054 3176 1450 3247 reseruntur,
1472 3177 1756 3250 quivere
1786 3185 2143 3236 nascuntur
2165 3167 2231 3243 ³),
2260 3179 2372 3251 qui
2413 3180 2669 3252 quidem
2696 3194 2858 3252 prae
2876 3178 3156 3236 caeteris
3177 3177 3348 3236 sruc-

512 3281 698 3332 tuum
741 3276 1002 3336 nomine
1032 3279 1442 3351 appellantur
1458 3272 1537 3354 ⁴),
1580 3279 1663 3336 ad
1686 3278 1802 3337 hos
1836 3294 1994 3338 vero
2014 3319 2030 3347 ‚
2059 3280 2170 3353 qui
2203 3280 2354 3353 jnre
2376 3286 2631 3339 tantum
2671 3277 3131 3352 percipiuntur
3176 3279 3347 3338 fruc-

507 3376 821 3443 tuumque
851 3373 1057 3431 vicem
1097 3375 1388 3433 obtinent
1407 3372 1470 3444 ⁵).
1521 3371 1593 3431 Et
1616 3375 2006 3432 naturalium
2042 3376 2298 3448 quidem
2326 3376 2478 3435 item
2509 3377 2677 3434 duae
2705 3371 2950 3448 species
2984 3380 3142 3434 sunt
3172 3392 3191 3431 t
3216 3391 3348 3433 una

510 3486 735 3529 eorum
761 3513 777 3540 ,
822 3473 930 3543 qui
967 3474 1109 3532 solo
1176 3481 1452 3532 naturae
1500 3474 1816 3532 beneficio
1847 3476 2269 3552 proveniunt3
2313 3477 2518 3534 altera
2545 3491 2814 3543 eorum,
2859 3470 2969 3547 qui
2999 3480 3068 3533 et
3112 3482 3353 3534 natura

510 3706 626 3742 usus
652 3695 828 3741 fuerit:
854 3706 1067 3753 namque
1088 3709 1147 3743 eo
1167 3698 1314 3745 modo
1333 3699 1499 3745 alteris
1518 3699 1718 3745 aedibus
1738 3698 1790 3744 id
1810 3709 1893 3745 ac-
1957 3702 2009 3747 L.
2035 3700 2111 3745 12.
2137 3700 2164 3754 s
2183 3697 2244 3746 15
2262 3724 2317 3731 -
2337 3695 2418 3744 28.
2441 3700 2497 3744 D.
2518 3697 2761 3744 deinter.
2784 3709 2835 3743 v.
2859 3696 3117 3744 instrum.
3146 3698 3247 3757 leq.
3265 3732 3282 3754 ‚
3304 3689 3357 3743 et

509 3759 846 3812 cedet,alteris
865 3760 1200 3816 decedet.n)-
1216 3763 1266 3807 L.
1287 3758 1368 3807 52.
1392 3762 1418 3816 S
1440 3763 1490 3807 3.
1513 3763 1570 3807 D.
1593 3761 1662 3808 de
1694 3772 1746 3807 a.
1770 3772 1818 3808 e.
1839 3774 1889 3810 v.
1956 3763 2056 3808 vid.
2076 3766 2102 3819 ς
2122 3763 2235 3809 221.
2255 3767 2359 3807 not.
2380 3758 2431 3808 ὃ.
2453 3785 2508 3793 —-
2530 3762 2583 3807 1..
2606 3756 2654 3805 8.
2681 3762 2736 3806 D.
2761 3760 2884 3807 eod.

573 3818 622 3877 8)
645 3821 795 3866 Ι..17.
823 3833 895 3878 pr.
921 3820 1015 3874 32.
1039 3826 1087 3866 el
1109 3821 1187 3870 11.
1207 3823 1349 3869 D.de
1369 3835 1422 3869 a.
1442 3836 1491 3871 e.
1515 3835 1569 3870 v.
1594 3849 1648 3856 —
1675 3821 1811 3871 1..⁴7
1831 3847 1890 3857 —-

510 3880 589 3930 49.
611 3885 665 3929 D.
685 3883 754 3929 de
768 3886 943 3930 contr.
967 3886 1088 3929 emt.
2582 3885 2609 3939 s
2655 3880 2773 3932 227.

572 3943 621 4001 9)
643 3946 694 3991 L.
718 3944 796 3992 20.
825 3947 851 4001 3
880 3944 928 3992 7.
955 3945 1022 3992 de
1044 3945 1199 3994 instr.
1234 3959 1284 3995 v.
1320 3945 1573 3994 instrum.
1609 3947 1708 4007 leq.
1732 3971 1790 3981 —
1813 3949 1890 3996 Cl'.

512 4007 564 4053 1..
589 4004 669 4053 27.
691 4006 780 4064 §5-
805 4008 923 4055 eod.
2019 4011 2065 4067 1)
2088 4013 2138 4057 Ι..
2161 4008 2209 4058 4.
2234 4016 2259 4069 s
2281 4010 2331 4057 2.
2355 4012 2406 4056 D.
2428 4008 2475 4055 si
2495 4018 2631 4057 serv.
2651 4005 2799 4054 vind.
2822 4008 2970 4066 (vm,
2993 4008 3069 4060 5.)
3106 4035 3169 4045 —-
3200 4011 3251 4056 L.
3274 4006 3354 4056 ¹9.

577 4069 654 4127 10)
676 4071 725 4115 L.
750 4069 830 4117 91.
850 4072 876 4127 ς
893 4069 944 4117 -3,
971 4075 1018 4115 et
1035 4067 1084 4117 6.
1122 4072 1177 4117 D.
1196 4070 1265 4117 de
1285 4073 1383 4131 leq.
1409 4073 1487 4118 nl.
1527 4096 1580 4104 —-·
1616 4072 1668 4116 L.
1694 4070 1774 4117 20.
1794 4072 1814 4123 S
1837 4069 1886 4119 7.
1954 4074 1979 4127 S
2000 4074 2045 4120 1.
2073 4075 2121 4120 t..
2140 4072 2220 4121 49.
2240 4079 2291 4124 D.
2310 4074 2361 4121 Ιι.
2386 4078 2422 4119 t.
2449 4072 2501 4129 (ιι
2515 4074 2709 4119 Fructus
2729 4071 2796 4116 rei
2815 4073 2996 4129 est2vel
3019 4073 3223 4131 pignori
3239 4072 3358 4118 dare

512 4130 564 4176 in
586 4130 623 4176 l'.
650 4133 702 4176 D.
722 4132 787 4178 de
803 4133 960 4181 inser.
981 4145 1031 4178 v.
1051 4133 1292 4180 {nstv-um.
1318 4133 1556 4195 {effi—Cf.
1578 4135 1888 4190 Sam.Str:r}c
1952 4137 2117 4182 licere.
2141 4137 2195 4192 n)
2218 4163 2277 4171 —
2302 4138 2352 4181 L.
2376 4134 2458 4181 72.
2478 4137 2533 4181 D.
2558 4136 2626 4182 de
2644 4135 2879 4194 req.jur.

513 4194 567 4237 D.
587 4193 648 4236 de
669 4195 952 4251 probatione
973 4197 1395 4254 pertinentiarum.
1421 4196 1546 4242 Fret'.
1570 4192 1711 4243 1688.
1740 4193 1789 4242 4.
2011 4199 2059 4257 2)
2084 4200 2135 4244 Ι..
2156 4196 2236 4245 68.
2263 4212 2337 4257 pr.
2359 4200 2413 4244 D.
2433 4197 2500 4244 de
2516 4193 2694 4250 usufr.
2715 4197 2836 4253 (vn,
2851 4198 2919 4254 1.)
2939 4197 3058 4241 -Ι..
3086 4192 3171 4242 28.
3190 4198 3217 4252 S
3234 4194 3281 4242 1.
3300 4197 3360 4243 D.

576 4255 654 4311 11)
679 4257 730 4302 L.
770 4255 846 4304 17.
873 4258 996 4316 sil.
1024 4259 1075 4304 L.
1102 4257 1181 4304 18.
1209 4259 1234 4313 S
1268 4260 1313 4303 1.
1338 4262 1392 4305 D.
1414 4258 1481 4305 de
1503 4271 1556 4305 a.
1578 4269 1627 4305 e.
1651 4270 1705 4307 v.
1948 4259 2017 4306 de
2036 4273 2186 4308 usur.
2213 4262 2373 4318 (Xxll.
2392 4260 2459 4318 1.)
2480 4286 2539 4294 —-
2561 4260 2655 4317 (Cl‘.
2684 4259 2909 4308 Tlu'bcmt
2925 4261 3022 4305 cir.
3049 4258 3182 4306 Abh.
3206 4271 3250 4316 p.
3277 4255 3358 4304 55.

578 4317 656 4374 12)
678 4319 729 4363 L.
752 4318 830 4366 17.
855 4322 880 4375 S
901 4320 950 4366 2.
974 4323 1025 4367 L.
1048 4317 1128 4366 52.
1154 4323 1244 4378 §3-
1268 4323 1324 4368 D.
1348 4322 1417 4368 de
1437 4333 1490 4367 a.
1517 4332 1564 4368 e.
1591 4323 1763 4369 v.—L.
1803 4322 1882 4366 12.
1951 4320 2032 4367 56.
2055 4328 2103 4368 et
2129 4325 2255 4371 infra
2277 4322 2432 4379 32⁴6.
2456 4327 2559 4368 not.
2588 4320 2658 4380 5.)
2692 4344 2755 4355 -
2789 4324 2838 4368 L.
2864 4318 2944 4367 17.
2968 4322 2997 4375 S
3022 4320 3072 4366 1.
3102 4323 3166 4368 D.
3189 4322 3260 4369 de
3281 4318 3363 4367 rei

513 4379 540 4433 S
560 4376 640 4425 25.
667 4382 722 4425 D.
749 4381 816 4426 de
849 4382 1004 4428 inser.
1026 4394 1077 4430 υ.
1101 4383 1347 4430 instrum.
1367 4385 1465 4444 leq.
1493 4409 1547 4416 —-
1573 4384 1752 4439 Quodsi
1775 4396 1886 4441 per·
1949 4384 2096 4432 viad.
2119 4387 2220 4444 (Vl.
2240 4387 2309 4444 1.)
2330 4411 2389 4419 -
2413 4386 2529 4441 ets
2551 4382 2662 4431 225.
2686 4391 2791 4431 not.
2814 4383 2885 4441 6.)

514 4441 748 4487 tinentiae
766 4445 1577 4504 excipiuntur,tamenintegrantes
1590 4458 1666 4490 res
1680 4446 1884 4492 omnino
2012 4446 2060 4502 δ)
2085 4449 2137 4495 L.
2160 4445 2241 4495 77.
2264 4450 2320 4495 D.
2346 4447 2414 4494 de
2433 4448 2501 4493 V.
2524 4447 2577 4492 S.

515 4513 686 4548 omnes
728 4504 925 4551 domino
968 4509 1165 4554 cedunt.
1204 4535 1258 4543 -
1301 4510 1434 4567 [Nec
1477 4510 1887 4567 praetereundum
2015 4506 2062 4566 4)
2094 4511 2145 4557 L.
2179 4510 2286 4558 121.
2323 4512 2379 4556 D.
2411 4509 2477 4555 de
2501 4509 2569 4556 V.
2590 4510 2792 4557 S.—Cf.
2826 4505 3006 4554 Noodt
3036 4509 3105 4554 de
3143 4510 3280 4555 foen.
3310 4511 3363 4552 et

515 4561 623 4635 1)ὶοῖ
661 4566 790 4636 quod
828 4567 940 4621 ,iure
961 4571 1177 4616 Romano
1208 4572 1525 4617 constitutum
1546 4574 1639 4628 cst,
1663 4583 1740 4627 ea,
1763 4581 1889 4627 quae
1952 4582 2086 4618 usur.
2112 4574 2216 4620 Lib.
2240 4574 2278 4619 1.
2303 4586 2347 4619 c.
2367 4572 2416 4620 9.
2438 4572 2577 4629 (opp.
2601 4573 2663 4616 Τ.
2689 4574 2725 4617 1.
2750 4585 2798 4630 p.
2829 4568 2961 4626 167.)
2986 4574 3040 4614 et
3070 4571 3183 4617 Lib-
3208 4571 3291 4616 m.
3313 4580 3359 4615 c.

517 4626 749 4672 aediliciis
791 4628 958 4683 iuncta
1002 4631 1213 4690 fuerint,
1248 4634 1512 4690 separatim
1547 4633 1748 4679 alienari
1791 4644 1889 4677 non
1954 4630 2003 4678 6.
2027 4634 2114 4690 (ib.
2142 4634 2500 4693 p.212.).-cf.
2521 4633 2847 4680 GltickPand.
2865 4631 2947 4678 Bd.
2965 4631 3097 4679 xxi.
3115 4645 3165 4689 p.
3186 4628 3362 4678 3536.

517 4697 675 4760 posse.
720 4690 772 4735 L.
797 4688 877 4737 41.
908 4695 934 4748 s
961 4693 984 4736 1
1009 4706 1113 4751 sqq.
1156 4696 1211 4739 D.
1247 4695 1313 4740 de
1357 4695 1544 4754 {epatis
1565 4697 1600 4741 Ι.
1637 4721 1696 4729 —-
1732 4697 1886 4752 Greq.
2018 4693 2067 4754 5)
2090 4700 2141 4743 L.
2167 4696 2245 4744 62.
2272 4710 2345 4756 pr.
2371 4698 2426 4743 D.
2450 4695 2517 4743 de
2536 4697 2595 4741 R.
2625 4698 2696 4743 V.
2720 4696 2820 4750 (vl,
2843 4696 2911 4753 1.)
2936 4718 2993 4726 -
3025 4695 3079 4739 Ι..
3106 4694 3195 4742 29.
3217 4697 3273 4741 D.
3296 4693 3365 4739 de

520 4749 822 4821 {lla-ramim
845 4755 899 4798 D.
940 4755 1002 4799 de
1044 4757 1167 4802 SCto
1189 4757 1407 4803 Aciliano
1450 4759 1499 4804 in
1535 4760 1605 4812 ej.
1649 4759 1885 4816 disputat.
1952 4760 2020 4805 H.
2046 4761 2108 4805 P.
2134 4762 2218 4816 (V,
2240 4758 2310 4816 5.)
2344 4784 2402 4793 -
2439 4760 2488 4805 L.
2523 4755 2602 4803 36.
2639 4760 2698 4805 D.
2721 4757 2774 4803 Ιι.
2800 4762 2840 4804 t.
2873 4782 2933 4790 -
2965 4756 3022 4801 1..
3052 4754 3139 4805 54.
3169 4759 3225 4803 D.
3250 4756 3301 4802 la.
3324 4759 3365 4803 t.

513 4823 658 4867 ,ιω-ιε.
700 4813 782 4858 Nr.
803 4815 968 4861 xxtv.
994 4841 1050 4849 —
1082 4818 1268 4864 Funke
1288 4822 1318 4865 l.
1343 4820 1378 4865 l.
1402 4843 1462 4852 —-
1485 4821 1537 4865 E.
1572 4821 1630 4865 G.
1653 4820 1671 4877 ]
1955 4824 2016 4878 (ιι
2039 4822 2225 4869 Usurae
2246 4823 2398 4867 vicem
2424 4822 2671 4868 fructuum
2694 4821 2940 4872 obtinent,
2972 4822 3025 4863 et
3050 4823 3239 4867 merito
3263 4829 3365 4865 non

582 4871 659 4926 ¹3)
681 4874 733 4921 1·-
753 4875 801 4920 Ξ.
823 4877 848 4930 S
868 4878 915 4923 1.
941 4879 995 4923 D.
1036 4879 1102 4924 de
1136 4879 1290 4926 inser.
1314 4882 1400 4928 vel
1414 4881 1664 4928 instrum.
1696 4882 1793 4941 leq.
1831 4905 1891 4913 —
1957 4882 2138 4930 debent
2160 4897 2186 4930 a
2211 4884 2449 4931 fructibus
2470 4883 2705 4938 separari.
2730 4883 2784 4940 n)
2807 4881 2879 4928 Cf.
2903 4882 3104 4929 Festus
3126 4894 3175 4930 v.
3199 4880 3368 4935 fenus

519 4937 574 4983 L.
596 4934 672 4984 14.
697 4940 751 4985 D.
776 4936 846 4985 de
861 4941 1046 4996 supeu.
1070 4940 1167 5001 leq.
1201 4940 1363 5004 (xxx,
1387 4943 1487 5002 10.)
1509 4967 1569 4980 --
1602 4945 1676 4992 Cf.
1700 4946 1754 4991 L.
1775 4941 1825 4992 5.
1846 4948 1896 4991 et
1960 4945 2029 5002 (in
2052 4945 2285 5002 Gothorr.
2309 4951 2461 4994 auctt.
2484 4947 2569 4992 lat.
2592 4945 2791 5004 linguae
2808 4957 2857 5004 p.
2877 4940 3038 5002 288.).
