3544 5506
2949 375 3053 431 261

261 512 401 576 tur,
428 497 744 580 siquidem
770 510 839 564 et
878 509 1292 583 usucapiendi
1323 506 1754 568 conditionem
1799 503 2054 562 efficere
2085 506 2151 559 et
2181 496 2311 559 doli
2341 498 2782 572 exceptionem
2824 513 3056 572 parere

264 611 514 679 potest,
547 618 715 678 quae
738 605 831 663 rei
852 608 1150 669 venditae
1176 617 1242 669 et
1265 608 1540 667 traditae
1570 604 1859 678 exceptio
1889 602 2251 677 appellatur
2270 596 2338 675 ²).
2366 595 2528 659 Fieri
2569 599 2762 657 etiam
2801 605 3010 672 potest
3039 645 3054 672 ‚

266 709 337 759 ut
360 697 579 759 statim
608 702 689 759 ab
712 697 890 761 initio
913 745 930 772 ,
968 705 1079 778 qui
1102 707 1401 765 dominus
1423 717 1552 761 non
1575 707 1672 759 est
1694 744 1713 775 ,
1746 714 1870 758 nec
1897 698 2248 756 mandante
2278 691 2540 754 domino
2565 690 3015 754 alienationem
3034 733 3054 763 ,

266 796 698 874 plenissimum
721 800 829 873 jus
853 802 1197 863 transferat
1226 807 1305 863 ad
1354 804 1626 861 alterum
1653 797 1698 873 ³)
1719 820 1738 875 3
1763 805 1989 858 contra
2019 811 2205 864 vero,
2238 803 2311 853 ut
2334 796 2671 853 interdicta
2698 795 2781 853 sit
2801 794 3062 854 domino

262 897 357 955 rei
381 911 536 954 suae
563 895 977 966 alienatio³⁸).
1004 895 1191 973 Quae
1223 899 1481 973 quidem
1504 896 1848 971 prohibitio
1872 901 1984 953 aut
2002 893 2139 965 lege
2161 892 2389 950 nititur
2411 888 2479 967 ⁴),
2511 896 2625 948 aut
2641 896 3024 949 testamento
3040 933 3058 958 ‚

266 1002 379 1052 aut
412 1002 628 1067 pact0.
657 992 894 1072 Quodsi
914 997 1051 1069 lege
1080 1000 1455 1072 prohibetur
1476 993 1772 1056 alienatio
1789 1040 1807 1067 ,
1832 994 2181 1054 dominium
2205 993 2465 1067 quidem
2483 989 2815 1048 transferri
2840 985 3062 1063 nequit

265 1097 348 1152 ad
378 1091 797 1168 accipientem
821 1139 839 1172 ,
872 1093 1067 1157 civilis
1103 1100 1413 1173 possessio
1441 1104 1652 1172 potest
1676 1096 1781 1171 (cs.
1812 1092 1839 1165 §
1873 1095 2041 1169 267).
2071 1095 2186 1152 Sinx
2208 1099 2593 1151 testamento
2615 1090 2951 1148 interdicta
2985 1090 3063 1148 sit

266 1209 489 1251 rerum
518 1194 817 1253 alienatio
839 1237 856 1269 ,
887 1199 1023 1256 solo
1068 1200 1322 1271 quidem
1356 1195 1797 1273 prohibitionis
1807 1196 1958 1271 jure
1992 1209 2123 1253 non
2153 1188 2525 1266 impeditur,
2548 1206 2680 1264 quo
2710 1190 2916 1248 minus
2955 1189 3063 1247 ssat

268 1293 571 1352 alienatio
589 1340 604 1368 ‚
631 1294 745 1352 nisi
780 1311 1058 1368 persona
1088 1301 1406 1372 quaedam
1434 1303 1822 1357 testamento
1852 1295 2088 1368 scripta
2104 1289 2205 1361 sit,
2232 1293 2312 1350 ad
2348 1306 2541 1364 quam
2565 1291 2720 1347 tales
2750 1304 2854 1347 res
2874 1289 3066 1361 perti-

265 1398 467 1450 neant
495 1393 884 1468 quandoque
915 1393 961 1470 ⁵)
986 1415 1005 1474 ς
1041 1413 1171 1471 quo
1198 1398 1456 1472 quidem
1477 1397 1650 1456 facto
1675 1397 1726 1455 is
1745 1438 1761 1465 ‚
1791 1396 1873 1454 ad
1897 1410 2088 1468 quem
2119 1391 2444 1451 deferetur
2466 1384 2780 1449 successio
2803 1389 2869 1445 in
2901 1387 3066 1461 ejus-

266 1488 439 1545 modi
464 1503 602 1564 res‚
630 1489 1010 1564 simulatque
1033 1493 1268 1553 exstitit
1289 1489 1718 1568 acquisitionis
1747 1506 1944 1550 causa
1966 1534 1982 1562 ,
2010 1490 2163 1564 J'ure
2179 1485 2467 1560 legatarii
2492 1486 2593 1544 vel
2624 1484 3064 1543 fideicommis-

266 1581 419 1645 sarii
438 1601 547 1644 eas
570 1587 913 1646 vindicabit
935 1589 1007 1664 ⁶).
1023 1593 1251 1669 Quodsi
1271 1608 1427 1651 vero
1443 1599 1635 1666 pacto
1656 1596 1917 1650 cautum
1937 1595 2054 1657 est,
2074 1594 2146 1645 ut
2172 1602 2255 1645 ne
2274 1587 2384 1643 ssat
2411 1584 2732 1651 alienatio,
2757 1583 3067 1656 siquidem

266 1683 330 1740 id
357 1684 539 1743 nullo
559 1688 747 1744 modo
773 1688 1081 1748 interesse
1113 1698 1324 1764 potest
1353 1692 1524 1766 ejus,
1569 1692 1671 1750 cui
1709 1690 1834 1749 hoc
1868 1690 2062 1748 modo
2092 1694 2391 1755 cavetur,
2434 1686 2621 1758 plane
2652 1679 2806 1741 nihil
2849 1682 3019 1740 valet
3045 1723 3063 1750 ‚

266 1781 447 1852 quod
473 1787 688 1839 actum
720 1788 815 1840 est
842 1783 910 1857 ⁷).
942 1784 1047 1843 Sin
1089 1802 1274 1845 secus
1296 1831 1314 1858 ,
1346 1789 1520 1845 valet
1565 1786 1823 1860 quidem
1843 1828 1859 1854 ,
1891 1790 1957 1842 at
1985 1785 2366 1857 plerumque
2409 1786 2673 1839 eatenus
2726 1780 3067 1845 duntaxat,

272 1882 342 1932 ut
373 1876 545 1948 pacti
573 1878 792 1936 violati
818 1875 1075 1938 nomine
1105 1882 1167 1938 in
1192 1897 1536 1958 personam
1564 1882 1664 1953 agi
1695 1880 1896 1954 possit
1922 1877 1997 1952 ⁸).
2028 1875 2401 1956 Huiusmodi
2432 1875 2621 1947 igitur
2645 1874 2844 1947 pactis
2868 1872 3067 1945 impe-

268 1973 391 2029 diri
416 1974 642 2046 nequit
664 2012 680 2037 ‚
714 1989 844 2047 quo
865 1975 1070 2035 minus
1091 1978 1306 2035 valeat
1332 1977 1636 2036 alienatio
1662 1976 1727 2033 in
1750 1981 2126 2034 extraneum
2154 1973 2320 2031 sacta
2346 2014 2361 2039 ‚
2396 1985 2517 2030 nec
2547 1971 2611 2028 in
2639 1984 2780 2027 rem
2804 1962 3068 2025 actioni-

270 2069 390 2126 bus
412 2062 709 2127 revocari
736 2069 920 2128 aliter
948 2079 1276 2143 nequeunt
1311 2088 1413 2131 res
1438 2072 1752 2130 alienatae
1771 2109 1790 2139 ,
1822 2070 1940 2127 nisi
1966 2069 2017 2128 si
2037 2086 2076 2127 a
2097 2068 2418 2127 creditore
2441 2071 2701 2138 pactum
2741 2063 2844 2133 sit,
2876 2076 2957 2119 ne
3003 2061 3071 2118 ti-

269 2170 415 2221 ceat
443 2164 755 2237 debitori,
792 2165 1220 2239 hypothecam
1255 2168 1538 2226 alienare
1563 2164 1637 2240 ⁹).
1677 2167 1752 2238 11)
1797 2168 1868 2223 In
1909 2179 2137 2224 earum
2174 2178 2332 2221 vero
2380 2175 2716 2220 causarum
2758 2170 3066 2225 numero,

273 2278 441 2336 quae
471 2259 681 2324 invitis
711 2264 905 2324 etiam
924 2268 1196 2326 dominis
1226 2284 1443 2328 rerum
1468 2261 1747 2328 dominia
1782 2265 2136 2339 perimunt,
2164 2263 2284 2321 hae
2316 2257 2623 2335 imprimis
2642 2265 2836 2318 sunt:
2864 2257 2959 2315 rei
2979 2255 3069 2313 in-

1331 396 1462 438 cn.
1505 396 1599 437 111.
1645 394 1720 435 ΒΕ
1758 393 2054 435 nomme.

340 2462 391 2520 2)
423 2466 528 2523 big.
548 2463 694 2523 (xxi,
715 2467 764 2511 3·
789 2467 893 2524 )de
916 2479 1032 2518 exc.
1052 2468 1129 2517 rei
1159 2424 1319 2517 vend.
1343 2474 1398 2518 et
1415 2470 1556 2517 trad.
1580 2495 1640 2504 —-
1705 2471 1791 2516 Nr.
1816 2467 2245 2516 lv.—·Miclie!sen
2270 2469 2358 2514 1.1.
2383 2468 2410 2522 S
2430 2465 2752 2513 2.—Dissent.
2769 2466 2960 2522 Maser-
2976 2464 3008 2509 1.
3035 2463 3069 2507 l.

281 2529 349 2574 A.
374 2530 429 2574 t..
454 2528 511 2574 J.
535 2527 816 2576 Michelsen
847 2531 907 2575 de
943 2544 1049 2578 exc.
1075 2533 1144 2577 rei
1180 2534 1401 2579 venditae
1422 2538 1471 2578 et
1494 2534 1643 2580 tradi·
1768 2529 1817 2588 5)
1839 2532 1886 2589 a)
1913 2533 1940 2585 s
1966 2532 2008 2578 1.
2034 2533 2072 2577 1.
2093 2529 2237 2589 quib.
2272 2531 2516 2578 alienare
2549 2531 2639 2575 ltc.
2674 2528 2761 2573 vel
2797 2525 2941 2583 non(
2967 2525 3066 2571 vid.

282 2595 379 2635 tae.
398 2589 1507 2642 Bel-oi.1824.8.—v.BucmtoltzversucheNr.
1523 2598 1641 2642 Χ111.
1710 2590 1840 2640 infra
1863 2596 1888 2649 S
1909 2593 2122 2652 518.).-
2147 2592 2199 2649 b)
2220 2593 2373 2652 Supra
2397 2595 2422 2649 3
2444 2590 2553 2637 171.
2578 2614 2636 2623 —-
2660 2589 2705 2645 c)
2745 2590 2771 2645 S
2805 2593 2892 2637 ult.
2929 2591 2966 2635 1.
3005 2586 3072 2634 de

280 2655 604 2709 -Mayerin
628 2655 858 2701 zeitschr.
884 2654 920 2700 f.
943 2658 1105 2713 gesch.
1131 2658 1185 2703 R.
1208 2658 1269 2702 W
1292 2658 1344 2704 P.
1373 2659 1490 2704 vui.
1516 2670 1563 2716 p.
1584 2656 1647 2704 35

279 2741 336 2749 —-
360 2713 441 2763 47.
458 2739 520 2746 --
542 2717 671 2774 Quae
690 2719 887 2775 quidem
897 2721 1117 2779 exceptio
1134 2720 1358 2766 omnibus
1370 2721 1646 2780 oppouipo-

279 2785 373 2824 test
387 2813 402 2834 ,
425 2779 703 2837 quicunque
719 2782 1067 2829 alienationem
1089 2783 1269 2828 factam
1291 2790 1447 2830 ratam
1470 2783 1648 2829 babere

278 2842 482 2886 debent.
523 2842 677 2896 Quam
721 2841 771 2887 in
807 2855 909 2888 rem
952 2847 1167 2903 regulam
1206 2857 1472 2903 proponere
1495 2848 1650 2892 solent

278 2903 427 2950 banc:
446 2904 600 2959 Quem
616 2905 677 2949 de
697 2904 932 2951 evictione
955 2911 1087 2953 tenet
1106 2908 1252 2962 actio,
1271 2908 1482 2954 eundem
1497 2919 1644 2965 agen-

279 2974 377 3011 tem
413 2968 610 3024 repellit
631 2967 850 3023 exceptio
886 2969 953 3012 rei
978 2970 1119 3016 vend.
1142 2974 1188 3014 et
1209 2971 1434 3017 traditae.
1463 2971 1542 3018 W
1541 2974 1648 3015 ese-

277 3028 406 3085 plia!
425 3041 469 3073 v.
499 3029 629 3073 Kaui
646 3032 741 3075 etc.
757 3027 904 3085 3555.
929 3032 987 3076 At
1007 3043 1104 3078 non
1128 3032 1271 3077 nimis
1290 3038 1512 3078 accurate
1534 3031 1649 3079 Vid.

283 3091 440 3137 Heise
457 3091 671 3137 Grundr.
697 3100 746 3146 p.
769 3089 848 3137 41.
878 3098 979 3139 not.
1004 3095 1082 3140 11.
1124 3099 1174 3139 et
1214 3094 1340 3140 infra
1364 3107 1444 3142 nr.
1469 3093 1506 3139 f.
1530 3097 1578 3139 et
1598 3106 1646 3151 g.

286 3177 338 3184 -
354 3154 462 3199 Jam
489 3165 607 3198 vero
629 3152 701 3198 bis
722 3154 770 3198 in
790 3156 946 3200 causis
965 3157 1094 3202 utilis
1115 3160 1189 3201 est
1209 3167 1305 3203 r.v.
1327 3161 1376 3202 et
1389 3161 1452 3202 tr.
1475 3167 1649 3213 excep-

283 3215 383 3261 tio:
409 3218 457 3273 a)
476 3217 529 3261 L.
557 3216 602 3261 1.
627 3226 703 3272 pr.
733 3216 786 3262 lt.
822 3218 858 3262 t.
882 3241 942 3251 -
963 3218 1014 3263 t..
1039 3216 1118 3264 17.
1141 3220 1191 3263 D.
1216 3217 1285 3264 de
1306 3218 1459 3265 evici.
1485 3217 1645 3278 (xxi,

281 3277 350 3332 2.)
374 3302 430 3310 -
456 3279 507 3332 b)
537 3278 589 3323 1..
611 3277 658 3321 1.
679 3279 706 3332 ς
729 3278 774 3324 1.
799 3279 852 3324 D.
872 3279 923 3326 Ιι.
949 3281 1104 3327 t.—1..
1126 3278 1428 3328 staden.
1451 3281 1645 3336 7.(111,

282 3339 360 3384 32.
383 3339 572 3393 )--Cf.
595 3340 646 3384 1..
669 3339 718 3386 2.
741 3338 865 3386 5.1).
891 3342 942 3388 Ιι.
966 3345 1003 3387 t.
1029 3367 1088 3377 -
1111 3343 1162 3388 t..
1186 3340 1375 3397 4352.
1420 3345 1472 3390 D.
1507 3342 1645 3389 ded.

284 3412 351 3447 ni.
392 3413 511 3450 exc.
550 3402 726 3454 (XLIV
751 3401 835 3462 ,4.
860 3406 874 3460 )
898 3406 1015 3461 ——c)
1039 3406 1092 3450 L.
1117 3406 1163 3449 1.
1189 3405 1283 3458 §2-
1310 3408 1362 3451 D.
1385 3406 1436 3451 Ιι.
1460 3409 1496 3451 t.
1521 3403 1647 3459 —d)

288 3465 337 3507 l..
361 3465 405 3509 1.
430 3466 458 3519 ς
477 3463 527 3510 5.
553 3464 670 3510 eod.
697 3490 758 3499 —-
778 3467 823 3522 e)
847 3467 897 3511 1..
923 3467 1003 3512 13.
1027 3468 1079 3513 C.
1103 3468 1170 3513 de
1190 3467 1344 3514 evice.
1366 3468 1488 3523 (thl
1509 3499 1522 3523 ‚
1546 3463 1646 3524 45.)

285 3550 347 3561 -—
369 3528 417 3584 f)
448 3528 499 3573 Ei
519 3538 738 3587 quoque,
769 3529 850 3586 qui
888 3531 1102 3588 pignoris
1137 3529 1247 3583 ,iure
1279 3542 1383 3575 rem
1406 3527 1647 3588 vendidit,

286 3591 508 3648 exceptio
528 3588 728 3646 obstat(
750 3591 801 3636 L.
828 3589 906 3637 19.
939 3595 992 3639 D.
1016 3591 1081 3638 de
1103 3591 1253 3638 distr.
1291 3591 1498 3652 piqnor.
1536 3592 1647 3650 XX,

285 3649 356 3708 5.)
371 3685 384 3707 ,
406 3653 492 3709 qni
511 3652 710 3709 quidem
733 3654 985 3701 evictionis
1007 3656 1204 3700 nomine
1235 3656 1518 3713 plerumque
1550 3665 1645 3700 non

287 3719 483 3759 tenetur
504 3714 589 3768 (cf.
610 3715 777 3770 intras
798 3713 909 3761 518.
933 3723 1036 3763 not.
1071 3714 1147 3764 18.
1174 3715 1272 3773 10.)
1294 3730 1308 3776 ;
1340 3724 1586 3774 praeterea
1606 3718 1654 3775 g)

288 3776 565 3831 fidejussori
584 3809 599 3832 ‚
636 3778 719 3834 qui
756 3789 844 3835 pro
879 3780 1114 3825 evictione
1135 3789 1185 3822 se
1205 3780 1433 3837 obligavit
1458 3797 1469 3825 ε
1497 3781 1548 3823 L.
1575 3780 1653 3826 11.

286 3840 338 3882 C.
364 3836 608 3884 deevict.
644 3839 955 3895 Fidejussoris
982 3848 1146 3887 autem
1172 3841 1338 3887 heredi
1363 3854 1458 3887 non
1493 3842 1656 3888 obstat

287 3900 358 3953 (L.
380 3898 464 3946 51.
487 3902 541 3945 C.
561 3899 721 3959 eod.),
736 3904 845 3947 licet
857 3904 917 3948 de
939 3906 1177 3948 evictione
1189 3905 1474 3960 praestanda
1488 3910 1654 3949 tenea-

288 3968 384 4008 tur.
422 3964 634 4009 Dissent.
669 3965 833 4010 Ghick
865 3967 1137 4011 comment.
1175 3967 1271 4012 xx.
1302 3979 1349 4024 p.
1384 3964 1477 4013 439
1505 3978 1577 4023 sq.
1599 3969 1656 4012 At

287 4024 598 4070 differentiae
617 4027 744 4071 ratio
761 4027 880 4073 haec
901 4033 975 4073 est
987 4060 1004 4088 ,
1028 4029 1157 4086 quod
1187 4028 1440 4084 fidejussor
1458 4040 1658 4075 cousen-

288 4098 396 4132 snm
430 4087 716 4133 alienationi
746 4089 905 4144 dedit,
942 4091 1187 4149 adeoque,
1211 4102 1323 4136 cum
1345 4092 1658 4138 nihilominus

288 4159 390 4195 rem
435 4149 680 4205 vindicat,
709 4149 824 4197 dolo
862 4152 1022 4198 facere
1063 4153 1270 4199 videtur.
1317 4155 1498 4199 Contra
1543 4164 1659 4199 vero

289 4209 426 4257 heres
448 4212 602 4270 ipsius
624 4223 719 4258 non
743 4214 830 4259 nisi
855 4213 903 4258 id
916 4216 1114 4273 implere
1135 4226 1326 4261 necesse
1348 4216 1655 4272 babet,quod

287 4284 398 4319 vere
420 4274 651 4332 promisit
670 4274 953 4334 defunctus,
987 4278 1022 4323 i.
1044 4289 1086 4322 e.
1110 4281 1164 4323 ut
1200 4279 1475 4324 indemnem
1497 4288 1657 4335 quan-

287 4336 448 4394 doque
498 4340 711 4394 praestet
743 4343 977 4384 emtorem
998 4364 1057 4372 —
1075 4341 1327 4386 Praeterea
1361 4341 1478 4385 haec
1509 4341 1656 4384 etiam

287 4399 597 4445 observanda
619 4405 739 4445 sunt
759 4401 830 4458 tl)
848 4402 1026 4458 eligere
1046 4413 1183 4459 posse
1202 4408 1440 4448 emtorem
1454 4435 1469 4461 ,
1492 4406 1657 4447 utrum

289 4471 393 4506 rem
416 4463 538 4506 vetit
560 4463 772 4509 retinere
790 4496 805 4521 ,
839 4473 900 4508 an
928 4464 1177 4510 evictionis
1206 4467 1404 4510 nomine
1426 4466 1657 4510 adversus

290 4523 623 4572 vindicantem
644 4536 808 4580 agere.
832 4526 903 4581 (L.
925 4524 1002 4572 17.
1025 4523 1104 4572 18.
1146 4528 1199 4573 D.
1228 4526 1296 4574 de
1327 4527 1480 4575 evict.
1505 4525 1583 4582 )2)
1605 4528 1658 4571 Et

291 4587 700 4643 replicationibus
718 4587 907 4633 excludi
930 4588 1060 4637 lianc
1077 4591 1409 4646 exceptionem
1422 4622 1440 4650 ‚
1461 4591 1593 4634 velut
1612 4589 1659 4646 a)

291 4648 412 4694 1..1.
437 4650 614 4704 ς2.1ιι
639 4650 676 4695 f.
701 4650 820 4694 etL.
843 4647 966 4696 5.1).
989 4650 1042 4696 ἠ.
1070 4655 1107 4697 t.
1145 4677 1207 4686 —-
1240 4651 1288 4710 b)
1315 4650 1657 4707 1..32.§2.D.

289 4711 365 4757 ad
391 4713 503 4758 Sct.
531 4713 673 4759 Veli.
715 4713 856 4770 (xvi,
875 4710 939 4769 1.)
977 4710 1025 4769 5)
1066 4715 1120 4759 Et
1160 4715 1436 4773 exceptioni
1479 4714 1659 4772 opponi

291 4784 427 4830 posse
450 4776 537 4828 (L.
564 4776 614 4821 4.
638 4776 665 4830 ς
681 4776 763 4821 52.
780 4775 835 4820 D.
856 4774 923 4821 de
942 4774 1048 4823 doli
1065 4778 1192 4825 mali
1207 4780 1344 4834 exc.)
1374 4776 1423 4836 4)
1448 4788 1537 4825 nec
1559 4788 1660 4821 non

289 4836 657 4884 successoribus
683 4839 808 4893 ejus.
839 4839 922 4895 qui
959 4841 1240 4897 acquisierit
1258 4875 1273 4898 ‚
1295 4843 1520 4899 prodesse
1543 4839 1669 4888 hanc

291 4901 635 4958 exceptionem
687 4902 755 4955 (L.
782 4897 831 4947 5.
867 4913 940 4958 pr.
967 4901 1020 4947 D.
1062 4903 1115 4949 Ιι.
1151 4906 1228 4962 1.).
1259 4926 1319 4936 -
1371 4905 1558 4949 Caeter.
1609 4903 1670 4948 de

291 4964 556 5022 antiquiori
598 4964 711 5018 jure
749 4962 846 5009 vid.
886 4963 1100 5011 Pothier
1141 4966 1288 5012 Pand.
1326 4966 1498 5014 Justin.
1534 4965 1591 5012 b.
1629 4971 1666 5011 t.

1711 2668 1937 2712 usucap.
1972 2679 2032 2690 -
2065 2656 2118 2700 L.
2141 2657 2229 2700 ult.
2266 2658 2318 2702 C.
2352 2654 2418 2700 de
2454 2649 2798 2711 quadriennii
2822 2663 3069 2709 praescr.

1710 2720 1832 2780 (vit,
1851 2717 1951 2776 37.)
1974 2743 2034 2753 --
2056 2720 2166 2765 vid.
2190 2713 2421 2773 Seuffert
2437 2716 2630 2763 civilist.
2659 2715 2815 2760 lii-brt.
2840 2715 3068 2771 (Wurzb.

1711 2782 1873 2841 1820.)
1892 2795 1939 2840 p.
1963 2777 2169 2828 59-66.
2185 2807 2246 2817 --
2264 2779 2652 2828 Unterholznet·
2673 2777 2911 2826 ausfuhrl.
2942 2779 3069 2835 vei-j.

1713 2846 1865 2891 Lehre
1889 2846 1923 2890 1.
1943 2844 1968 2898 3
1992 2843 2069 2890 15.
2095 2857 2141 2902 p.
2162 2845 2242 2893 55.
2265 2846 2384 2890 etll.
2409 2855 2456 2900 p.
2477 2839 2589 2887 526.
2613 2851 2690 2884 nr.
2713 2838 2764 2887 7.

1776 2910 1861 2964 δα)
1885 2907 2098 2953 Omnino
2119 2909 2217 2957 vid.
2256 2908 2403 2954 Lauk
2423 2907 2472 2950 in
2496 2901 2726 2955 zeitschr.
2749 2903 2786 2951 f.
2811 2904 2977 2951 Civitr.
3013 2916 3064 2950 u.

1711 2971 1850 3016 Pi'oz.
1877 2971 1935 3016 T.
1961 2973 2017 3017 V.
2038 2970 2119 3015 Nr.
2144 2970 2180 3017 1.
2590 3006 2601 3019 .

1775 3031 1822 3090 4)
1840 3034 1920 3078 Pr.
1942 3037 1989 3079 et
2009 3033 2035 3087 S
2056 3030 2106 3076 2.
2131 3033 2166 3077 1.
2191 3030 2334 3092 quib.
2356 3030 2428 3076 al.
2449 3027 2534 3075 lic.
2562 3029 2647 3074 vel
2663 3038 2791 3073 non.
2821 3052 2876 3060 —
2913 3030 2979 3073 De
3002 3027 3071 3074 rei

1713 3094 1951 3152 litigiosae
1974 3096 2262 3140 alienatione
2287 3095 2383 3139 vid.
2410 3093 2460 3138 1..
2476 3089 2522 3137 4.
2537 3089 2589 3133 C.
2610 3090 2677 3135 de
2699 3088 2908 3148 litiqios.
2923 3090 3068 3147 (vill,

1712 3156 1953 3214 37.)-Cf.
1979 3156 2228 3202 Auctoris
2248 3156 2445 3202 Cession
2464 3155 2488 3208 S
2508 3147 2586 3195 29.
2618 3152 2698 3209 (p.
2718 3150 2806 3197 541
2832 3177 2891 3184 -
2913 3149 3024 3198 545.
3053 3155 3070 3207 )

1709 3220 1735 3273 S
1757 3216 1838 3266 51.
1860 3233 1907 3276 p.
1930 3216 2041 3264 574.
2066 3223 2115 3263 et
2133 3230 2276 3276 supra
2296 3221 2322 3274 g
2346 3215 2454 3263 144.
2478 3218 2583 3259 not.
2610 3212 2879 3260 21.—Add.
2902 3215 3073 3268 Span-

1706 3283 1937 3341 9enbcr9
1992 3281 2041 3327 in
2086 3280 2275 3329 Archiv·
2316 3282 2351 3326 l‘.
2386 3280 2479 3325 civ.
2523 3277 2602 3322 Pr.
2640 3279 2720 3323 lx.
2769 3276 2852 3323 ΝΡ.
2905 3277 3064 3322 xxtv.

1713 3356 1760 3401 p.
1784 3342 1877 3392 406
1897 3357 2001 3403 sqq.

1778 3404 1826 3464 5)
1849 3410 1901 3453 L.
1921 3405 2029 3452 114.
2052 3406 2078 3460 S
2099 3402 2176 3452 14.
2201 3406 2254 3450 D.
2276 3402 2343 3449 de
2365 3403 2465 3460 leq.
2487 3403 2535 3449 Ι.

1772 3468 1821 3527 6)
1854 3470 1927 3516 ef.
1965 3470 2016 3515 L.
2056 3465 2163 3513 114.
2188 3470 2214 3523 s
2236 3463 2313 3511 15.
2337 3467 2389 3511 D.
2415 3465 2483 3511 de
2506 3461 2604 3524 leq.
2628 3463 2677 3508 I.
2791 3464 2842 3510 L.
2866 3459 2948 3508 69.
2975 3463 3002 3517 ς
3021 3461 3071 3508 5.

1711 3532 1766 3577 L.
1789 3530 1869 3578 77.
1895 3536 1921 3589 ς
1941 3531 2021 3577 27.
2048 3531 2101 3575 D.
2125 3528 2191 3575 de
2212 3529 2309 3588 leq.
2334 3529 2418 3573 ΙΙ.
2445 3528 2530 3582 (cf.
2556 3530 2607 3574 L.
2637 3528 2681 3571 1.
2717 3526 2764 3572 2.
2793 3526 2845 3571 C.
2882 3534 3071 3571 comm.

1710 3595 1777 3641 de
1798 3595 1896 3655 leq.
1923 3590 2134 3650 vl‚43.).
2178 3616 2237 3624 —
2273 3593 2323 3636 t..
2347 3591 2397 3637 5.
2438 3592 2531 3647 §3-
2553 3592 2607 3637 C.
2640 3600 2826 3637 comm.
2864 3587 2932 3633 de
2970 3587 3069 3644 leq.

1711 3657 1755 3714 (3
1775 3655 1888 3704 262.
1912 3660 2015 3702 not.
2040 3652 2158 3710 15.).

1781 3717 1895 3775 7)L.
1913 3717 1995 3765 61.
2021 3719 2074 3764 D.
2099 3716 2167 3764 de
2184 3718 2328 3773 pact.
2350 3714 2430 3773 (11,
2457 3712 2556 3772 14.)
2858 3772 2869 3782 ·

1781 3780 1828 3840 8)
1852 3781 1957 3828 vid.
1988 3782 2014 3835 S
2036 3792 2136 3837 seq.
2162 3783 2266 3826 not.
2287 3775 2336 3824 5.
2360 3788 2407 3823 a.
2431 3783 2480 3823 et
2501 3779 2551 3823 L.
2579 3774 2686 3823 155.
2726 3776 2752 3830 S
2775 3772 2825 3820 5.
2859 3784 2907 3816 in
2931 3771 2970 3817 t'.
3004 3770 3073 3817 de

1718 3845 1787 3891 V.
1816 3847 1872 3890 0.
1900 3844 2058 3900 (XLV,
2081 3843 2148 3901 1.)
2164 3867 2217 3874 -
2238 3841 2291 3887 L.
2316 3841 2365 3885 5.
2386 3840 2439 3886 C.
2461 3839 2530 3886 de
2548 3838 2703 3886 cond.
2726 3836 2953 3882 obcaus.
2974 3831 3072 3878 da·

1720 3909 1820 3952 lor.
1844 3908 1940 3967 (lv,
1961 3904 2029 3963 6.)
2064 3928 2123 3937 ——·
2159 3906 2317 3960 Neque
2338 3902 2577 3947 contraria
2600 3906 2674 3947 est
2707 3901 2759 3944 t..
2784 3899 2875 3943 ult.
2915 3896 2970 3941 C.
3007 3895 3076 3941 de

1713 3973 1859 4024 pace.
1879 3969 1973 4015 int.
1998 3970 2120 4014 emt.
2143 3968 2196 4013 et
2228 3963 2387 4011 vend.
2408 3964 2484 4020 (IV
2499 3997 2514 4020 ‚
2536 3961 2637 4020 54.)
2662 3962 2947 4014 (Auctoris
2966 3960 3075 4005 Ces·

1718 4032 1825 4076 sion
1849 4031 1875 4085 3
1897 4028 1980 4076 27.
2021 4042 2068 4088 p.
2090 4027 2180 4075 521
2208 4039 2314 4085 sqq.
2350 4028 2427 4073 ed.
2468 4026 2568 4085 2.);
2602 4036 2699 4072 non
2744 4021 2897 4079 magis
2926 4031 3076 4078 quam

1720 4093 1772 4138 L.
1796 4095 1884 4139 ult.
1908 4092 1961 4137 C.
1996 4091 2064 4138 de
2098 4090 2207 4137 reb.
2233 4088 2391 4135 alien.
2419 4098 2526 4133 non
2564 4083 2833 4134 alienanti.
2855 4084 2954 4141 (lv,
2976 4079 3078 4155 501.)

1724 4156 2057 4213 (asencimus,
2080 4154 2177 4198 sive
2195 4154 2272 4198 lex
2296 4150 2636 4198 alienationem
2655 4147 2941 4203 inhibuerit,
2980 4156 3079 4191 sive

1720 4221 1924 4262 testator
1943 4216 2034 4261 hoc
2069 4215 2264 4269 fecerit,
2286 4215 2384 4257 sive
2401 4212 2560 4270 pactio
2573 4207 2964 4258 contrahentium
2987 4206 3079 4253 hoc

1719 4276 2009 4333 admiserit,
2033 4289 2128 4322 non
2162 4276 2318 4322 solum
2346 4274 2550 4320 dominii
2584 4272 2928 4320 alienationem
2952 4302 2967 4326 ,
3001 4269 3077 4315 vel

1720 4341 2072 4396 mancipiorum
2103 4338 2530 4383 manumissionem
2559 4348 2663 4382 esse
2690 4331 3042 4395 prohibendam
3065 4365 3081 4390 ‚

1719 4402 1986 4450 sedetiam
2010 4400 2355 4454 ususfructus
2377 4398 2640 4445 dationem
2656 4432 2671 4454 ,
2709 4397 2794 4444 vel
2831 4391 3080 4451 hypothe-

1719 4477 1858 4523 cam,
1885 4463 2215 4523 velpiynoris
2238 4473 2436 4508 nexum
2459 4460 2680 4517 penitus
2699 4457 2983 4516 prohiberi.
3002 4455 3082 4504 Sl-

1722 4528 1934 4585 milique
1958 4525 2108 4571 modo
2133 4531 2188 4572 ee
2209 4524 2491 4572 servitutes
2513 4522 2721 4570 minime
2742 4518 2960 4580 imponi,
2983 4519 3079 4566 etc.

1727 4591 1950 4637 —Gluck
1972 4589 2120 4634 Pand.
2147 4589 2266 4633 xvi.
2300 4589 2326 4642 S
2346 4584 2460 4633 976.
2497 4599 2546 4644 p.
2570 4584 2652 4633 66.
2690 4609 2750 4619 -
2773 4579 3085 4654 Gestar-ditty

1723 4653 1942 4711 Eigenth.
1964 4653 2017 4697 R.
2035 4664 2079 4709 p.
2103 4648 2167 4696 29
2185 4651 2532 4707 sq.)—-Caeter.
2552 4649 2751 4694 dissent.
2777 4647 3000 4693 Hertms
3019 4646 3084 4691 de

1723 4721 1886 4773 pacto,
1906 4727 1970 4771 ne
1981 4715 2127 4822 &a
2142 4724 2243 4759 rem
2260 4724 2396 4759 suam
2416 4712 2559 4759 alien.
2574 4713 2599 4767 ς
2614 4707 2670 4756 17
2684 4722 2758 4768 sq.
2775 4709 2907 4767 (opp.
2920 4708 3028 4752 Vol.
3043 4709 3079 4753 l.

1724 4779 1783 4824 T.
1807 4780 1886 4823 111.
1949 4810 1960 4823 .
2067 4776 2212 4833 sqq.).

1797 4838 1846 4897 9)
1870 4789 2027 4886 Axi’tct.
2059 4839 2252 4885 Cession
2277 4849 2326 4895 p.
2347 4834 2441 4884 528
2463 4848 2535 4895 sq.
2573 4834 2621 4891 (5
2638 4834 2737 4890 ed.)
2768 4834 2820 4878 L.
2842 4830 2891 4879 7.
2910 4831 2937 4890 3
2958 4830 3006 4877 2.
3025 4831 3078 4879 D.

1733 4903 1800 4948 de
1817 4902 1971 4948 distr.
1993 4901 2198 4961 piffltor.
2215 4900 2336 4959 (XX,
2352 4896 2422 4957 5.)
2445 4924 2496 4931 -
2512 4900 2588 4945 Cli.
2611 4897 2771 4945 6Ιᾶοῆ
2794 4896 2943 4946 Pand.
2963 4892 3083 4940 xvi.

1733 4968 1758 5020 5·
1778 4963 1888 5011 976.
1908 4977 1955 5023 p.
1977 4963 2037 5011 57
2058 4962 2303 5022 sqq—Cf.
2330 4968 2376 5008 et
2400 4963 2426 5018 S
2447 4973 2546 5020 seq.
2566 4966 2666 5007 not.
2688 4958 2735 5007 5.
