3544 5506
1226 189 1246 223 ἱ

475 354 586 411 330
1206 365 1356 407 PARS
1395 364 1553 406 SPEC.
1595 365 1713 406 Lus.
1754 364 1849 406 111.
1892 365 1968 407 DE
2005 366 2530 409 oanATIomsz.

475 490 686 540 terum
710 461 855 538 cum
879 492 1127 550 poenae
1154 477 1568 550 stipulatione
1592 476 1991 536 commisceri
2014 491 2150 536 non
2172 478 2367 536 debet
2396 480 2740 539 conventio
2770 479 3112 559 ejusmodi,
3147 498 3276 555 qua

473 582 704 654 cuique
733 577 1246 638 contrahentium
1272 593 1417 636 cum
1448 583 1671 635 certae
1697 579 2012 651 pecuniae
2036 578 2290 651 iactura
2314 577 2572 654 (vocant
2604 582 2910 640 mulctam
2940 578 3276 654 poeniten-

473 678 710 753 tialem)
757 679 1086 738 discedere
1121 694 1159 736 a
1188 683 1535 738 contractu
1576 673 1771 736 liceat
1796 673 1907 751 1’);
1943 679 2114 750 quod
2150 678 2410 751 quidem
2444 679 2551 752 ,ius
2580 680 2715 748 hic,
2761 676 2890 738 illic
2921 682 3275 742 domestica

472 779 610 848 lege
628 817 645 845 ,
673 775 788 834 etsi
812 776 893 833 de
913 789 993 833 eo
1028 789 1159 833 non
1181 772 1558 833 convenerit
1584 772 1753 832 inter
1780 780 1996 847 partes
2019 815 2036 842 ‚
2073 787 2448 833 concessum
2491 781 2587 834 est
2616 773 3147 837 contrahentibus
3170 774 3272 856 ¹⁵).

1316 960 1343 1029 ς
1383 956 1528 1014 541.
1574 954 1677 1017 bb)
1720 954 1806 1011 De
1832 952 2044 1012 arrhae
2081 952 2312 1011 datione
2337 954 2428 1027 (*).

553 1143 752 1201 Arrha
777 1149 873 1202 est
903 1137 1213 1215 quidquid
1236 1142 1452 1215 datur,
1476 1146 1551 1198 ut
1574 1145 1959 1216 argumento
1988 1140 2068 1197 sit
2096 1133 2498 1209 obligationis
2527 1143 2900 1197 contractae
2933 1135 2998 1211 ¹).
3034 1136 3272 1196 Arrhae

471 1241 643 1299 datio
685 1241 976 1315 (vocatur
1017 1239 1211 1297 etiam
1259 1234 1491 1295 arrhata
1521 1232 1857 1312 pas-tumst)
1902 1243 1999 1294 est
2047 1236 2209 1293 alius
2247 1240 2619 1293 contractus
2656 1250 2805 1308 pars
2828 1234 2901 1312 ³);
2931 1250 3053 1293 nec
3082 1235 3273 1307 igitur

470 1336 798 1413 propriam
828 1339 1022 1397 habet
1054 1338 1324 1397 formam
1352 1382 1368 1406 ,
1411 1344 1899 1410 praeterquam,
1935 1337 2109 1410 quod
2155 1328 2288 1395 non
2320 1350 2395 1394 ex
2428 1335 2561 1392 sola
2589 1336 2818 1392 arrhae
2856 1335 3273 1409 promissione

469 1437 637 1494 actio
659 1442 983 1499 nascatur,
1016 1436 1127 1493 sed
1154 1433 1331 1493 datio
1359 1434 1625 1492 accedat
1647 1447 1909 1491 necesse
1929 1433 2009 1491 sit
2039 1428 2111 1502 ⁴).
2142 1436 2355 1491 Potest
2386 1433 2765 1504 plerumque
2794 1431 2988 1489 arrha
3013 1433 3164 1490 data
3189 1433 3271 1489 ad

468 1532 862 1604 implendum
892 1538 1298 1591 contractum
1327 1524 1427 1601 agi
1455 1534 1539 1603 5);
1578 1545 1709 1601 quo
1734 1524 1995 1601 quidem
2022 1528 2190 1587 facto
2219 1535 2330 1585 aut
2355 1528 2682 1585 reddenda
2702 1535 2797 1586 est
2818 1529 3035 1603 arrha,
3070 1531 3270 1586 autin

470 1629 746 1702 pretium
773 1630 1206 1702 computanda
1231 1624 1301 1700 ⁶),
1326 1627 1446 1685 nisi
1474 1622 1854 1685 nominatim
1892 1621 2059 1690 inter
2087 1632 2303 1696 partes
2334 1626 2638 1683 convenit
2656 1667 2673 1698 ,
2705 1631 2778 1682 ut
2813 1627 2957 1684 loco
2985 1641 3266 1684 conven-

464 1722 719 1783 tionalis
760 1739 1008 1798 poenae
1045 1725 1146 1783 vel
1189 1718 1527 1796 accipienti
1572 1723 1782 1796 cedat,
1805 1724 1905 1780 vel
1935 1723 2113 1779 danti
2141 1738 2289 1781 cum
2331 1723 2539 1781 altero
2576 1729 2758 1781 tanto
2792 1723 3167 1781 restituatur
3193 1724 3262 1796 7).

471 1824 546 1878 At
568 1837 724 1880 vero
749 1817 836 1878 ita
865 1822 1057 1879 etiam
1089 1820 1388 1878 constitui
1419 1819 1611 1877 arrha
1637 1825 1872 1893 potest,
1898 1825 1970 1875 ut
1991 1825 2290 1876 naturam
2314 1818 2549 1876 habeat
2589 1814 3058 1891 poenitentialis
3101 1820 3268 1877 mul—

467 1924 608 1976 ctae
633 1914 706 1993 ⁸);
731 1932 896 1990 quae
919 1917 1175 1990 quidem
1202 1918 1341 1990 ipso
1358 1915 1500 1995 jure
1528 1915 1586 1973 ei
1616 1916 1867 1973 videtur
1893 1909 2120 1988 inesse,
2143 1929 2290 1972 cum
2319 1922 2432 1972 aut
2443 1916 2555 1973 tali
2577 1915 3265 1991 acceditconventioni,

469 2033 636 2091 quae
656 2017 805 2091 jure
829 2017 1087 2090 quidem
1103 2017 1275 2076 licita
1304 2023 1400 2075 est
1423 2060 1439 2088 ‚
1468 2022 1535 2075 at
1564 2015 1841 2087 cogendi
1869 2031 2000 2073 non
2019 2015 2211 2073 habet
2236 2011 2363 2072 vim
2391 2014 2464 2088 9),
2492 2023 2603 2073 aut
2634 2018 2920 2075 nondum
2946 2016 3267 2089 perfectus

466 2124 562 2176 est
585 2123 977 2186 contractus,
1003 2114 1183 2193 cujus
1222 2131 1416 2175 causa
1456 2117 1648 2173 datur
1685 2114 1877 2172 arrha
1912 2106 2007 2191 ¹⁰).
2037 2115 2555 2190 Quotiescunque
2582 2122 2798 2173 autem
2822 2117 3149 2174 reddenda
3173 2122 3268 2175 est

407 2224 412 2227 ‘
466 2217 684 2286 arrha,
715 2213 844 2275 sive
871 2212 1170 2290 impletus
1195 2217 1275 2273 sit
1295 2221 1687 2284 contractus,
1716 2214 1847 2272 sive
1868 2221 2096 2287 sponte
2128 2214 2207 2271 ab
2236 2229 2314 2272 eo
2337 2214 2684 2272 discessum
2711 2257 2727 2289 ,
2765 2210 2899 2273 sive
2928 2211 3065 2273 sine
3087 2215 3263 2287 eJus,

465 2315 574 2386 qui
601 2314 776 2372 dedit
794 2359 809 2385 ‚
844 2314 1035 2386 culpa
1081 2310 1331 2386 impleri
1363 2317 1674 2385 nequeat,
1701 2310 2005 2382 repetitio
2048 2311 2118 2367 fit
2143 2316 2256 2367 aut
2283 2310 2646 2368 conditione
2674 2325 2867 2369 causa
2890 2313 3041 2370 data
3070 2327 3264 2371 causa

466 2425 594 2468 non
620 2417 861 2482 secuta,
885 2416 996 2467 aut
1017 2424 1095 2467 ea
1118 2408 1392 2479 actione,
1420 2421 1587 2481 quae
1609 2421 1686 2464 ex
1715 2400 2051 2480 principali
2082 2406 2368 2463 nascitur
2392 2411 2734 2465 contractu
2766 2402 2853 2480 ¹¹).

545 2595 572 2666 §
598 2596 742 2653 542.
770 2590 832 2669 2)
855 2593 1027 2652 Ratio
1051 2610 1118 2651 ac
1142 2590 1330 2668 forma
1356 2592 1793 2650 conventionum
1813 2608 1886 2649 ex
1912 2591 2095 2649 civilis
2116 2593 2505 2651 Romanorum
2517 2593 2676 2671 juris
2699 2592 2888 2652 indole
2906 2600 3183 2671 spectata.

549 2780 808 2836 Praeter
828 2792 927 2848 ea,
961 2792 1127 2850 quae
1161 2793 1238 2836 ex
1268 2779 1591 2837 communi
1621 2777 1908 2849 gentium
1938 2775 2082 2855 jure
2107 2781 2373 2839 omnino
2399 2759 2463 2837 in
2490 2773 3019 2839 conventionibus
3043 2793 3264 2838 neces-

1907 2955 2051 3001 vend.
2076 2966 2154 3002 nr.
2188 2952 2257 3010 5.)
2276 2979 2329 2987 -
2352 2956 2448 3001 Nec
2471 2956 2627 3001 solum
2659 2958 2914 3001 numerata
2944 2958 3153 3014 pecunia
3183 2971 3260 3004 ar·

465 2955 573 2998 act.
595 2952 657 3004 11.
680 2951 757 3000 15.
783 2953 800 3008 (
826 2954 1005 3001 «Paeto
1032 2961 1273 3003 convento
1315 2957 1568 3016 Aquiliana
1608 2958 1808 3016 quidem

1904 3015 2023 3061 rhae
2045 3019 2242 3063 nomine
2263 3019 2391 3074 apud
2412 3019 2653 3064 Romanos
2673 3020 2779 3065 dari
2799 3019 2941 3064 solita
2963 3025 3057 3076 est,
3085 3032 3257 3067 verum

466 3015 716 3072 stipulatio
757 3016 930 3071 subjici
954 3019 1099 3076 solet3
1142 3019 1225 3065 sed
1257 3022 1526 3066 consultius
1562 3026 1653 3078 est,
1691 3019 1807 3065 huic

467 3077 722 3134 poenalem
743 3090 936 3136 quoque
958 3081 1325 3138 stipulationem
1342 3082 1637 3140 subjungere
1653 3100 1663 3128 :
1677 3081 1807 3140 quia

465 3139 689 3186 rescisso
707 3138 850 3192 sorte
868 3145 1024 3198 pacto
1040 3154 1216 3198 poena
1232 3158 1302 3192 ex
1323 3146 1696 3202 stipulaeupeti
1711 3157 1806 3201 po-

465 3203 632 3260 tes-1203
643 3204 820 3261 quippe
829 3205 1111 3263 explicanda
1123 3219 1149 3251 e
1164 3208 1267 3264 lege
1278 3208 1804 3265 seq.-Vid.Basilicor.

467 3263 625 3309 schol.
649 3268 686 3311 Ι.
706 3277 753 3322 p.
775 3263 888 3312 807.
914 3274 1017 3312 not.
1040 3279 1089 3313 e.
1112 3273 1161 3313 et
1183 3281 1326 3329 supra
1349 3275 1451 3316 not.
1469 3268 1522 3316 7.
1546 3275 1595 3314 et
1614 3267 1662 3315 8.

531 3324 613 3385 14)
645 3328 671 3381 S
694 3330 780 3373 ult.
803 3329 854 3373 in
873 3328 910 3373 f.
937 3330 975 3374 1.
998 3330 1068 3375 de
1090 3332 1161 3376 V.
1188 3333 1245 3377 0.
1272 3358 1332 3365 -
1350 3333 1424 3378 Cf.
1448 3333 1503 3378 J.
1528 3336 1595 3380 A.
1622 3330 1807 3379 Baclu'i

464 3385 523 3432 D.
548 3389 608 3434 de
628 3391 781 3434 multa
805 3392 1139 3449 poenitentiali
1159 3393 1343 3451 (opusc.
1367 3396 1448 3440 ΝΡ.
1468 3395 1575 3455 x.);
1600 3397 1681 3451 qui
1701 3397 1808 3452 qui-

465 3449 577 3494 dem
601 3463 855 3510 perperam
877 3454 1065 3510 statuit,
1090 3467 1294 3512 poenam
1314 3457 1728 3502 conventionalem
1753 3458 1805 3503 in

464 3513 761 3559 emtionibus
782 3519 831 3559 et
849 3516 1207 3562 venditionibus
1229 3530 1418 3575 semper
1437 3518 1617 3565 habere
1636 3522 1805 3575 poeni-

463 3576 678 3621 tentialis
702 3579 914 3623 mulctae
931 3578 1047 3623 vim.
1088 3581 1181 3625 Nec
1213 3593 1327 3625 vero
1349 3593 1407 3626 ex
1432 3581 1483 3625 L.
1520 3578 1599 3627 44.
1625 3582 1717 3636 56.
1745 3584 1803 3627 D.

462 3635 531 3681 de
555 3641 611 3684 0.
635 3640 689 3684 et
709 3641 774 3684 A.
813 3640 943 3696 licet,
977 3642 1230 3698 colligere,
1267 3654 1451 3700 poenae
1484 3645 1806 3702 stipulationi,

462 3700 718 3757 cuicuique
741 3704 1009 3747 contractui
1035 3705 1273 3760 adjectae,
1296 3705 1604 3750 novationem
1625 3706 1806 3763 inesse,

465 3761 518 3806 id
538 3762 846 3822 efficientem,
870 3769 923 3808 ut
945 3774 1155 3823 semper.
1180 3767 1272 3812 nisi
1299 3767 1430 3811 aliud
1454 3773 1645 3823 agatur,
1672 3779 1805 3814 rece·

461 3824 579 3869 dere
610 3837 636 3870 a
675 3827 998 3871 conventione
1037 3829 1246 3874 liberum
1289 3830 1352 3874 sit
1390 3830 1805 3876 contrahentibus.

461 3888 582 3932 Nam
622 3889 719 3933 vid.
768 3888 1011 3945 Cujace’us
1056 3890 1116 3936 ad
1155 3891 1240 3936 lib.
1265 3892 1323 3936 n.
1361 3891 1451 3944 Qu.
1489 3893 1639 3949 Papin
1672 3893 1806 3952 (opp.

460 3954 590 4005 post.
624 3952 702 3995 ed.
735 3951 892 3996 Fabr.
918 3952 976 3997 T.
1004 3953 1102 4009 l.p.
1128 3950 1567 4009 65.).—Vinnlus
1588 3955 1648 4000 ad
1669 3957 1694 4010 S
1717 3959 1808 4001 ult.

461 4010 592 4118 L⁴de
616 4013 685 4059 V.
710 4013 766 4058 0.
788 4024 864 4059 nr.
885 4011 1163 4063 6.—Voet.
1188 4017 1252 4061 ad
1271 4016 1424 4061 Pand.
1448 4017 1555 4064 Lib.
1576 4015 1655 4064 46.
1679 4019 1736 4063 Τ.
1758 4019 1807 4064 2.

524 4133 602 4191 15)
635 4135 743 4181 vid.
771 4137 983 4184 Boch.l.
1013 4139 1045 4185 Ι.
1073 4151 1121 4197 p.
1145 4137 1381 4187 592.-J.
1402 4143 1469 4187 H.
1492 4142 1686 4188 Altior-s
1703 4153 1811 4187 vom

461 4196 818 4307 Reuka1u7f⁹n7acb
829 4200 1099 4248 Lubschem
1111 4203 1210 4247 und
1224 4199 1596 4251 Rostockschem
1613 4206 1807 4251 Rechts.

458 4260 588 4305 Rost.
745 4293 758 4306 .

1021 4392 1046 4445 S
1077 4388 1190 4440 541.

517 4503 578 4559 (⁴)
615 4506 708 4552 W.
724 4509 1150 4556 A.Lauterbach
1165 4512 1250 4557 Tr.
1265 4513 1325 4557 de
1338 4514 1637 4560 arrha.Tub.
1667 4513 1806 4562 1657.

453 4591 513 4598 -
535 4566 591 4612 J.
619 4568 686 4612 Η.
709 4571 908 4618 Reate?-
929 4573 989 4617 de
1022 4572 1167 4618 arrha
1193 4580 1334 4630 pacto
1363 4577 1647 4635 imperfecto
1670 4580 1804 4624 data.

451 4628 560 4735 fileali-
582 4631 609 4734 11
611 4627 846 4736 ’ἐζ-Ο.
861 4635 914 4680 S.
927 4633 1205 4681 Zumbaclt
1214 4636 1276 4681 de
1297 4639 1441 4686 arrha
1462 4644 1803 4685 contractuum

515 4752 562 4807 1)
594 4754 671 4799 Pr.
694 4757 730 4801 l.
755 4755 821 4803 de
853 4762 973 4804 emt.
997 4757 1156 4804 vend.
1183 4758 1317 4816 (Gaji
1337 4762 1451 4808 inst.
1475 4762 1560 4818 ul,
1587 4760 1799 4818 tm).—

455 4815 506 4861 L.
530 4813 612 4861 55.
639 4828 712 4874 pr.
734 4819 787 4862 D.
810 4819 878 4865 de
899 4824 1071 4867 contr.
1091 4824 1213 4867 emt.
1239 4822 1423 4881 (xvlll‚
1447 4825 1577 4880 1.)—
1593 4826 1644 4870 L.
1669 4828 1717 4873 2.
1741 4827 1795 4872 C.

449 4885 542 4934 qu.
579 4879 664 4927 lic.
699 4880 767 4926 ab
810 4886 933 4928 emt.
968 4882 1248 4931 discedere
1271 4887 1368 4945 (lv,
1392 4884 1566 4942 45.)--
1588 4887 1678 4942 (ΟΒ.
1724 4891 1793 4935 A.

450 4938 599 4990 Gellii
616 4948 747 4993 noct.
772 4948 863 4993 att.
883 4946 1027 5008 xvll,
1049 4945 1096 4993 2.
1130 4971 1191 4983 -
1226 4949 1343 4996 Otto
1363 4949 1424 4998 ad
1444 4960 1518 5008 pr.
1541 4949 1578 4996 1.
1600 4951 1789 5000 deemt.

1900 3081 2047 3124 etiam
2070 3091 2144 3124 res
2167 3092 2225 3126 ex
2248 3082 2344 3126 alio
2379 3080 2636 3126 mobilium
2669 3091 2833 3125 rerum
2867 3092 3045 3136 genere
3070 3114 3086 3140 ‚
3127 3085 3260 3129 velut

1905 3144 2111 3188 annulus
2134 3142 2204 3198 (L.
2228 3140 2275 3187 5.
2298 3139 2415 3195 315.
2440 3144 2497 3188 D.
2530 3143 2597 3188 de
2619 3142 2783 3190 instit.
2808 3151 2917 3189 act.
2942 3144 3084 3201 (nv,
3104 3143 3178 3204 5.)
3200 3169 3259 3178 —·

1905 3206 1956 3248 Ι..
1986 3202 2062 3250 11.
2082 3207 2108 3260 ς
2129 3203 2177 3250 6.
2199 3206 2251 3249 l).
2273 3205 2341 3251 de
2360 3216 2411 3250 a.
2433 3217 2480 3250 e.
2509 3219 2559 3253 v.
2584 3208 2734 3262 (xlx,
2758 3207 2825 3263 1.)
2848 3231 2906 3239 -
2924 3206 3118 3253 caeter.
3160 3209 3257 3255 vid.

1905 3266 2242 3313 Lauterbaclz
2263 3268 2295 3313 Ι.
2323 3270 2355 3312 l.
2370 3269 2393 3321 S
2409 3264 2474 3312 60
2495 3281 2569 3327 sq.

1966 3330 2015 3384 2)
2049 3330 2101 3374 L.
2125 3327 2173 3375 5.
2197 3331 2249 3374 C.
2274 3330 2341 3375 de
2359 3341 2412 3375 a.
2436 3341 2483 3375 e.
2510 3343 2560 3377 v.
2585 3331 2685 3389 (lv,
2706 3327 2808 3386 49.)

1968 3394 2015 3442 5)
2053 3392 2102 3436 L.
2129 3389 2315 3447 11.§6.
2343 3391 2486 3438 D.de
2516 3405 2568 3439 a.
2605 3405 2652 3439 e.
2681 3404 2731 3438 υ.
2773 3395 2916 3448 (xlx,
2939 3393 3007 3449 1.)

1967 3451 2015 3506 4)
2048 3457 2155 3510 Arg.
2181 3455 2231 3498 L.
2255 3452 2303 3500 7.
2329 3457 2355 3509 S
2385 3453 2434 3501 4.
2459 3457 2513 3500 D.
2542 3455 2609 3501 de
2633 3458 2777 3510 pace.
2803 3455 2881 3510 (ll,
2914 3454 3014 3512 14.)
3036 3460 3086 3500 et
3111 3457 3189 3502 Pr.
3218 3457 3256 3502 1.

1904 3514 2272 3562 deemt.vend.
2298 3540 2357 3549 —
2379 3517 2453 3563 Cf.
2477 3520 2675 3564 Reatet·
2693 3518 2726 3564 l.
2752 3519 2784 3561 1.
2807 3520 2832 3573 ε
2853 3516 2927 3563 19.
2954 3518 3036 3564 20.

1966 3577 2014 3635 5)
2045 3579 2096 3623 L.
2118 3575 2196 3623 55.
2223 3579 2277 3623 D.
2302 3577 2370 3624 de
2390 3584 2563 3625 contr.
2587 3583 2711 3626 emt.
2732 3604 2791 3611 -
2815 3582 2867 3625 L.
2889 3580 2937 3627 Ξ.
2964 3583 3019 3627 C.
3043 3591 3138 3638 qu.
3162 3581 3255 3629 lic.

1902 3638 1969 3684 ab
1997 3644 2119 3685 eme.
2151 3640 2446 3687 discedere.
2484 3642 2569 3696 (lV
2586 3677 2599 3694 ,
2623 3640 2700 3688 45.
2717 3643 2807 3697 )--
2826 3642 2900 3688 Cf.
2926 3645 2983 3689 V
2980 3643 3174 3691 innius
3194 3644 3257 3690 ad

1904 3713 1976 3759 pr.
2004 3705 2040 3748 l.
2061 3702 2129 3749 de
2144 3707 2267 3749 emt.
2294 3702 2453 3749 vend.
2475 3715 2551 3749 nr.
2570 3703 2648 3750 12.
2675 3702 2753 3750 15.

1968 3763 2015 3820 6)
2052 3766 2100 3811 L.
2114 3765 2161 3811 Ξ.
2177 3767 2335 3821 C.qu.
2356 3766 2524 3812 &aab
2543 3771 2665 3814 emt.
2680 3779 2849 3814 νεα-
2864 3767 2917 3813 Ι..
2931 3764 3049 3814 8.n.
3066 3769 3260 3831 deleqe

1903 3828 2219 3875 commissor.
2232 3829 2413 3886 (xviii,
2424 3827 2493 3882 ὅ.)

1968 3887 2015 3946 7)
2053 3893 2165 3946 Arg.
2187 3891 2239 3936 L.
2264 3888 2311 3934 1.
2347 3891 2401 3936 C.
2424 3891 2493 3937 de
2510 3895 2651 3946 pact.
2672 3890 2830 3938 inter.
2851 3894 2972 3937 emt.
2993 3897 3051 3938 et
3072 3894 3260 3942 vendi-

1909 3955 2011 3999 tor.
2050 3954 2126 4008 (V.
2144 3951 2246 4009 54.)
2264 3975 2322 3983 —-
2342 3953 2598 3998 Caeterum
2622 3965 2733 4000 cum
2759 3966 2816 4000 ex
2841 3956 2943 4010 lege
2963 3960 3258 4003 commisso-

1908 4015 1980 4061 ria
2003 4017 2185 4072 agitur,
2210 4020 2262 4059 ut
2293 4016 2444 4061 emtio
2471 4017 2683 4062 venditio
2717 4017 3039 4073 rescindatur,
3061 4031 3259 4079 semper

1908 4078 2051 4123 arrha
2070 4078 2183 4122 data
2206 4084 2424 4123 remanet
2449 4090 2593 4135 penes
2618 4080 3000 4126 venditorem-1..
3025 4078 3075 4128 6.
3098 4094 3177 4139 pr.
3199 4086 3254 4129 D.

1907 4141 2092 4200 deleqe
2104 4139 2428 4188 commissor.
2449 4141 2630 4197 Civili,
2650 4142 2720 4195 3.)

1970 4201 2030 4260 8)
2062 4204 2139 4249 Cf.
2184 4201 2327 4247 Baclz
2374 4203 2436 4248 de
2476 4205 2627 4247 multa
2668 4202 3005 4261 poenitentiali
3048 4216 3128 4252 nr.
3178 4204 3254 4252 16.

1909 4265 1952 4321 (s
1972 4265 2079 4313 340.
2100 4270 2202 4312 not.
2229 4261 2345 4318 14.).
2372 4289 2425 4296 —
2447 4266 2601 4323 Atque
2620 4265 2732 4311 hinc
2759 4270 2850 4316 est,
2877 4267 3011 4321 quod
3033 4267 3257 4316 dividant

1908 4331 2161 4374 arrhamin
2180 4327 2588 4372 confirmatoriam
2611 4335 2660 4372 et
2682 4328 3104 4387 poenitentialem,
3127 4343 3255 4389 quae

1908 4392 2103 4447 quidem
2125 4388 2346 4434 recedita
2360 4390 2933 4446 communijurisregula.
2949 4391 3060 4438 vid.
3080 4401 3187 4440 not.
3201 4392 3250 4440 5.

1908 4456 1955 4497 et
1976 4456 2088 4500 add.
2114 4450 2384 4508 Hoepl'ner
2398 4458 2660 4497 comment.
2686 4455 2712 4508 ς
2731 4450 2902 4498 744.ἰῐι
2928 4451 2963 4498 f.

1970 4514 2019 4573 9)
2053 4516 2105 4560 L.
2123 4518 2170 4561 1.
2192 4514 2306 4561 et5.
2330 4514 2383 4559 C.
2400 4512 2768 4571 desponsatio.
2792 4514 2870 4570 (V,
2897 4512 2965 4570 1.)

1972 4578 2048 4634 10)
2082 4580 2160 4623 Pr.
2185 4579 2224 4622 1.
2243 4577 2446 4623 deemt.
2469 4576 2626 4632 vend.
2652 4577 2700 4621 in
2723 4577 2758 4622 f.
2794 4601 2854 4609 —
2878 4578 2932 4622 L.
2961 4576 3039 4624 17.
3063 4579 3112 4625 in
3137 4581 3174 4626 f.
3196 4581 3251 4626 C.

1905 4639 1971 4684 de
1989 4641 2099 4696 side
2119 4640 2371 4686 instrum.
2398 4641 2495 4690 (lv.
2521 4639 2886 4694 nlo—Remet-
2910 4642 2942 4686 Ι.
2972 4643 3005 4687 l.
3025 4640 3120 4696 38.
3136 4655 3186 4700 p.
3202 4641 3251 4688 6.

1903 4726 1957 4733 -
1975 4705 2107 4749 Caet.
2129 4703 2227 4748 vid.
2251 4701 2530 4749 Zumbach
2554 4704 2585 4748 Ι.
2608 4702 2637 4747 Ι.
2656 4713 2699 4747 c.
2721 4702 2781 4747 ll.

1963 4764 2040 4820 11)
2072 4767 2123 4811 L.
2160 4764 2238 4811 11.
2273 4767 2299 4821 S
2331 4763 2380 4810 6.
2418 4768 2470 4810 D.
2505 4764 2573 4810 de
2604 4779 2656 4811 α.
2689 4776 2738 4810 e.
2775 4775 2827 4809 v.
2864 4763 3029 4822 (xlx,
3070 4766 3157 4822 1.)
3192 4789 3251 4800 -

1896 4827 1948 4873 L.
1984 4829 2032 4874 2.
2066 4830 2119 4874 C.
2167 4839 2260 4884 qu.
2303 4827 2387 4874 lic.
2433 4827 2501 4874 ab
2531 4833 2653 4874 emt.
2689 4837 2796 4874 rec.
2851 4827 2986 4884 (lv,
3021 4826 3104 4876 45.
3144 4832 3160 4886 )
3194 4851 3249 4862 «-

1895 4890 2276 5002 ιαηιεέἒὺασέὅς
2302 4888 2410 4939 137.
2437 4890 2529 4947 (cf.
2553 4890 2668 4946 391.
2695 4890 2856 4948 ibid.).
2874 4891 3091 4939 -Cfiet
3113 4893 3253 4940 Reu-

1893 4955 1977 5000 ter
1994 4954 2020 5008 S
2120 4978 2174 4988 —
2263 4985 2274 4998 .
