3544 5506
1269 334 1404 378 cn.
1445 335 1535 379 iv.
1577 334 1655 378 ns
1690 333 2133 379 mvirumus.
2991 323 3101 381 277

281 426 699 502 proprietatis
720 427 1066 502 quicquam
1086 425 1390 487 offendat.
1417 425 1598 485 Unde
1623 433 1855 500 sponte
1876 428 2315 502 consequitur,
2344 426 2556 487 minus
2574 426 2786 487 bacin
2809 441 2885 487 re
2904 427 3104 488 licere

284 523 652 584 fructuariis
675 567 692 596 ‚
727 525 838 598 qui
876 524 1135 597 quidem
1161 529 1276 583 aut
1315 523 1582 582 aedibus
1606 529 1879 581 utuntur
1902 569 1919 596 ‚
1949 529 2066 581 aut
2094 523 2405 597 praediis,
2440 538 2609 597 quae
2639 524 2953 597 voluptati
2999 526 3103 584 vel

285 621 559 680 maxime
584 621 934 680 inserviant
952 663 970 692 ,
1000 636 1197 694 quam
1217 615 1291 679 iis
1315 658 1333 689 ,
1361 620 1593 693 quibus
1619 618 1966 692 frugiferae
1986 634 2089 678 res
2109 622 2391 680 utendae
2419 619 2732 679 fruendae
2753 636 3102 681 concessae

280 726 428 780 sunt
452 720 530 799 ³),
556 721 868 795 siquidem
894 721 963 779 in
999 721 1096 779 bis
1119 721 1313 780 solius
1351 715 1643 779 utilitatis
1671 721 1841 777 ratio
1868 719 2094 778 haberi
2125 719 2355 794 debet,
2404 719 2470 777 in
2506 719 2626 778 illis
2657 734 2816 780 vero
2852 719 3101 781 domini

282 834 583 892 persona,
599 826 740 879 tum
766 820 1073 895 quidquid
1091 819 1231 895 ejus
1245 820 1566 880 voluntati
1587 860 1604 889 ,
1627 815 1917 878 moribus
1931 825 2129 892 atque
2152 818 2409 892 ingenio
2427 815 2800 896 conveniat,
2822 819 3098 878 maxime

280 917 634 989 spectanda
659 921 758 976 est
778 914 852 991 ⁴).

971 1072 1175 1146 5288.
1219 1079 1288 1155 φ)
1330 1076 1671 1137 Fructuarii
1710 1073 2068 1135 incommoda
2109 1074 2416 1157 officiaque.

365 1242 678 1318 Quoniam
723 1245 992 1313 propter
1032 1240 1520 1299 commodorum
1567 1239 1886 1298 rationem
1926 1239 2334 1299 incommoda
2377 1254 2639 1315 quoque
2677 1249 2973 1316 spectant
3015 1246 3099 1304 ad

279 1336 738 1405 fructuarium,
782 1335 1105 1410 sequitur,
1153 1341 1229 1392 ut
1268 1342 1333 1393 et
1370 1334 1614 1393 tributa
1660 1336 1920 1408 aliaque
1953 1349 2154 1394 onera
2194 1337 2286 1394 rei
2316 1337 2734 1396 adhaerentia
2778 1339 2946 1398 ferre
2986 1341 3099 1399 de-

279 1437 432 1496 beat
461 1434 538 1512 ¹),
586 1443 653 1494 et
697 1437 1165 1512 impensarum,
1209 1436 1305 1495 rei
1342 1436 1697 1493 servandae
1730 1450 1927 1493 causa
1976 1435 2339 1493 necessario
2387 1437 2889 1510 erogandarum,
2918 1446 3099 1499 certe

279 1533 680 1595 modicarum
702 1578 720 1605 ‚
767 1551 930 1595 onus
958 1530 1170 1594 subire
1205 1549 1467 1594 necesse
1496 1534 1767 1609 habeat,
1823 1534 1942 1593 nisi
1988 1534 2070 1591 ab
2098 1533 2436 1593 usufructu
2482 1537 2790 1595 recedere
2831 1545 3095 1609 paratus

277 1636 355 1693 sit
376 1634 455 1708 2).
506 1638 882 1709 Praeterea,
930 1635 1080 1693 licet
1117 1650 1256 1693 rem
1295 1629 1627 1693 meliorem
1669 1634 1799 1691 suis
1838 1630 2137 1706 impensis
2175 1633 2390 1692 facere
2433 1635 2762 1707 cogendus
2803 1651 2932 1695 non
2977 1638 3092 1709 sit,

272 1741 525 1807 tamen,
553 1750 702 1793 cum
730 1741 910 1793 recte
938 1736 1153 1793 colere
1178 1740 1246 1793 et
1268 1742 1601 1809 tamquam
1627 1735 1836 1792 bonus
1865 1733 2324 1806 paterfamilias
2350 1734 2446 1792 uti
2470 1736 2572 1792 vel
2590 1735 2873 1794 maxime
2901 1737 2983 1794 sit
3025 1738 3093 1796 in

275 1830 613 1890 fructuarii
653 1825 873 1890 officiis
896 1831 944 1903 ³)
977 1848 994 1887 z
1022 1837 1087 1889 et
1117 1845 1375 1902 gregem
1406 1830 1598 1888 debet
1624 1845 1702 1888 ex
1725 1828 1902 1887 foetu
1931 1830 2233 1902 supplere
2247 1825 2292 1902 ⁴)
2311 1872 2329 1898 ‚
2359 1836 2426 1888 et
2450 1831 2513 1887 in
2533 1829 2865 1889 vinearum
2894 1833 3088 1891 arbo—

275 1947 503 1991 rumve
530 1932 1020 1990 demortuarum
1047 1934 1262 1991 locum
1308 1946 1478 1990 nova
1520 1925 1909 1989 substituere
1934 1926 2004 2005 8).
2046 1931 2470 2003 caeteroquin
2513 1946 2698 1991 casus
2737 1933 3094 2005 periculum

275 2033 356 2091 ad
378 2031 933 2093 usufructuarium
949 2048 1081 2092 non
1105 2039 1391 2105 spectat3
1420 2039 1490 2090 at
1504 2045 1762 2090 omnem
1785 2030 2175 2103 diligentiam
2194 2073 2210 2099 ‚
2238 2037 2375 2088 tum
2389 2031 2582 2090 etiam
2612 2033 2704 2090 rei
2737 2034 3092 2092 custodiam

271 2129 570 2188 exhibere
593 2143 855 2188 necesse
882 2129 1080 2188 habet
1100 2130 1174 2198 ⁶).
1203 2132 1341 2205 Quo
1371 2127 1632 2200 quidem
1661 2127 1922 2185 nomine
1939 2143 2089 2186 cum
2111 2143 2188 2186 ex
2205 2126 2559 2186 fructuaria
2581 2128 2879 2188 cautione
2903 2145 3094 2201 agere

269 2225 567 2284 dominus
588 2231 800 2300 potest
823 2265 840 2294 ‚
876 2232 1014 2283 tum
1035 2240 1194 2284 vero
1225 2224 1362 2283 aliis
1388 2237 1647 2298 quoque
1670 2221 2029 2281 actionibus
2057 2222 2186 2297 uti,
2213 2238 2381 2298 quae
2410 2225 2608 2282 modo
2632 2224 2698 2282 in
2721 2225 2889 2283 hanc
2922 2239 3084 2283 cau-

272 2340 410 2383 sam
429 2324 779 2384 convenire
806 2331 1076 2398 possunt
1091 2321 1159 2398 ⁷).

709 2483 916 2555 5289.
958 2485 1026 2561 2)
1070 2485 1154 2542 De
1193 2481 1266 2541 iis
1320 2481 1509 2551 rebus,
1552 2498 1696 2560 quae
1734 2479 1903 2559 quasi
1943 2489 2081 2541 sum
2121 2481 2188 2541 in
2224 2479 2533 2558 usufructu
2554 2480 2650 2558 (*).

351 2647 600 2705 Earum
635 2662 855 2706 rerum
876 2690 893 2723 ,
929 2661 1097 2720 quae
1126 2642 1523 2717 fungibilium
1556 2640 1817 2698 nomine
1848 2636 2118 2697 veniunt
2143 2682 2160 2710 ‚
2203 2635 2605 2695 ususfructus
2635 2651 2773 2697 esse
2818 2640 3041 2714 nequit
3061 2685 3077 2710 ,

270 2744 388 2804 nisi
419 2744 811 2819 improprius
839 2788 855 2815 ‚
906 2743 1220 2818 siquidem
1265 2739 1520 2798 illarum
1552 2736 1905 2795 dominium
1953 2733 2183 2793 transit
2226 2734 2308 2792 ad
2354 2729 2933 2807 usufructuarium,
2980 2732 3092 2812 qui

267 2841 535 2914 quidem
569 2846 682 2898 aut
709 2840 1093 2899 tantundem
1122 2854 1198 2897 ex
1240 2836 1469 2895 eodem
1500 2847 1767 2906 genere,
1813 2837 1927 2889 aut
1957 2830 2464 2890 aestimationem
2492 2830 2834 2892 restituere
2881 2849 3091 2908 eoque

268 2942 536 3000 nomine
570 2940 878 2998 satisdare
909 2945 1171 2998 tenetur
1196 2934 1260 3011 ¹).
1310 2939 1513 3008 Atque
1544 2934 1733 2992 etiam
1775 2931 2108 2989 nominum
2150 2922 2587 3002 ususfructus,
2639 2947 2787 2990 cum
2837 2930 2905 2993 in
2949 2950 3085 2993 rem

268 3041 631 3099 actionibus
680 3039 809 3113 peti
835 3044 1165 3112 nequeant
1193 3035 1453 3093 nomina
1474 3075 1492 3107 ,
1526 3035 1927 3105 aliquantum
1961 3023 2211 3088 recedit
2235 3029 2315 3086 ab
2345 3028 2531 3103 hujus
2553 3029 2717 3103 juris
2748 3037 2979 3089 natura
3010 3049 3087 3092 ac

268 3142 443 3198 velut
470 3140 875 3213 proprietate
916 3135 970 3217 (5
989 3137 1133 3197 285.
1164 3131 1230 3195 in
1257 3134 1352 3209 f.).
1399 3135 1603 3192 Habet
1631 3139 1847 3190 tamen
1874 3131 2041 3188 hanc
2070 3143 2218 3187 cum
2244 3144 2400 3187 vero
2431 3128 2766 3188 usufructu
2796 3131 3084 3190 similitu-

270 3238 486 3295 dinem
506 3280 524 3307 ‚
571 3237 748 3308 quod
788 3236 941 3294 nihil
972 3237 1352 3308 plerumque
1381 3230 1503 3289 nisi
1546 3244 1699 3287 usus
1725 3226 2058 3285 nominum
2087 3225 2471 3283 transfertur
2507 3227 2589 3283 ad
2616 3224 3039 3289 fructuarium
3061 3278 3078 3305 ,

269 3334 375 3405 qui
402 3334 488 3391 ad
518 3334 917 3392 restituenda
959 3328 1138 3391 finito
1184 3327 1520 3388 usufructu
1551 3326 1864 3396 obligatus
1905 3329 2001 3381 est
2035 3322 2299 3380 nomina
2322 3316 2401 3395 2).“
2434 3322 2667 3397 Quodsi
2697 3337 2849 3381 vero
2876 3340 3077 3397 pecu-

271 3517 319 3562 p.
342 3504 439 3555 385
455 3519 565 3567 sqq.
582 3532 643 3541 -
664 3509 827 3557 Gluck
849 3510 1004 3556 Pand.
1031 3513 1112 3558 lx.
1131 3522 1181 3568 p.
1202 3508 1266 3557 42
1285 3535 1345 3544 -—
1368 3506 1446 3556 60.
1485 3509 1636 3556 Aliter
1701 3506 1760 3554 ad
1776 3505 1959 3554 tributa
1980 3505 2093 3553 belli
2107 3501 2296 3551 modica
2319 3508 2511 3551 tantum
2528 3504 2787 3559 obligatio.
2806 3506 2916 3554 Jen.
2931 3503 3075 3553 1799.

269 3570 354 3614 alii
375 3569 426 3616 b.
450 3572 487 3617 l.
511 3572 756 3628 explicare
783 3574 943 3619 conati
971 3579 1106 3633 sunt,
1129 3574 1279 3619 velut.
1310 3575 1398 3619 Fr.
1426 3575 1635 3619 Conna·
1764 3567 1815 3625 2)
1839 3571 1892 3615 l..
1914 3569 1965 3618 7.
2001 3571 2028 3624 S
2051 3571 2103 3615 2.
2124 3569 2173 3614 5.
2211 3567 2264 3614 1..
2288 3563 2368 3613 48.
2392 3580 2469 3625 pr.
2498 3568 2551 3613 l..
2574 3564 2656 3613 7⁴.
2686 3569 2739 3614 D.
2763 3568 2815 3615 Ιι.
2841 3570 3001 3615 t.—L.
3027 3567 3078 3614 7.

269 3642 377 3677 nus
413 3640 678 3680 comment.
701 3632 742 3687 j,
763 3636 856 3681 civ.
881 3637 961 3693 lv,
982 3631 1034 3683 ὅ.
1070 3648 1146 3682 nr.
1170 3633 1285 3681 5.-
1314 3637 1427 3685 Ulr.
1449 3633 1638 3681 Habet·
1697 3634 1752 3680 C.
1777 3631 1891 3678 eod.
1912 3633 2036 3678 -L.
2059 3630 2109 3680 4.
2135 3630 2185 3676 in
2210 3629 2246 3675 f.
2269 3631 2324 3675 D.
2348 3628 2415 3676 de
2438 3631 2616 3687 operis
2634 3640 2838 3677 servor.
2864 3632 2982 3692 (Vll,
3003 3629 3077 3690 7.)

269 3693 476 3741 Eunom.
521 3698 661 3743 itom.
696 3709 746 3753 p.
767 3696 864 3743 326
882 3709 988 3755 sqq.
1016 3723 1076 3732 -
1104 3700 1154 3745 C.
1180 3708 1230 3744 v.
1256 3696 1634 3755 Bynkerslaeoelc
1698 3721 1755 3730 —-
1790 3695 1867 3740 Cf.
1908 3701 1958 3743 et
1995 3697 2050 3742 L.
2090 3691 2172 3742 65.
2217 3693 2271 3738 D.
2310 3691 2365 3739 Ιι.
2409 3696 2447 3739 t.
2483 3717 2546 3727 —-
2589 3693 2749 3741 Gtucl:
2790 3695 2944 3742 Pand.
2992 3695 3071 3740 lx.

265 3756 372 3803 obs.
399 3758 451 3815 l,
471 3758 551 3805 11.
574 3782 636 3793 -
653 3760 706 3805 S.
732 3760 970 3806 Selmena
1014 3764 1067 3808 D.
1087 3763 1147 3806 de
1170 3761 1407 3818 probabili
1431 3762 1637 3817 interpr.
1701 3771 1752 3818 p.
1791 3754 1904 3804 255.

269 3818 323 3863 1..
363 3817 442 3866 15.
469 3821 521 3866 in
543 3823 581 3870 f.
639 3823 691 3867 l..
734 3819 814 3870 16.
853 3820 932 3868 17.
975 3836 1051 3882 pr.
1091 3825 1144 3870 D.
1173 3822 1241 3869 de
1283 3821 1460 3876 usust.
1504 3824 1635 3868 Rost.
1762 3823 1812 3875 3)
1836 3822 1888 3867 L.
1913 3817 1993 3867 65.
2019 3830 2093 3878 pr.
2120 3820 2174 3865 D.
2198 3815 2252 3862 Ιι.
2278 3821 2317 3864 t.
2594 3844 2599 3859 2

269 3877 411 3928 1825.
454 3881 538 3940 8.,
579 3884 788 3942 aliique,
826 3896 948 3943 quos
982 3888 1241 3933 nominant
1276 3886 1436 3933 Glzick
1469 3887 1504 3931 l.
1529 3886 1564 3931 l.
1587 3888 1638 3929 ct
1762 3881 1811 3938 4)
1836 3884 1885 3928 L.
1909 3881 1989 3929 68.
2014 3880 2122 3928 inf.
2167 3880 2219 3925 1..
2242 3877 2324 3926 69.
2353 3880 2403 3924 L.
2425 3877 2508 3927 70.
2544 3867 2600 3925 DJ
2621 3879 2675 3928 Ιι.
2701 3883 2741 3927 t.

263 3943 549 4004 Sclzuttinq
599 3958 691 3993 nec
739 3958 838 3994 non
891 3948 1260 4008 Smallsnburq
1309 3949 1372 3995 ad
1410 3949 1462 3995 h.
1496 3948 1529 3993 l.
1571 3969 1633 3979 —
1761 3943 1811 4002 5)
1834 3949 1860 4002 ς
1883 3943 1961 3992 58.
1985 3947 2023 3992 l.
2048 3944 2117 3990 de
2138 3942 2489 3991 ›senaim—1..
2511 3942 2561 3990 7.
2580 3945 2606 3999 9
2626 3946 2674 3991 5.
2703 3946 2757 3990 1..
2782 3939 2860 3990 18.
2883 3945 2938 3989 D.
2962 3943 3073 3991 lut.

267 4005 320 4050 1..
348 4004 427 4053 16.
445 4007 567 4055 eod.
1702 4011 1959 4054 -Caeter.
1983 4008 2082 4054 vid.
2100 4007 2153 4052 1..
2177 4003 2258 4051 59.
2284 4016 2357 4063 pr.
2375 4007 2495 4053 eod.

323 4067 376 4125 3)
398 4071 454 4115 L.
494 4067 545 4116 7.
581 4070 633 4116 in
677 4070 713 4118 f.
757 4073 809 4118 t..
835 4069 885 4119 8.
921 4075 975 4119 Ι..
1014 4071 1092 4121 13.
1112 4071 1203 4128 54.
1225 4070 1274 4121 5.
1298 4071 1348 4120 6.
1368 4070 1418 4118 7.
1439 4074 1495 4118 D.
1519 4072 1573 4119 Ιι.
1596 4073 1635 4121 t.
1762 4068 1813 4128 6)
1840 4070 1891 4116 L.
1913 4068 1994 4118 65.
2034 4081 2110 4127 pr.
2164 4070 2214 4114 L.
2250 4066 2299 4114 5.
2337 4069 2389 4114 1..
2435 4073 2481 4116 1.
2517 4070 2612 4125 83:
2636 4074 2687 4116 et
2708 4066 2759 4115 7.
2786 4069 2837 4115 in
2858 4068 2894 4116 l.
2921 4067 3067 4117 1..65.

264 4153 321 4162 -
344 4131 456 4178 vid.
482 4133 849 4193 Haqemeister
865 4136 917 4181 in
942 4137 1147 4196 Huqo’s
1181 4137 1273 4182 civ.
1305 4137 1429 4193 Mag.
1453 4137 1533 4190 lli,
1557 4134 1636 4182 13.
1701 4145 1777 4192 pr.
1802 4134 1857 4178 D.
1883 4132 2056 4188 usurp.
2088 4129 2389 4189 quemnam.
2418 4145 2539 4180 cav.
2588 4134 2689 4191 (Vll
2708 4164 2724 4192 ,
2753 4130 2825 4191 9.)
2857 4156 2923 4168 --
2957 4135 3066 4181 vid.

261 4195 372 4239 -A
392 4206 493 4253 quo
515 4196 740 4243 dissentit
765 4199 1106 4255 interpretatio
1124 4198 1334 4246 Noodtii
1356 4198 1373 4253 (
1397 4201 1430 4244 l.
1455 4200 1489 4244 l.
1517 4199 1563 4255 l,
1583 4197 1631 4244 6.
1697 4198 1875 4241 Has-ie
1895 4195 2047 4254 Culpa
2065 4196 2091 4250 S
2113 4193 2192 4241 89.
2220 4206 2268 4252 p.
2293 4189 2386 4240 447
2403 4208 2512 4255 sqq.

257 4261 310 4301 et
352 4256 463 4303 obs.
508 4256 679 4317 1‚9.)‚
723 4260 1072 4309 Peuci-bachii
1099 4261 1396 4319 (civ.vers.
1441 4262 1522 4308 Nr.
1553 4264 1630 4307 lv.
1756 4255 1807 4315 7)
1849 4258 1901 4303 L.
1948 4256 2025 4305 15.
2069 4269 2145 4316 pr.
2184 4260 2210 4313 s
2253 4257 2301 4301 1.
2345 4255 2396 4304 2.
2429 4281 2491 4291 -
2523 4260 2578 4306 L.
2619 4255 2698 4305 15.
2734 4260 2762 4313 ς
2800 4260 2854 4305 3.
2894 4262 2946 4306 L.
2981 4257 3062 4306 66.

262 4318 416 4364 -Eine
460 4321 806 4378 nothwendige
848 4323 965 4369 krit.
1007 4322 1460 4380 Emendation‚die
1501 4322 1630 4370 wohl
1698 4321 1753 4366 D.
1790 4319 1844 4366 Ιι.
1883 4319 1923 4365 t.
2336 4348 2396 4398 23

255 4382 437 4428 keinen
470 4383 668 4430 Zweifel
714 4385 927 4443 leidetn)
963 4412 1024 4420 —
1058 4400 1112 4435 v.
1136 4385 1313 4434 Madai
1352 4386 1402 4432 in
1421 4387 1562 4433 Arch.
1589 4386 1628 4434 f.
2289 4355 2315 4410 ς
2398 4349 2447 4400 9'

155 4481 165 4490 .
255 4456 351 4490 civ.
381 4443 464 4491 Pr.
505 4447 566 4491 T.
597 4447 699 4493 xv.
746 4448 872 4494 Diss.
916 4450 1038 4496 xvi.
1084 4451 1412 4509 aliorumque.
1437 4473 1499 4484 —-
1520 4448 1633 4495 Vid.
1764 4444 1826 4501 (Ἴ
1847 4446 1953 4503 Dig.
1979 4445 2101 4502 (vil,
2123 4440 2192 4503 5.)
2221 4446 2298 4492 De
2320 4444 2608 4499 usufructu
2631 4457 2821 4493 earum
2857 4458 3036 4494 rerum
3051 4481 3069 4509 ,

253 4507 424 4554 Glziclr
441 4507 520 4553 lx.
547 4520 595 4566 p.
619 4509 713 4555 239
730 4520 839 4568 sqq.
1699 4518 1844 4565 quae
1868 4520 1972 4556 usu
1995 4512 2394 4557 consumuntur
2412 4511 2500 4557 vel
2517 4508 2862 4557 minuuntur.
2875 4534 2936 4545 —-
2956 4514 3071 4558 Μα-

313 4567 368 4628 4)
390 4571 760 4629 Havemeisler
777 4574 812 4617 l.
837 4573 871 4618 l.
896 4584 945 4631 p.
969 4569 1081 4620 262.
1105 4584 1153 4631 p.
1170 4570 1266 4621 266
1283 4598 1337 4606 -
1353 4570 1463 4620 272.
1483 4597 1538 4607 -
1560 4571 1635 4622 Cf.
1689 4571 1864 4626 jansii
1887 4574 2016 4628 Disp.
2042 4572 2185 4619 xvll.

254 4634 387 4679 ΔΛ..
413 4636 471 4681 Ζ.
494 4632 781 4681 anni1835.
807 4635 930 4682 fasc.
954 4634 1037 4684 71.
1059 4649 1107 4695 p.
1129 4632 1223 4683 562
1247 4649 1325 4696 sq.
1768 4633 1815 4684 1)
1838 4633 1863 4687 S
1887 4638 1933 4682 2.
1958 4637 1996 4681 l.
2019 4634 2071 4680 11.
2099 4639 2203 4682 t.--
2223 4638 2277 4683 L.
2300 4634 2350 4682 5.
2371 4633 2421 4682 7.
2447 4637 2503 4681 D.
2528 4635 2582 4682 Ιι.
2604 4639 2640 4682 t.
2661 4658 2719 4667 -·
2740 4635 2793 4679 L.
2820 4632 2871 4681 7.
2895 4636 2922 4689 S
2942 4637 2987 4682 1.
3014 4637 3069 4686 D.

865 4699 891 4752 S
923 4696 1036 4744 288.
1702 4694 1881 4747 ususr.
1914 4698 2217 4757 quemadm.
2250 4711 2366 4746 cav.
2391 4698 2528 4759 (Vll,
2553 4698 2603 4744 9.
2626 4698 2943 4757 )-·Majans.
2976 4700 3011 4745 l.
3037 4701 3073 4746 l.

314 4757 362 4816 1)
387 4759 444 4804 1..
468 4756 520 4806 7.
545 4759 574 4813 S
594 4759 642 4805 2.
677 4760 732 4805 L.
753 4757 832 4806 27.
856 4761 883 4817 ς
902 4762 950 4805 3.
992 4763 1043 4809 L.
1065 4759 1145 4807 52.
1173 4762 1227 4807 D.
1250 4760 1302 4806 Ιι.
1329 4762 1370 4806 t.
1392 4784 1451 4793 —-
1477 4762 1529 4806 L.
1553 4758 1639 4809 28.
1702 4759 1729 4814 S
1749 4759 1962 4808 21—30.
1999 4785 2055 4794 —
2090 4762 2342 4817 Quomodo
2382 4770 2606 4808 mutuum
2635 4762 2828 4808 differat
2868 4776 2895 4810 a
2931 4763 3072 4820 quasi

248 4824 300 4867 D.
323 4822 394 4869 de
415 4832 527 4868 usu
551 4826 608 4867 et
623 4820 803 4875 usufr.
821 4833 923 4878 per
946 4823 1044 4883 leq.
1073 4824 1188 4871 dat.
1215 4820 1453 4879 (xxxlll,
1471 4823 1520 4870 2.
1546 4824 1637 4879 )--
1701 4823 1961 4870 usufructu
1985 4824 2081 4869 vid.
2108 4824 2390 4871 lVeslenb.
2422 4824 2473 4870 b.
2506 4831 2542 4870 t.
2565 4826 2590 4879 S
2613 4823 2663 4872 7.
2700 4848 2754 4857 -·
2792 4823 2866 4873 Cf.
2885 4832 2937 4873 et
2956 4828 3070 4872 Μα-

247 4885 356 4931 Vid.
393 4883 585 4932 Noodt
603 4885 645 4943 l,
670 4883 720 4931 9.
756 4886 783 4939 ς
806 4882 945 4932 Dixi.
963 4909 1024 4918 ——-
1040 4886 1117 4933 Cl'.
1134 4887 1181 4943 a)
1204 4886 1402 4942 Leyser
1421 4886 1504 4944 Sp.
1527 4885 1636 4933 106.
1690 4888 1842 4942 jans.
1870 4888 1902 4931 l.
1930 4889 1961 4934 l.
1987 4889 2013 4943 s
2033 4885 2114 4933 55.
2134 4891 2184 4933 et
2205 4888 2368 4934 Gluck
2392 4889 2546 4935 Pand.
2572 4891 2649 4935 lx.
2675 4892 2701 4946 ς
2718 4883 2831 4935 6⁴5.

248 4959 317 4994 m.
350 4946 401 4996 δ.
430 4972 487 4983 —-
525 4947 596 5006 b)
642 4948 696 4994 C.
736 4949 794 4993 L.
832 4946 1046 4995 Neuber
1086 4949 1139 4994 D.
1177 4950 1240 4997 de
1282 4948 1644 4996 usuri-ustuario
1772 4950 1820 5006 2)
1844 4951 2067 5008 Mcv‘ans.
2094 4952 2129 4998 l.
2156 4951 2191 4996 l.
2216 4952 2242 5006 s
2266 4948 2341 4998 15.
2367 4957 2418 4997 et
2437 4955 2539 4999 not.
2564 4963 2669 5011 seq.
