3544 5506
539 352 613 410 40
1755 366 2132 410 anonumum.

537 480 743 555 posita
768 528 784 555 ,
811 488 947 538 tum
966 497 1004 539 a
1026 478 1345 554 principiis
1369 480 1451 537 ad
1475 495 1574 554 ea,
1600 493 1766 552 quae
1791 484 2291 551 consequuntur.
2342 479 2575 539 Deinde
2596 522 2613 551 ,
2639 486 2713 538 ut
2740 487 2887 554 apte
2906 478 3071 539 inter
3096 497 3168 540 se
3185 482 3337 556 jun-

537 587 807 654 gantur,
840 595 1004 654 quae
1043 580 1364 639 communi
1402 579 1681 653 quadam
1727 586 1794 636 et
1837 579 2296 658 principiorum
2325 584 2390 635 et
2414 592 2630 637 rerum
2667 580 2917 638 ratione
2955 580 3330 642 cohaerent.

537 677 817 749 Denique
836 722 851 748 ‚
882 676 931 734 si
959 693 1151 749 quam
1169 692 1384 734 rerum
1408 675 1949 749 disponendarum
1990 673 2303 731 rationem
2329 674 2393 731 in
2424 689 2502 733 eo
2520 674 2678 747 ipso,
2712 676 2793 733 de
2820 690 2951 748 quo
2975 678 3333 750 quaeritur,

528 772 678 845 jure
709 772 869 830 civili
912 771 1499 845 deprehendamus,
1537 784 1808 841 eamque
1837 771 2066 840 talem,
2099 784 2264 842 quae
2306 785 2439 828 non
2473 768 2738 829 fortuito
2778 778 2965 838 nata,
3011 774 3124 830 sed
3148 775 3338 833 certis

535 871 875 944 principiis,
894 885 969 929 ex
995 871 1183 949 hujus
1207 871 1397 944 ipsius
1419 869 1579 943 juris
1600 869 1810 927 indole
1830 885 1905 928 ac
1934 875 2168 927 natura
2195 870 2407 942 petitis
2432 870 2694 928 subnixa
2724 872 2802 930 sit
2819 914 2834 940 ,
2865 878 2940 929 ut
2968 887 3113 930 eam
3139 875 3334 933 ratio-

532 984 705 1038 nem,
727 971 938 1043 quoad
960 971 1097 1044 eJus
1127 970 1262 1028 fleri
1291 971 1388 1028 vel
1414 969 1608 1041 possit
1627 969 1728 1026 vel
1750 969 2003 1037 debeat,
2021 969 2084 1025 in
2109 968 2480 1028 adornanda
2493 970 2679 1044 hujus
2689 970 2845 1045 juris
2870 971 3225 1045 disciplina,
3244 988 3338 1031 se-

531 1084 827 1141 quamur.
856 1070 1094 1146 Quibus
1134 1068 1463 1142 perpensis
1488 1082 1605 1126 nos
1649 1068 1715 1124 in
1750 1066 2171 1138 singularibus
2191 1069 2447 1142 quidem
2471 1070 2817 1129 tractandis
2842 1071 3147 1130 doctrinis
3171 1072 3337 1133 hanc

531 1170 711 1228 nobis
737 1170 1183 1243 proposuimus
1229 1170 1578 1241 rationem,
1623 1173 1698 1225 ut
1728 1167 1938 1240 primo
1961 1171 2109 1227 loco
2137 1184 2446 1241 personas
2487 1170 2947 1228 collocaremus
2976 1186 3338 1244 earumque

529 1264 921 1324 differentias
947 1309 963 1335 ‚
990 1279 1466 1337 quaeque‘cum
1491 1263 1610 1320 illis
1638 1263 1926 1336 proxime
1949 1263 2296 1337 conjuncta
2331 1271 2478 1324 sunt
2501 1266 2686 1342 jura3
2719 1265 2953 1324 deinde
2982 1266 3339 1340 disputare-

528 1379 669 1424 mus
697 1365 778 1423 de
800 1365 989 1422 rebus
1006 1408 1023 1434 ‚
1053 1371 1367 1436 quatenus
1397 1378 1821 1436 personarum
1847 1365 2185 1438 potestati,
2220 1366 2397 1424 nullo
2426 1371 2640 1423 tamen
2662 1366 2980 1437 personali
3011 1366 3178 1439 ,iuris
3200 1368 3338 1424 vin·

528 1461 677 1520 culo
705 1459 1168 1518 interveniente
1191 1502 1207 1527 ‚
1234 1459 1561 1533 subjectae
1590 1464 1777 1533 sunt;
1808 1458 1997 1516 tertio
2020 1458 2295 1532 denique
2326 1461 2468 1519 loco
2506 1460 2587 1518 de
2611 1460 3099 1532 obligationibus
3141 1477 3342 1533 quae-

526 1570 817 1615 reremus
845 1600 861 1626 ‚
890 1570 1055 1629 quae
1078 1554 1266 1613 variis
1298 1571 1373 1613 ex
1395 1554 1597 1613 causis
1616 1554 1789 1612 inter
1813 1554 2099 1612 homines
2125 1555 2416 1613 obtinent
2437 1552 2551 1629 ἀ).
2575 1560 2742 1615 Haec
2795 1557 2962 1615 enim
2987 1557 3336 1629 dispositio,

526 1658 598 1709 ut
628 1658 724 1709 est
744 1651 1198 1724 simplicissima
1222 1695 1239 1723 ,
1256 1657 1323 1709 et
1344 1693 1362 1721 ‚
1394 1655 1706 1725 quantum
1740 1664 1861 1721 ego
1883 1649 2177 1723 judicare
2202 1666 2482 1727 possum,
2526 1653 2717 1726 plane
2744 1658 2810 1711 et
2836 1653 3111 1711 dilucide
3151 1653 3337 1727 jura,

519 1753 656 1827 jam
687 1768 802 1811 sua
835 1760 1070 1812 natura
1092 1754 1262 1812 inter
1283 1768 1350 1811 se
1389 1752 1943 1826 conjunctissima,
1985 1753 2244 1826 copulat
2284 1770 2360 1817 ac
2424 1756 2752 1828 componit
2777 1752 2856 1830 ³);
2903 1756 2990 1813 ita
3019 1757 3342 1815 Romanae

517 1852 1064 1925 jurisprudentiae
1089 1853 1362 1911 debetur
1378 1896 1396 1927 ,
1422 1852 1666 1925 ipsique
1689 1852 2164 1926 quodammodo
2186 1854 2519 1912 inhabitat.
2558 1857 2773 1928 Neque
2792 1869 2950 1913 vero
2979 1855 3138 1912 illud
3158 1854 3340 1915 nobis

528 1954 854 2024 negotium
887 1953 1138 2013 facessit
1156 1994 1172 2023 ‚
1215 1955 1387 2027 quod
1409 1954 1646 2011 acriter
1674 1952 1843 2011 inter
1872 1954 2095 2012 doctos
2122 1954 2471 2012 etiamnum
2497 1954 2889 2028 disputatur,
2910 1956 3241 2027 quomodo
3269 1956 3344 2013 sit

521 2050 1005 2123 intelligendum
1032 2051 1273 2110 illustre
1291 2051 1446 2109 illud
1468 2050 1600 2123 Gaji
1624 2055 2036 2123 praeceptum
2062 2065 2078 2103 ε
2112 2047 2307 2107 Omne
2328 2054 2682 2127 aulemjus,
2698 2066 2818 2124 quo
2845 2050 3115 2124 utimur,
3139 2052 3239 2108 rel
3261 2052 3346 2108 ad

510 2161 828 2217 personas
884 2148 1194 2223 pertinet,
1240 2149 1340 2204 vel
1371 2147 1462 2204 ad
1514 2161 1650 2222 res,
1682 2144 1784 2202 vel
1815 2146 1906 2201 ad
1936 2145 2216 2202 actiones
2245 2141 2311 2218 ⁴).
2360 2148 2514 2204 Nam
2537 2147 2602 2204 in
2636 2145 2809 2204 omni
2835 2146 2982 2220 jure
3004 2143 3340 2213 Romano,

520 2240 650 2314 quo
696 2258 1074 2316 noscunque
1107 2242 1366 2300 demum
1406 2249 1728 2300 vertamus
1749 2281 1766 2309 ‚
1811 2241 1983 2298 ultro
2016 2240 2193 2318 quasi
2234 2240 2483 2298 obviam
2531 2256 2667 2300 sese
2693 2241 2876 2299 nobis
2911 2235 3197 2300 offerunt
3221 2241 3345 2301 tria

523 2340 684 2398 ista:
724 2346 949 2415 status,
988 2342 1373 2410 dominium,
1419 2341 1752 2415 oble‘qatio3
1787 2339 1868 2396 ad
1906 2354 2072 2411 quae
2097 2344 2424 2412 tamquam
2449 2341 2530 2397 ad
2545 2355 2790 2398 summa
2806 2339 3049 2414 jurium
3069 2356 3341 2412 genera,

527 2445 601 2496 ut
646 2440 888 2509 singula
954 2440 1116 2515 juris
1152 2446 1499 2513 praecepta
1529 2439 1664 2497 fere
1698 2439 1911 2496 omnia
1933 2479 1950 2508 ,
1984 2438 2069 2497 ita
2094 2438 2410 2498 formulae
2437 2438 2585 2498 illae
2608 2440 2931 2497 actionum
2962 2439 3346 2513 principales

523 2536 922 2606 referuntur,
947 2539 1448 2610 praejudiciales
1470 2537 1547 2595 de
1580 2542 1785 2609 statu,
1819 2533 1906 2609 ⁴a)
1938 2544 2002 2595 et
2040 2542 2110 2597 in
2150 2554 2286 2596 rem
2306 2577 2323 2606 ‚
2368 2545 2435 2596 et
2456 2541 2527 2595 in
2550 2554 2917 2610 personam.
2948 2543 3118 2598 llaec
3149 2540 3341 2612 igitur

533 2634 688 2690 artis
718 2639 975 2692 nostrae
1021 2635 1196 2691 velut
1234 2640 1549 2708 perpetua
1588 2632 2005 2691 fundamenta
2037 2640 2220 2709 sunt,
2249 2635 2653 2708 quantumvis
2674 2635 2738 2692 in
2761 2635 3015 2707 singulis
3039 2636 3330 2708 partibus

524 2729 694 2786 ultra
724 2730 1023 2803 pristinos
1049 2730 1206 2789 fines
1262 2729 1527 2788 subinde
1558 2730 1835 2804 prolata.
1877 2731 2090 2803 Neque
2111 2730 2218 2788 illa
2246 2729 2381 2804 ipsa
2404 2737 2910 2803 commutantur,
2943 2731 3076 2790 sive
3103 2732 3337 2805 obliga·

522 2829 729 2887 tiones
758 2826 837 2887 ad
866 2830 1147 2889 actiones
1171 2829 1522 2889 referamus
1548 2870 1566 2901 ,
1604 2831 1737 2888 sive
1777 2831 1858 2887 ad
1883 2846 1986 2888 res
2005 2871 2020 2897 ‚
2054 2830 2228 2897 item,
2261 2831 2389 2888 sive
2426 2846 2572 2888 cum
2595 2831 2848 2903 singulis
2864 2832 3114 2905 juribus
3146 2832 3350 2890 actio·

528 2939 644 2983 nes
673 2939 931 2998 quoque
947 2926 1028 2982 ad
1056 2926 1215 2985 haec
1240 2926 1372 2999 ipsa
1393 2926 1631 2984 tuenda
1661 2931 2063 2997 comparatas
2089 2926 2550 2999 conjungamus
2575 2970 2593 3002 ,
2612 2927 2740 2986 sive
2770 2943 2878 2986 eas
2905 2928 2969 2984 in
2995 2933 3347 2985 extremam

527 3021 821 3079 dotrinae
851 3026 1098 3094 partem
1123 3038 1345 3080 omnes
1374 3022 1732 3095 rejiciamus
1752 3065 1767 3092 ‚
1792 3022 2141 3080 dummodo
2165 3022 2226 3079 id
2270 3037 2566 3080 curemus
2588 3070 2603 3095 ,
2647 3030 2720 3081 nt
2754 3031 3081 3096 tamquam
3097 3023 3341 3081 doctri-

523 3131 645 3175 nae
668 3116 1083 3174 fundamenta
1112 3133 1189 3175 ea
1210 3133 1461 3192 semper
1496 3123 1854 3190 appareant
1872 3161 1888 3187 ,
1913 3117 1977 3174 in
2019 3118 2247 3191 quibus
2277 3119 2481 3177 omnis
2523 3119 2747 3190 privati
2772 3119 2926 3196 juris
2946 3133 3141 3177 causa
3169 3133 3324 3177 vere

516 3216 811 3274 vertitur.
845 3217 1023 3293 Quod
1047 3217 1095 3274 si
1118 3216 1512 3276 effecerimus
1537 3259 1553 3285 ‚
1579 3217 1732 3275 nihil
1764 3215 2055 3288 profecto
2077 3213 2374 3291 impedit,
2399 3233 2528 3290 quo
2550 3218 2758 3275 minus
2776 3234 2852 3276 ea
2870 3232 3246 3290 separemus
3264 3224 3330 3275 et

518 3318 662 3384 post
686 3313 931 3385 reliqua
962 3313 1217 3370 demum
1248 3320 1629 3385 tractemus,
1666 3328 1833 3386 quae
1856 3355 1871 3381 ,
1905 3313 2051 3371 licet
2083 3328 2159 3371 ex
2207 3313 2278 3370 iis
2325 3315 2668 3387 capitibus,
2699 3330 2865 3387 quae
2890 3314 3041 3370 artis
3064 3319 3329 3371 nostrae

517 3417 830 3483 perpetua
871 3411 1287 3470 fundamenta
1328 3413 1632 3485 diximuS,
1678 3414 1787 3471 uni
1823 3418 1935 3472 aut
1976 3414 2158 3472 alteri
2193 3422 2418 3488 suapte
2468 3422 2700 3473 natura
2746 3413 3135 3485 adsignanda
3150 3411 3315 3485 sint,

522 3515 743 3568 tamen
766 3525 803 3567 e
822 3511 1069 3585 reliquo
1085 3511 1231 3584 jure
1251 3518 1384 3570 tam
1415 3514 1613 3570 multa
1641 3514 1880 3573 habent
1906 3513 2179 3571 admixta
2197 3557 2212 3584 ,
2252 3520 2326 3571 ut
2350 3516 2624 3573 conflata
2655 3529 2861 3587 paene
2879 3529 2956 3571 ex
2977 3511 3149 3571 omni
3172 3512 3330 3570 doc·

517 3609 726 3667 trinae
755 3616 941 3681 parte
963 3610 1321 3670 videantur.
1349 3615 1486 3688 Quo
1526 3612 1586 3669 in
1612 3615 2008 3689 genercjura
2033 3620 2183 3671 sunt
2203 3657 2220 3687 ‚
2248 3616 2329 3672 ad
2360 3630 2496 3673 rem
2526 3614 2896 3671 familiarem
2914 3611 3291 3681 ‚tutelarem
3309 3653 3325 3679 ,

515 3704 970 3763 hereditariam
1002 3706 1277 3765 maxime
1323 3709 1699 3780 spectantia.
1737 3709 1918 3782 Quae
1942 3707 2064 3766 nisi
2091 3710 2153 3765 in
2182 3716 2463 3768 extrema
2490 3710 2637 3767 libri
2674 3714 2858 3781 parte
2889 3707 3294 3781 posuerimus
3314 3750 3329 3774 ‚

515 3806 870 3863 verendum
887 3849 903 3876 ,
945 3821 1027 3864 ne
1047 3806 1160 3879 ipsi
1183 3806 1508 3866 offendere
1540 3808 1874 3868 videamur
1900 3810 2185 3881 regulam
2207 3855 2222 3878 ,
2248 3825 2415 3881 quae
2449 3826 2484 3865 a
2525 3807 3006 3881 simplicioribus
3026 3806 3223 3880 jubet
3245 3804 3326 3862 ad

514 3906 898 3978 composita,
933 3923 971 3963 a
1000 3906 1323 3980 principiis
1358 3909 1440 3966 ad
1463 3924 1539 3966 ea
1561 3951 1577 3977 ‚
1605 3926 1776 3982 quae
1798 3916 2282 3982 consequuntur
2303 3952 2319 3980 ,
2366 3923 2506 3967 esse
2534 3907 3130 3982 procedendum.—
3159 3907 3332 3980 Quae

512 3998 592 4055 de
618 4000 863 4059 consilii
905 4003 1104 4060 nostri
1135 4004 1383 4062 ratione
1407 4012 1745 4076 praeterea
1770 4007 2066 4064 videntur
2095 4020 2232 4063 esse
2265 4004 2717 4077 praecipienda
2739 4038 2757 4069 ‚
2790 4003 2872 4060 ad
2897 4001 3094 4074 partis
3129 4015 3321 4072 genc-

515 4095 670 4152 ralis
696 4098 1225 4170 compositionem
1261 4101 1605 4173 pertinent.
1638 4104 1835 4178 Quam
1869 4101 2126 4174 quidem
2156 4101 2218 4157 in
2266 4100 2425 4158 duos
2467 4100 2660 4157 libros
2699 4097 3126 4165 distinximus,
3158 4110 3294 4167 quo

512 4204 659 4246 rum
679 4206 811 4249 uno
834 4192 912 4250 de
931 4193 1094 4266 ,iuris
1124 4194 1412 4255 fontibus*
1426 4197 1496 4271 (s.
1529 4197 1607 4254 de
1628 4196 1778 4270 jure
1806 4194 2145 4271 objectivo)
2163 4199 2527 4269 quaeritur,
2560 4197 2762 4254 altero
2788 4208 2946 4253 vero
2975 4194 3057 4250 de
3078 4191 3335 4265 juribus

572 4366 657 4423 20)
676 4369 785 4414 vid.
816 4369 1064 4416 Auctoris
1083 4373 1276 4419 Cession
1296 4373 1385 4419 der
1404 4374 1891 4435 Forderungsrechte‚
1957 4387 2005 4433 p.
2028 4372 2123 4421 284
2139 4398 2199 4409 —-
2216 4372 2329 4420 550.
2347 4375 2466 4420 -C.
2487 4375 2548 4419 Ε.
2569 4370 2749 4421 Weiss
2762 4371 2884 4416 uber
2905 4369 2983 4415 die
3000 4367 3227 4425 Stellung
3249 4367 3337 4412 der

514 4429 593 4475 ed.
617 4433 697 4475 ΙΙΙ.
723 4434 749 4486 ς
769 4442 821 4476 a.
843 4456 898 4463 —
918 4437 967 4475 et
989 4433 1162 4491 intras
1184 4435 1264 4482 78.
1958 4437 2109 4483 Lehre
2122 4449 2214 4483 von
2240 4438 2332 4484 den
2357 4437 2694 4493 Obligationen
2714 4435 2780 4479 im
2802 4433 2937 4478 beut.
2959 4433 3012 4476 R.
3036 4432 3090 4475 R.
3116 4431 3337 4476 Giessae.

572 4490 621 4546 ὅ)
668 4494 816 4538 Aliter
853 4492 1049 4550 quidem
1099 4508 1174 4541 res
1215 4499 1315 4543 visa
1337 4503 1408 4544 est
1444 4499 1715 4545 Blondello
1732 4532 1749 4560 ‚
1789 4505 1893 4545 tum
1959 4496 2099 4546 1828.
2123 4525 2182 4532 —
2202 4500 2277 4546 Cf.
2299 4500 2584 4553 Schweppe
2611 4497 2715 4542 Jur.
2739 4497 2862 4551 Mag.
2888 4496 2924 4541 l.
2958 4506 3005 4551 p.
3028 4490 3062 4539 ὃ
3093 4516 3155 4525 -
3184 4490 3266 4538 ¹5.
3290 4496 3341 4536 ot

512 4554 969 4613 etiamsctis,quos
990 4557 1071 4602 illc
1092 4560 1339 4614 praedicat
1384 4577 1408 4602 ιι
1431 4562 1581 4606 doues
1605 4562 1719 4607 ‹l’un
1743 4563 1890 4619 esprit
1956 4562 2317 4607 dissertationes
2340 4557 2610 4608 Marezolli
2653 4564 2702 4604 et
2746 4556 2985 4616 Unqere's
3007 4553 3082 4601 10.
3130 4561 3239 4602 not.
3284 4551 3337 4600 9.

510 4618 617 4673 plus
656 4616 983 4673 independant
1019 4631 1113 4676 quc
1150 4631 1238 4665 nos
1278 4625 1532 4669 moder-nes
1574 4623 1835 4682 docteurs;
1863 4639 1888 4666 n
1954 4623 2191 4669 laudatas.

510 4678 689 4736 quippe
708 4681 791 4735 <lui
815 4680 882 4725 ίῑᾶ
903 4679 1089 4733 judicat
1114 4696 1123 4725 :
1155 4697 1179 4722 ιι
1204 4682 1319 4729 Rien
1342 4687 1464 4731 n'est
1493 4686 1763 4742 cependant
1789 4687 1893 4743 plns
2017 4683 2102 4743 aa)
2123 4685 2370 4732 Vocabulo
2399 4701 2411 4733 t
2433 4678 3017 4742 praejudiciallsforma
3039 4688 3211 4723 sensus
3232 4676 3342 4735 qui·

510 4739 653 4786 facile
671 4752 766 4798 que
789 4740 1124 4799 d'apcrcevoir
1148 4744 1191 4788 le
1216 4745 1347 4802 vice,
1387 4748 1436 4803 je
1468 4750 1600 4792 n'ose
1621 4748 1725 4793 dire
1765 4748 1894 4794 l'ab-
1956 4748 2067 4792 dem
2100 4753 2171 4793 est
2192 4748 2334 4793 latior
2375 4749 2501 4806 (Gaj.
2547 4748 2624 4806 lv,
2650 4743 2768 4802 44.);
2791 4744 2872 4788 sed
2895 4752 3046 4800 quum
3081 4751 3259 4784 omnes
3279 4739 3342 4809 de

509 4803 694 4850 surdite
717 4803 777 4847 de
797 4808 922 4849 cette
942 4806 1222 4852 distinction
1242 4826 1263 4846 υ
1313 4811 1365 4865 (l.
1392 4812 1427 4854 l.
1448 4822 1496 4866 p.
1522 4807 1674 4866 248).
1958 4814 2085 4855 statu
2122 4811 2337 4856 actiones
2362 4810 2728 4869 praeiudiciales
2771 4805 2867 4853 sint
2889 4839 2905 4862 ,
2927 4813 3113 4861 eaeque
3156 4806 3339 4848 ceteris

571 4865 620 4918 4)
662 4864 884 4912 Thibaut
904 4867 1212 4914 Versucbell.
1233 4867 1277 4914 1.
1293 4895 1350 4904 —-
1370 4874 1522 4930 Huyo
1544 4874 1635 4918 civ.
1658 4874 1781 4928 Mag.
1810 4873 1890 4931 lv,
1956 4873 2144 4928 saepius
2186 4877 2444 4920 occurrant
2471 4907 2486 4928 ,
2507 4871 2808 4919 lustinianus
2842 4868 2904 4914 de
2939 4865 2997 4911 iis
3016 4864 3134 4911 solis
3157 4867 3344 4912 tractat

511 4926 625 4982 1.et
643 4926 691 4975 9.
741 4925 895 4974 V.t5.
942 4933 992 4975 et
1029 4942 1077 4989 p.
1101 4931 1284 4978 xxvlll
1327 4958 1386 4966 -
1422 4934 1580 4978 xxxl.
1620 4939 1669 4979 et
1710 4935 1766 4979 T.
1811 4935 1890 4979 Vl.
1956 4936 1981 4988 S
2017 4933 2088 4981 15.
2114 4935 2155 4981 J.
2182 4933 2579 4982 deuotionibus.
