3544 5506
877 339 1010 381 car.
1052 340 1121 380 11.
1163 338 1238 380 ne
1274 337 1479 382 moun
1526 339 1771 382 nunna
1813 339 2002 390 noue
2042 340 2473 385 aucromum.
3018 332 3090 387 59

274 452 522 528 Quippe
565 455 672 513 cui
713 454 984 513 maxima
1011 456 1382 527 intelligitur
1405 457 1609 516 inesse
1637 455 1729 514 vis
1774 456 1839 513 ln
1868 456 2023 529 legis
2051 462 2116 516 et
2146 456 2386 516 ambitu
2418 462 2484 515 et
2516 412 2896 517 auctoritate
2929 458 3080 516 dess-

272 551 518 611 nienda
545 554 650 623 (cl'.
678 556 707 628 ξ
735 556 835 615 42.
870 555 971 615 55.
1011 557 1084 616 61
1120 587 1197 598 -
1228 554 1376 622 67.).

1100 715 1126 787 §
1166 716 1261 773 46.
1290 718 1515 790 Legum
1562 718 1763 774 virtus
1788 718 2131 775 universim
2154 722 2446 790 spectata.

360 875 550 946 Legis
570 874 771 935 virtus
793 877 951 934 haec
978 882 1074 934 est
1099 876 1473 947 :imperat-e,
1502 893 1666 950 quae
1682 877 1820 936 fleri
1834 881 1971 938 vult
1994 879 2091 936 lex
2109 895 2127 951 3
2152 884 2395 948 vetare,
2423 894 2588 952 quae
2604 892 2739 939 non
2754 880 2921 956 vult3
2937 896 3084 950 per-

278 970 530 1028 mittere
542 986 826 1043 ea‚quae
847 971 1104 1043 quidem
1121 978 1311 1030 cauta
1326 978 1473 1030 sunt
1496 973 1736 1045 legibus
1751 989 1828 1031 ac
1849 973 2261 1046 praescripta,
2279 989 2483 1047 neque
2507 980 2724 1033 tamen
2744 992 2782 1032 a
2805 975 3080 1047 privato-

274 1084 421 1127 rum
456 1071 726 1129 arbitrio
762 1077 1040 1147 exemta3
1081 1072 1357 1144 denique
1390 1075 1667 1143 punire,
1688 1089 1853 1147 quae
1880 1079 2107 1131 contra
2129 1074 2281 1144 legis
2301 1080 2414 1131 aut
2434 1075 2952 1147 praeceptionem
2973 1082 3085 1133 aut

280 1168 781 1240 prohibitionem
797 1171 1034 1244 fient1).
1060 1173 1163 1228 Est
1183 1173 1399 1229 autem
1421 1173 1665 1243 regula,
1682 1179 1755 1229 ut
1771 1186 2195 1245 quaecunque
2207 1178 2434 1230 contra
2455 1174 2663 1244 legum
2684 1175 3081 1232 voluntatem

279 1271 615 1340 gerantur,
632 1266 877 1324 inutilia
887 1265 1011 1323 sint
1024 1271 1090 1322 et
1106 1279 1223 1337 pro
1237 1264 1484 1325 insectis
1502 1268 1864 1325 habeantur
1883 1263 1951 1343 ²),
1970 1267 2099 1325 sive
2115 1281 2362 1339 poenae
2385 1268 2628 1326 sanctio
2644 1268 2766 1339 legi
2780 1269 3078 1340 superad-

279 1364 411 1422 dita
427 1364 534 1435 sit,
550 1366 680 1424 sive
693 1381 823 1424 non
833 1361 907 1442 ³).
923 1368 1408 1437 Nonnumquam
1432 1372 1648 1425 tamen
1675 1367 1886 1425 abbae
1901 1366 2119 1436 regula
2131 1365 2458 1423 receditur
2477 1408 2494 1435 ‚
2511 1372 2607 1436 ut,
2627 1372 2767 1423 rato
2787 1373 3081 1423 manente

280 1463 575 1534 negotiO‚
614 1471 728 1522 aut
749 1465 884 1522 sola
914 1478 1118 1536 poena
1143 1465 1444 1522 solvenda
1477 1466 1580 1541 sit,
1614 1466 1821 1524 aliove
1851 1466 2256 1523 incommodo
2284 1464 2706 1535 adficiaturis‚
2738 1465 2845 1536 qui
2873 1466 3083 1536 legum

280 1566 631 1632 praecepta
689 1560 1271 1633 prohibitionesque
1302 1560 1367 1617 in
1415 1562 1662 1631 agendo
1702 1560 2044 1632 neglexerit
2067 1557 2144 1633 ⁴),
2180 1567 2294 1617 aut
2327 1574 2458 1617 non
2510 1566 2719 1618 tantas
2738 1560 2971 1619 habeat
2996 1562 3082 1618 vi·

282 1669 384 1713 res
405 1657 740 1726 negotium
762 1698 779 1726 ,
821 1670 1013 1727 quam
1045 1654 1094 1711 si
1126 1669 1201 1712 ex
1244 1656 1455 1725 legum
1507 1657 1904 1728 praescripto
1927 1655 2139 1714 omnia
2169 1661 2313 1712 acta
2340 1660 2548 1713 essent
2573 1652 2646 1732 ⁵).
2679 1656 2864 1726 Magis
2895 1656 3086 1713 etiam

281 1751 363 1809 ad
388 1751 899 1823 permittentium
946 1764 1145 1821 genus
1177 1751 1494 1808 accedunt
1521 1752 1720 1822 leges,
1755 1767 1920 1825 quae
1944 1794 1961 1828 ,
1984 1756 2058 1807 ut
2082 1750 2409 1807 hominum
2450 1750 2909 1823 imprudentiae
2935 1751 3085 1808 levi-

283 1846 531 1920 tatique
550 1851 999 1904 succurrerent
1015 1891 1032 1918 ‚
1050 1851 1258 1903 certas
1287 1845 1544 1917 quidem
1564 1847 1832 1918 negotiis
1860 1846 2406 1919 praescripserunt
2426 1844 2661 1904 formas
2680 1890 2697 1918 ,
2722 1845 2810 1902 ita
2834 1851 3045 1904 tamen
3060 1888 3077 1915 ‚

285 1947 375 2013 ut,
391 1956 565 2015 quae
590 1942 656 1999 in
678 1941 1074 2001 contrarium
1103 1940 1285 2016 fiunt,
1305 1956 1516 2014 neque
1544 1943 2224 2019 rescindantur‚neque
2247 1956 2495 2014 poenae
2520 1938 2955 2017 subjiciantur,
2975 1957 3083 2000 ne-

284 2057 406 2113 que
418 2043 502 2100 de
531 2056 762 2100 eorum
783 2041 843 2099 vi
872 2055 948 2099 ac
961 2046 1274 2113 potestate
1297 2040 1534 2113 aliquid
1562 2043 1967 2101 deminuatur
1976 2059 1994 2121 3
2021 2057 2293 2114 quarum
2311 2043 2375 2099 in
2399 2040 2737 2099 numerovi
2754 2048 2819 2099 et
2850 2040 3080 2099 effectu

281 2136 616 2196 habendae
637 2143 818 2213 sunt,
850 2151 1036 2210 quae,
1059 2136 1206 2193 licet
1236 2136 1712 2209 exceptionibus
1735 2139 2049 2210 repellant
2060 2143 2342 2208 agentes,
2363 2137 2622 2210 impleta
2640 2141 2856 2194 tamen
2895 2151 3080 2207 nego-

281 2233 363 2291 tia
394 2234 741 2292 retractari
799 2248 929 2291 non
974 2232 1207 2290 sinunt.
1250 2227 1625 2306 Cujusmodi
1666 2235 1909 2306 legibus
1962 2229 2485 2309 imperfectorum
2532 2246 2767 2290 nomen
2819 2232 3085 2290 inditum

278 2335 373 2388 est
398 2327 483 2405 Ἢ
538 2329 873 2388 contraria
921 2327 1350 2401 appellatione
1400 2329 1692 2404 opposita
1740 2336 1878 2389 tum
1896 2325 2333 2400 perfectarum
2349 2370 2372 2407 ,
2432 2342 2597 2405 quae
2646 2326 2815 2387 facta
2849 2326 3086 2398 legibus

280 2428 605 2486 contraria
627 2428 1086 2497 rescinderent,
1099 2432 1236 2483 tum
1259 2427 1480 2484 nu‘nus
1504 2445 1698 2501 quam
1723 2426 2180 2500 perfectarum,
2201 2442 2366 2502 quae
2396 2427 2582 2486 salvis
2607 2426 2701 2498 iis,
2727 2439 2891 2502 quae
2909 2433 3079 2497 gesta

282 2537 493 2589 essent
510 2575 526 2603 ‚
557 2543 838 2602 poenam
864 2528 1269 2603 injungerent
1296 2527 1661 2601 gerentibus
1688 2525 1759 2603 ⁷).

815 2690 842 2763 §
881 2692 974 2748 47.
1007 2692 1171 2767 Quas
1187 2650 1509 2763 personas
1531 2690 1764 2764 leyz'bus
1813 2691 2228 2761 obtemperare
2262 2689 2553 2761 oporteat.

362 2851 624 2908 Iuribus
650 2850 1023 2923 legibusque
1048 2852 1109 2908 in
1148 2852 1402 2910 civitate
1429 2851 1640 2923 aliqua
1659 2850 2093 2908 obtinentibus
2120 2863 2337 2907 omnes
2361 2845 2659 2905 obediant
2682 2858 2937 2902 necesse
2957 2848 3081 2916 est,

279 2947 658 3022 quicunque
692 2947 775 3005 ibi
816 2943 1086 3021 aliquid,
1130 2951 1306 3022 quod
1345 2951 1427 3007 ad
1464 2950 1674 3020 legum
1712 2948 2135 3021 judicumque
2166 2958 2502 3004 censuram
2533 2949 2727 3015 atque
2755 2940 3083 3000 arbitrium

278 3047 633 3118 pertineat,
667 3052 859 3117 agant
877 3047 1361 3104 committantve
1388 3094 1404 3121 ‚
1440 3060 1560 3104 nec
1580 3046 1934 3122 quidquam
1955 3043 2184 3113 refert,
2209 3049 2426 3101 utrum
2448 3040 2612 3100 cives
2630 3040 2753 3097 sint
2776 3083 2792 3110 ,
2815 3039 2895 3097 de
2925 3053 3084 3111 quo—

277 3155 423 3200 rum
450 3142 813 3200 actionibus
840 3143 1205 3221 quaeritur,
1240 3159 1323 3201 an
1352 3143 1642 3200 advenae
1672 3147 1737 3199 et
1761 3140 2241 3213 peregrinantes
2273 3134 2333 3211 ¹).
2367 3140 2455 3195 De
2487 3151 2566 3194 eo
2609 3141 2822 3194 autem
2840 3177 2859 3212 ,
2889 3147 3083 3207 penes

281 3251 471 3309 quem
514 3253 839 3296 summum
864 3244 959 3295 est
994 3238 1059 3295 in
1096 3238 1351 3296 civitate
1381 3238 1762 3314 imperium,
1796 3252 2034 3295 numne
2077 3237 2208 3308 ipse
2247 3233 2491 3304 legibus
2530 3235 2873 3290 teneatur?
2897 3229 3081 3287 valde

281 3334 632 3405 ambigitur
670 3329 734 3398 ²).
791 3333 1103 3409 Quidquid
1132 3350 1284 3392 vero
1314 3335 1437 3392 hoc
1467 3333 1584 3410 sit,
1627 3333 1802 3405 quod
1844 3334 1923 3390 de
1963 3332 2257 3405 principe
2299 3329 2536 3400 lembus
2567 3329 2766 3385 soluto
2808 3325 2872 3382 in
2912 3324 3082 3382 libris

283 3428 513 3487 nostris
563 3428 873 3485 traditum
905 3434 999 3487 est
1024 3425 1103 3501 ⁵),
1158 3430 1310 3488 illud
1340 3434 1515 3487 certe
1549 3428 1768 3500 negari
1800 3428 2056 3500 nequit,
2087 3427 2167 3484 de
2198 3423 2568 3499 quaestione
2595 3420 2919 3498 proposita
2942 3435 3077 3479 non

286 3527 499 3590 nisiex
520 3529 845 3601 regiminis
873 3529 1482 3606 formulacujusque
1509 3530 1731 3603 populi
1755 3529 2022 3603 propria
2049 3525 2237 3587 statui
2263 3540 2469 3601 posse.

916 3711 944 3765 S
971 3705 1051 3756 46.
1709 3706 1901 3763 donari)
1951 3703 2275 3763 prohibet-‚
2297 3704 2347 3746 et
2379 3701 2420 3747 si
2438 3702 2544 3760 plus
2565 3701 2801 3749 donatum
2842 3699 2933 3757 alt,
2975 3708 3072 3743 non

347 3766 391 3826 1)
410 3768 467 3817 1..
492 3767 545 3817 7.
576 3770 635 3816 D.
659 3768 730 3816 de
750 3769 899 3830 legib.
929 3771 1020 3828 (ef.
1046 3769 1231 3818 Basilio.
1286 3771 1343 3817 T.
1403 3772 1440 3817 l.
1473 3782 1524 3830 p.
1563 3766 1643 3817 29.
1711 3764 2132 3816 rescindit.n--Ct‘.
2157 3763 2459 3810 Macrobius
2481 3765 2531 3809 in
2553 3764 2816 3831 comment.
2839 3760 2892 3806 in
2914 3770 3068 3831 somn.

281 3825 363 3876 30.
397 3836 449 3876 et
482 3831 829 3893 Quinctilium
864 3832 1015 3879 instit.
1050 3837 1177 3879 orat.
1212 3829 1408 3892 v11‚5.)
1445 3857 1500 3865 —
1527 3832 1649 3878 ilinc
1712 3831 1921 3889 Scipion.
1943 3826 2135 3888 (n‚17.)
2167 3830 2216 3871 et
2233 3826 2462 3897 §Javiqny
2488 3827 2608 3871 uber
2648 3825 2728 3871 die
2765 3822 2859 3868 Lex
2903 3821 3068 3868 Ctncia

281 3891 524 3950 originem
556 3895 707 3941 traxit
738 3894 988 3942 distinctio
1015 3895 1142 3950 juris
1172 3894 1413 3953 cogentis
1447 3899 1497 3941 et
1526 3906 1651 3950 per·
1716 3891 2009 3950 (zeitschrift
2040 3892 2078 3939 1².
2112 3889 2393 3947 geschichtl.
2434 3890 2489 3937 R.
2511 3887 2682 3943 W.lv‚
2701 3883 2862 3940 1.)Nr.
2904 3883 2961 3929 V.
2989 3884 3067 3929 vt.

282 3952 495 4020 musivi,
535 3962 590 4003 ut
623 3958 762 4003 aiunt
791 3970 804 3980 ·
843 3958 903 4003 de
934 3970 1030 4016 qua
1061 3958 1163 4004 vid.
1198 3958 1375 4005 Gtzick.
1413 3958 1474 4004 ad
1507 3955 1651 4005 Hell-
1716 3968 1764 4015 p.
1803 3954 1863 4002 19
1884 3979 1939 3988 —-
1959 3950 2039 4001 24.
2532 4010 2541 4020 ,

278 4013 393 4067 reta
422 4020 484 4065 T.
522 4020 561 4066 1.
598 4021 625 4075 s
657 4016 737 4066 14.
781 3989 858 4066 15.
897 4044 952 4052 -
983 4021 1067 4067 Id.
1109 4020 1299 4066 emma.
1335 4020 1387 4066 in
1418 4021 1505 4067 aas
1539 4020 1650 4067 stu·
1779 4016 1826 4075 7)
1867 4017 2067 4073 ulpian.
2124 4014 2199 4060 rr.
2227 4010 2315 4084 ug
2339 4012 2401 4082 ει..
2424 4025 2450 4053 «ι
2482 4010 2638 4079 mama
2669 4017 2820 4078 qaam
2859 4004 3072 4076 perfecta

282 4077 417 4126 dium
450 4082 539 4129 des
573 4082 715 4131 Rom.
750 4081 1072 4127 Privatrechts
1094 4080 1115 4131 S
1135 4083 1187 4130 8.
1714 4080 1793 4125 lex
1825 4086 1919 4138 est,
1937 4091 2062 4138 quae
2080 4074 2439 4133 vetat,aliqu1d
2458 4073 2581 4142 fleri,
2605 4075 2672 4141 et,
2696 4081 2736 4140 st
2758 4070 2942 4140 factum
2963 4073 3026 4114 sit
3051 4103 3067 4126 ,

346 4141 393 4199 2)
426 4143 480 4191 1..
516 4143 567 4191 5.
625 4145 679 4191 C.
715 4143 782 4191 de
802 4142 1205 4203 [cythim-add.
1241 4155 1284 4189 c.
1308 4139 1386 4189 64.
1415 4142 1482 4189 de
1500 4144 1561 4190 R.
1589 4146 1645 4192 J.
1710 4154 1810 4187 non
1844 4142 2090 4200 rescindit,
2111 4136 2194 4184 sed
2217 4146 2423 4193 poenam
2445 4135 2653 4189 inmugit
2672 4143 2738 4190 ei,
2780 4143 2864 4190 qut
2898 4136 3066 4177 contra

282 4201 340 4249 in
369 4203 418 4251 6.
453 4206 533 4266 (V,
568 4207 788 4266 12.)-.-1..
822 4204 870 4252 6.
908 4207 962 4253 C.
996 4206 1064 4253 de
1079 4210 1225 4263 pact.
1249 4205 1301 4262 (u
1330 4206 1503 4261 Pacta,
1525 4218 1648 4263 quae
1714 4206 1872 4262 legem
1890 4203 2052 4250 fecit.»
2074 4224 2128 4234 —·-
2151 4197 2226 4246 ef.
2243 4198 2476 4255 Saviqny
2495 4196 2529 4240 l.
2548 4196 2582 4240 l.
2606 4205 2658 4253 p.
2682 4194 2763 4240 2¹.

283 4271 455 4313 eontra
484 4269 621 4327 leges
643 4268 1109 4327 constitutionesque
1123 4303 1138 4327 ‚
1160 4268 1244 4314 vel
1270 4270 1465 4313 contra
1486 4267 1651 4314 bonos
2309 4261 2334 4314 S
2356 4256 2437 4307 47.

286 4336 460 4375 mores
488 4331 646 4386 fiunt.
681 4333 868 4378 nullam
901 4331 999 4379 vim
1030 4332 1208 4379 habere
1232 4328 1495 4375 indubitati
1523 4328 1647 4382 juris
1775 4326 1820 4383 1)
1857 4326 2013 4373 Gltae'clt
2035 4325 2095 4370 ad
2117 4317 2361 4373 Hellfetd.
2380 4320 2400 4371 S
2419 4316 2498 4367 44.
2547 4342 2601 4391 3-
2625 4317 2698 4366 Cf.
2735 4320 2784 4365 C.
2812 4319 2879 4389 ⁸1³..
2916 4319 3069 4390 Baes-

286 4392 444 4450 (Ξῖ-η)
472 4395 668 4449 -312
691 4394 729 4441 Ι.
755 4394 814 4440 de
834 4395 988 4449 nupt.
1710 4387 1845 4436 chen
1861 4390 1955 4444 (Pr.
1982 4389 2049 4435 A.
2070 4384 2334 4441 F.Sclwtt)
2357 4385 2412 4431 Ι).
2435 4384 2495 4430 de
2516 4394 2560 4428 vi
2593 4383 2752 4440 legum
2780 4380 2996 4427 civilium
3016 4392 3071 4426 tn

352 4449 402 4510 3)
433 4454 485 4501 L.
528 4455 580 4504 4.
616 4455 665 4504 6.
685 4458 739 4505 C.
762 4454 829 4501 dc
848 4455 1031 4503 incest.
1056 4458 1205 4512 nupt.
1228 4455 1304 4513 (V,
1325 4453 1463 4512 5.)—
1491 4454 1558 4500 A.
1583 4457 1646 4500 D.
1714 4451 1934 4498 subditos
1978 4446 2316 4506 temporarios.
2340 4446 2471 4504 Lips.
2496 4441 2638 4516 1772.
2674 4442 2724 4516 4.
2758 4440 3074 4512 Νον.β9.ο.1.

290 4515 502 4563 Weber
522 4530 620 4566 von
650 4518 741 4565 der
771 4519 954 4565 natm-l.
978 4519 1234 4565 Verbindl.
1263 4519 1283 4570 S
1304 4516 1384 4566 74.
1778 4514 1825 4571 2)
1861 4515 1918 4560 J.
1941 4515 2008 4559 A.
2027 4509 2359 4558 Schnaubert
2379 4510 2434 4554 1).
2456 4510 2516 4555 de
2549 4517 2766 4566 principe
2797 4504 2942 4562 legib.
2979 4516 3077 4550 suis

347 4575 401 4635 4)
422 4579 481 4626 V.
514 4593 560 4628 c.
585 4583 639 4626 L.
655 4581 703 4627 1.
722 4581 775 4629 C.
798 4578 868 4626 de
880 4582 1102 4630 secund.
1125 4583 1276 4637 nupt.
1300 4583 1376 4640 (V,
1397 4575 1589 4634 9.)-1..
1609 4579 1657 4625 1.
1724 4575 1961 4632 obligato.
1980 4576 2090 4620 Jen.
2115 4568 2238 4618 1795
2262 4605 2278 4631 ,
2298 4582 2444 4631 quam
2467 4581 2683 4629 german.
2734 4569 3078 4640 interpretatus

279 4651 364 4698 pr.
388 4641 448 4687 Ι).
477 4641 547 4689 de
566 4643 787 4691 alienat.
803 4641 927 4698 jud.
951 4646 1081 4690 mut.
1106 4642 1571 4701 causasacta.(lv‚
1591 4639 1662 4701 7.)
1728 4643 1801 4684 est
1816 4640 1881 4684 E.
1902 4640 1960 4685 F.
1979 4633 2342 4696 Haqemeister
2361 4634 2501 4691 (auch
2514 4635 2601 4681 der
2617 4633 2801 4688 negent
2821 4638 2888 4679 ist
2919 4641 2983 4676 an
3000 4629 3078 4674 die

349 4699 405 4759 5)
422 4703 528 4750 vid.
546 4706 601 4752 1..
622 4704 702 4753 29.
748 4707 806 4752 D.
828 4704 898 4752 dc
913 4717 1068 4753 usur.
1088 4705 1249 4763 (xxti,
1273 4705 1340 4764 1.)
1361 4729 1414 4738 -
1430 4703 1506 4751 Cf.
1525 4704 1655 4751 iufra
1721 4713 1815 4746 von
1862 4701 1965 4747 ihm
2000 4700 2279 4758 gegebenen
2319 4700 2518 4746 Gesetze
2559 4695 2832 4756 gebunden.
2871 4690 3073 4741 ttostock

294 4761 643 4886 ς’δῗοὲὶρίαη.
662 4830 740 4877 Fr.
772 4829 818 4877 1.
840 4833 866 4886 s
888 4833 934 4877 1.
960 4830 1055 4888 (ed.
1078 4829 1657 4888 Schult.)(«1mperfecta
1723 4759 1912 4883 ¹⁷3⁵&
1936 4823 2018 4873 51.
2038 4825 2095 4872 D.
2115 4825 2189 4872 de
2209 4822 2424 4885 teqz'bus.
2451 4819 2762 4892 &Princeps
2775 4818 2973 4878 legibus
2988 4827 3073 4864 so-

284 4890 372 4938 lex
408 4893 501 4951 est,
535 4894 675 4939 velut
707 4892 894 4954 cineis,
915 4904 1040 4951 quae
1072 4903 1219 4952 supra
1232 4899 1423 4941 certum
1457 4894 1657 4940 modum
1723 4887 1977 4950 lutumst,
2016 4890 2226 4946 Augusta
2252 4887 2558 4948 autcm‚licet
2593 4885 2779 4941 legibus
2799 4883 2954 4928 soluta
2977 4889 3075 4927 uon
