<?xml version="1.0" encoding="UTF-8"?>
<!DOCTYPE html PUBLIC "-//W3C//DTD XHTML 1.0 Transitional//EN"
    "http://www.w3.org/TR/xhtml1/DTD/xhtml1-transitional.dtd">
<html xmlns="http://www.w3.org/1999/xhtml" xml:lang="en" lang="en">
 <head>
  <title>
</title>
<meta http-equiv="Content-Type" content="text/html;charset=utf-8" />
  <meta name='ocr-system' content='tesseract 3.04.00' />
  <meta name='ocr-capabilities' content='ocr_page ocr_carea ocr_par ocr_line ocrx_word'/>
</head>
<body>
  <div class='ocr_page' id='page_1' title='image "./doctrinapandect03mhgoog/doctrinapandect03mhgoog_0044.png"; bbox 0 0 3544 5506; ppageno 0'>
   <div class='ocr_carea' id='block_1_1' title="bbox 459 292 2063 347">
    <p class='ocr_par' dir='ltr' id='par_1_1' title="bbox 459 292 2063 347">
     <span class='ocr_line' id='line_1_1' title="bbox 459 292 2063 347; baseline -0.006 0"><span class='ocrx_word' id='word_1_1' title='bbox 459 292 532 347; x_wconf 80' lang='grc'><strong>20</strong></span> <span class='ocrx_word' id='word_1_2' title='bbox 1685 297 2063 341; x_wconf 69' lang='grc' dir='ltr'><strong>Ριοοεωιηι.</strong></span> 
     </span>
    </p>
   </div>
   <div class='ocr_carea' id='block_1_2' title="bbox 449 403 3259 2145">
    <p class='ocr_par' dir='ltr' id='par_1_2' title="bbox 449 403 3259 2145">
     <span class='ocr_line' id='line_1_2' title="bbox 454 403 3259 487; baseline -0.002 -14"><span class='ocrx_word' id='word_1_3' title='bbox 454 414 801 474; x_wconf 77' lang='lat' dir='ltr'><strong>auctoritas</strong></span> <span class='ocrx_word' id='word_1_4' title='bbox 817 408 1131 474; x_wconf 57' lang='lat' dir='ltr'><strong>:restituta</strong></span> <span class='ocrx_word' id='word_1_5' title='bbox 1168 418 1263 470; x_wconf 83' lang='lat' dir='ltr'><strong>est</strong></span> <span class='ocrx_word' id='word_1_6' title='bbox 1304 411 1368 486; x_wconf 85' lang='lat'><strong>¹).</strong></span> <span class='ocrx_word' id='word_1_7' title='bbox 1409 413 1583 487; x_wconf 85' lang='lat' dir='ltr'><strong>Quae</strong></span> <span class='ocrx_word' id='word_1_8' title='bbox 1606 425 1689 469; x_wconf 89' lang='lat' dir='ltr'><strong>ne</strong></span> <span class='ocrx_word' id='word_1_9' title='bbox 1715 415 2075 483; x_wconf 83' lang='lat' dir='ltr'><strong>expugnata</strong></span> <span class='ocrx_word' id='word_1_10' title='bbox 2094 409 2350 483; x_wconf 86' lang='lat' dir='ltr'><strong>quidem</strong></span> <span class='ocrx_word' id='word_1_11' title='bbox 2366 425 2404 467; x_wconf 85' lang='lat' dir='ltr'><strong>a</strong></span> <span class='ocrx_word' id='word_1_12' title='bbox 2427 410 2853 481; x_wconf 87' lang='lat' dir='ltr'><strong>Longobardis</strong></span> <span class='ocrx_word' id='word_1_13' title='bbox 2875 403 3259 483; x_wconf 77' lang='lat' dir='ltr'><strong>ltalla&#39;plane</strong></span> 
     </span>
     <span class='ocr_line' id='line_1_3' title="bbox 452 500 3253 585; baseline -0.002 -15"><span class='ocrx_word' id='word_1_14' title='bbox 452 511 722 571; x_wconf 79' lang='lat' dir='ltr'><strong>exolevit</strong></span> <span class='ocrx_word' id='word_1_15' title='bbox 795 510 868 585; x_wconf 81' lang='lat'><strong>²),</strong></span> <span class='ocrx_word' id='word_1_16' title='bbox 918 508 1071 581; x_wconf 87' lang='lat' dir='ltr'><strong>quin</strong></span> <span class='ocrx_word' id='word_1_17' title='bbox 1100 509 1296 566; x_wconf 89' lang='lat' dir='ltr'><strong>etiam</strong></span> <span class='ocrx_word' id='word_1_18' title='bbox 1337 508 1401 564; x_wconf 84' lang='lat' dir='ltr'><strong>in</strong></span> <span class='ocrx_word' id='word_1_19' title='bbox 1434 506 1774 581; x_wconf 88' lang='lat' dir='ltr'><strong>provinciis</strong></span> <span class='ocrx_word' id='word_1_20' title='bbox 1811 510 2198 565; x_wconf 78' lang='lat' dir='ltr'>Francorum</span> <span class='ocrx_word' id='word_1_21' title='bbox 2246 505 2469 564; x_wconf 88' lang='lat' dir='ltr'><strong>ditioni</strong></span> <span class='ocrx_word' id='word_1_22' title='bbox 2519 505 2815 579; x_wconf 81' lang='lat' dir='ltr'><strong>subjectis</strong></span> <span class='ocrx_word' id='word_1_23' title='bbox 2864 500 3127 563; x_wconf 80' lang='lat' dir='ltr'><strong>invaluit</strong></span> <span class='ocrx_word' id='word_1_24' title='bbox 3177 502 3253 580; x_wconf 82' lang='lat'><strong>³).</strong></span> 
     </span>
     <span class='ocr_line' id='line_1_4' title="bbox 457 601 3251 685; baseline -0.001 -21"><span class='ocrx_word' id='word_1_25' title='bbox 457 605 997 685; x_wconf 83' lang='lat' dir='ltr'><strong>Quemadmodum</strong></span> <span class='ocrx_word' id='word_1_26' title='bbox 1079 612 1294 663; x_wconf 90' lang='lat' dir='ltr'><strong>autem</strong></span> <span class='ocrx_word' id='word_1_27' title='bbox 1344 602 1494 662; x_wconf 89' lang='lat' dir='ltr'><strong>inde</strong></span> <span class='ocrx_word' id='word_1_28' title='bbox 1537 603 1671 662; x_wconf 91' lang='lat' dir='ltr'><strong>tolli</strong></span> <span class='ocrx_word' id='word_1_29' title='bbox 1714 618 1845 661; x_wconf 91' lang='lat' dir='ltr'><strong>non</strong></span> <span class='ocrx_word' id='word_1_30' title='bbox 1893 603 2101 675; x_wconf 90' lang='lat' dir='ltr'><strong>potuit</strong></span> <span class='ocrx_word' id='word_1_31' title='bbox 2127 602 2288 674; x_wconf 87' lang='lat' dir='ltr'><strong>juris</strong></span> <span class='ocrx_word' id='word_1_32' title='bbox 2327 601 2599 660; x_wconf 89' lang='lat' dir='ltr'><strong>fontium</strong></span> <span class='ocrx_word' id='word_1_33' title='bbox 2630 602 2976 660; x_wconf 88' lang='lat' dir='ltr'><strong>auctoritas</strong></span> <span class='ocrx_word' id='word_1_34' title='bbox 3004 617 3251 674; x_wconf 87' lang='lat' dir='ltr'><strong>eorum,</strong></span> 
     </span>
     <span class='ocr_line' id='line_1_5' title="bbox 456 697 3255 777; baseline -0.001 -17"><span class='ocrx_word' id='word_1_35' title='bbox 456 703 566 777; x_wconf 89' lang='lat' dir='ltr'><strong>qui</strong></span> <span class='ocrx_word' id='word_1_36' title='bbox 590 709 783 760; x_wconf 87' lang='lat' dir='ltr'><strong>antea</strong></span> <span class='ocrx_word' id='word_1_37' title='bbox 827 701 891 758; x_wconf 89' lang='lat' dir='ltr'><strong>in</strong></span> <span class='ocrx_word' id='word_1_38' title='bbox 915 700 1219 758; x_wconf 87' lang='lat' dir='ltr'><strong>histerris</strong></span> <span class='ocrx_word' id='word_1_39' title='bbox 1253 699 1688 768; x_wconf 82' lang='lat' dir='ltr'><strong>obtinuerant,</strong></span> <span class='ocrx_word' id='word_1_40' title='bbox 1714 699 1804 756; x_wconf 90' lang='lat' dir='ltr'><strong>ita</strong></span> <span class='ocrx_word' id='word_1_41' title='bbox 1832 698 2114 770; x_wconf 89' lang='lat' dir='ltr'><strong>ipsorum</strong></span> <span class='ocrx_word' id='word_1_42' title='bbox 2139 698 2299 771; x_wconf 87' lang='lat' dir='ltr'><strong>juris</strong></span> <span class='ocrx_word' id='word_1_43' title='bbox 2325 697 2698 756; x_wconf 80' lang='lat' dir='ltr'><strong>Justinianei</strong></span> <span class='ocrx_word' id='word_1_44' title='bbox 2726 697 3034 756; x_wconf 88' lang='lat' dir='ltr'><strong>librorum</strong></span> <span class='ocrx_word' id='word_1_45' title='bbox 3065 700 3255 757; x_wconf 88' lang='lat' dir='ltr'><strong>lectio</strong></span> 
     </span>
     <span class='ocr_line' id='line_1_6' title="bbox 455 792 3256 871; baseline -0.001 -15"><span class='ocrx_word' id='word_1_46' title='bbox 455 805 650 871; x_wconf 91' lang='lat' dir='ltr'><strong>atque</strong></span> <span class='ocrx_word' id='word_1_47' title='bbox 682 811 834 854; x_wconf 89' lang='lat' dir='ltr'><strong>usus</strong></span> <span class='ocrx_word' id='word_1_48' title='bbox 869 801 981 853; x_wconf 90' lang='lat' dir='ltr'><strong>aut</strong></span> <span class='ocrx_word' id='word_1_49' title='bbox 1007 793 1219 852; x_wconf 91' lang='lat' dir='ltr'><strong>nullus</strong></span> <span class='ocrx_word' id='word_1_50' title='bbox 1258 802 1370 853; x_wconf 88' lang='lat' dir='ltr'><strong>aut</strong></span> <span class='ocrx_word' id='word_1_51' title='bbox 1406 801 1584 854; x_wconf 86' lang='lat' dir='ltr'><strong>certe</strong></span> <span class='ocrx_word' id='word_1_52' title='bbox 1612 792 1784 850; x_wconf 87' lang='lat' dir='ltr'><strong>haud</strong></span> <span class='ocrx_word' id='word_1_53' title='bbox 1822 793 2121 866; x_wconf 76' lang='lat' dir='ltr'><strong>frequens</strong></span> <span class='ocrx_word' id='word_1_54' title='bbox 2159 794 2412 852; x_wconf 82' lang='lat' dir='ltr'><strong>videtur</strong></span> <span class='ocrx_word' id='word_1_55' title='bbox 2441 793 2662 862; x_wconf 85' lang='lat' dir='ltr'><strong>fuisse;</strong></span> <span class='ocrx_word' id='word_1_56' title='bbox 2690 800 2917 866; x_wconf 89' lang='lat' dir='ltr'><strong>utpote</strong></span> <span class='ocrx_word' id='word_1_57' title='bbox 2956 795 3036 851; x_wconf 95' lang='lat' dir='ltr'><strong>ad</strong></span> <span class='ocrx_word' id='word_1_58' title='bbox 3072 794 3256 871; x_wconf 83' lang='lat' dir='ltr'><strong>cujus</strong></span> 
     </span>
     <span class='ocr_line' id='line_1_7' title="bbox 453 892 3250 967; baseline -0.002 -11"><span class='ocrx_word' id='word_1_59' title='bbox 453 898 845 956; x_wconf 89' lang='lat' dir='ltr'><strong>intellectum</strong></span> <span class='ocrx_word' id='word_1_60' title='bbox 873 910 1063 953; x_wconf 91' lang='lat' dir='ltr'><strong>nemo</strong></span> <span class='ocrx_word' id='word_1_61' title='bbox 1096 895 1405 952; x_wconf 82' lang='lat' dir='ltr'><strong>accedere</strong></span> <span class='ocrx_word' id='word_1_62' title='bbox 1431 893 1651 967; x_wconf 88' lang='lat' dir='ltr'><strong>possit,</strong></span> <span class='ocrx_word' id='word_1_63' title='bbox 1678 892 1794 950; x_wconf 90' lang='lat' dir='ltr'><strong>nisi</strong></span> <span class='ocrx_word' id='word_1_64' title='bbox 1818 894 1926 966; x_wconf 90' lang='lat' dir='ltr'><strong>qui</strong></span> <span class='ocrx_word' id='word_1_65' title='bbox 1980 893 2225 966; x_wconf 79' lang='lat' dir='ltr'><strong>antiqui</strong></span> <span class='ocrx_word' id='word_1_66' title='bbox 2261 892 2424 966; x_wconf 84' lang='lat' dir='ltr'><strong>juris</strong></span> <span class='ocrx_word' id='word_1_67' title='bbox 2462 894 2746 951; x_wconf 86' lang='lat' dir='ltr'><strong>rationes</strong></span> <span class='ocrx_word' id='word_1_68' title='bbox 2783 892 3057 966; x_wconf 73' lang='lat' dir='ltr'><strong>penitius</strong></span> <span class='ocrx_word' id='word_1_69' title='bbox 3105 908 3250 966; x_wconf 88' lang='lat' dir='ltr'><strong>per·</strong></span> 
     </span>
     <span class='ocr_line' id='line_1_8' title="bbox 453 993 3237 1070; baseline -0.003 -14"><span class='ocrx_word' id='word_1_70' title='bbox 453 1004 699 1070; x_wconf 81' lang='lat' dir='ltr'><strong>spectas</strong></span> <span class='ocrx_word' id='word_1_71' title='bbox 716 997 973 1054; x_wconf 88' lang='lat' dir='ltr'><strong>habeat.</strong></span> <span class='ocrx_word' id='word_1_72' title='bbox 1004 999 1087 1054; x_wconf 82' lang='lat' dir='ltr'><strong>Ac</strong></span> <span class='ocrx_word' id='word_1_73' title='bbox 1120 996 1522 1053; x_wconf 85' lang='lat' dir='ltr'><strong>Novellarum</strong></span> <span class='ocrx_word' id='word_1_74' title='bbox 1538 995 1726 1067; x_wconf 91' lang='lat' dir='ltr'><strong>adeo,</strong></span> <span class='ocrx_word' id='word_1_75' title='bbox 1747 993 1895 1053; x_wconf 88' lang='lat' dir='ltr'><strong>licet</strong></span> <span class='ocrx_word' id='word_1_76' title='bbox 1921 995 2002 1051; x_wconf 90' lang='lat' dir='ltr'><strong>ad</strong></span> <span class='ocrx_word' id='word_1_77' title='bbox 2020 994 2217 1052; x_wconf 91' lang='lat' dir='ltr'><strong>seculi</strong></span> <span class='ocrx_word' id='word_1_78' title='bbox 2237 994 2491 1065; x_wconf 90' lang='lat' dir='ltr'><strong>genium</strong></span> <span class='ocrx_word' id='word_1_79' title='bbox 2507 994 2768 1068; x_wconf 89' lang='lat' dir='ltr'><strong>propius</strong></span> <span class='ocrx_word' id='word_1_80' title='bbox 2790 993 3237 1052; x_wconf 91' lang='lat' dir='ltr'><strong>accedentium</strong></span> 
     </span>
     <span class='ocr_line' id='line_1_9' title="bbox 459 1089 3247 1163; baseline -0.002 -12"><span class='ocrx_word' id='word_1_81' title='bbox 459 1095 671 1152; x_wconf 89' lang='lat' dir='ltr'><strong>locum</strong></span> <span class='ocrx_word' id='word_1_82' title='bbox 693 1099 758 1150; x_wconf 89' lang='lat' dir='ltr'><strong>et</strong></span> <span class='ocrx_word' id='word_1_83' title='bbox 784 1092 1236 1149; x_wconf 87' lang='lat' dir='ltr'><strong>auctoritatem</strong></span> <span class='ocrx_word' id='word_1_84' title='bbox 1264 1091 1329 1147; x_wconf 91' lang='lat' dir='ltr'><strong>in</strong></span> <span class='ocrx_word' id='word_1_85' title='bbox 1359 1089 1502 1148; x_wconf 87' lang='lat' dir='ltr'><strong>foro</strong></span> <span class='ocrx_word' id='word_1_86' title='bbox 1523 1089 1853 1162; x_wconf 80' lang='lat' dir='ltr'><strong>usurpavit</strong></span> <span class='ocrx_word' id='word_1_87' title='bbox 1876 1089 2108 1148; x_wconf 80' lang='lat' dir='ltr'><strong>Juliani</strong></span> <span class='ocrx_word' id='word_1_88' title='bbox 2130 1090 2259 1157; x_wconf 89' lang='lat' dir='ltr'><strong>illa,</strong></span> <span class='ocrx_word' id='word_1_89' title='bbox 2295 1105 2489 1163; x_wconf 89' lang='lat' dir='ltr'><strong>quam</strong></span> <span class='ocrx_word' id='word_1_90' title='bbox 2509 1105 2578 1147; x_wconf 88' lang='lat' dir='ltr'><strong>su</strong></span> <span class='ocrx_word' id='word_1_91' title='bbox 2589 1105 2706 1162; x_wconf 86' lang='lat' dir='ltr'><strong>pra</strong></span> <span class='ocrx_word' id='word_1_92' title='bbox 2734 1091 3247 1160; x_wconf 80' lang='lat' dir='ltr'><strong>memoravimus,</strong></span> 
     </span>
     <span class='ocr_line' id='line_1_10' title="bbox 454 1181 3245 1261; baseline -0.002 -14"><span class='ocrx_word' id='word_1_93' title='bbox 454 1188 852 1248; x_wconf 74' lang='lat' dir='ltr'><strong>Novellarum</strong></span> <span class='ocrx_word' id='word_1_94' title='bbox 877 1188 1152 1260; x_wconf 88' lang='lat' dir='ltr'><strong>epitome</strong></span> <span class='ocrx_word' id='word_1_95' title='bbox 1175 1181 1243 1257; x_wconf 84' lang='lat'><strong>⁴).</strong></span> <span class='ocrx_word' id='word_1_96' title='bbox 1281 1189 1493 1258; x_wconf 83' lang='lat' dir='ltr'><strong>Neque</strong></span> <span class='ocrx_word' id='word_1_97' title='bbox 1536 1200 1693 1243; x_wconf 84' lang='lat' dir='ltr'><strong>vero</strong></span> <span class='ocrx_word' id='word_1_98' title='bbox 1727 1185 1954 1243; x_wconf 88' lang='lat' dir='ltr'><strong>eodem</strong></span> <span class='ocrx_word' id='word_1_99' title='bbox 1985 1192 2276 1259; x_wconf 87' lang='lat' dir='ltr'><strong>tempore</strong></span> <span class='ocrx_word' id='word_1_100' title='bbox 2307 1185 2475 1244; x_wconf 79' lang='lat' dir='ltr'><strong>viros</strong></span> <span class='ocrx_word' id='word_1_101' title='bbox 2506 1185 2808 1261; x_wconf 74' lang='lat' dir='ltr'><strong>defuisse,</strong></span> <span class='ocrx_word' id='word_1_102' title='bbox 2839 1185 2947 1258; x_wconf 88' lang='lat' dir='ltr'><strong>qui</strong></span> <span class='ocrx_word' id='word_1_103' title='bbox 2973 1184 3066 1242; x_wconf 87' lang='lat' dir='ltr'><strong>his</strong></span> <span class='ocrx_word' id='word_1_104' title='bbox 3096 1183 3245 1257; x_wconf 90' lang='lat' dir='ltr'><strong>ipsis</strong></span> 
     </span>
     <span class='ocr_line' id='line_1_11' title="bbox 451 1285 3247 1364; baseline -0.001 -20"><span class='ocrx_word' id='word_1_105' title='bbox 451 1288 643 1357; x_wconf 87' lang='lat' dir='ltr'><strong>libris,</strong></span> <span class='ocrx_word' id='word_1_106' title='bbox 666 1293 982 1360; x_wconf 81' lang='lat' dir='ltr'><strong>quotquot</strong></span> <span class='ocrx_word' id='word_1_107' title='bbox 1000 1300 1225 1345; x_wconf 91' lang='lat' dir='ltr'><strong>eorum</strong></span> <span class='ocrx_word' id='word_1_108' title='bbox 1259 1285 1437 1343; x_wconf 88' lang='lat' dir='ltr'><strong>adire</strong></span> <span class='ocrx_word' id='word_1_109' title='bbox 1459 1285 1575 1343; x_wconf 90' lang='lat' dir='ltr'><strong>illis</strong></span> <span class='ocrx_word' id='word_1_110' title='bbox 1597 1285 1841 1354; x_wconf 88' lang='lat' dir='ltr'><strong>liceret,</strong></span> <span class='ocrx_word' id='word_1_111' title='bbox 1867 1286 2261 1364; x_wconf 80' lang='lat' dir='ltr'><strong>perlegendis</strong></span> <span class='ocrx_word' id='word_1_112' title='bbox 2285 1300 2547 1358; x_wconf 88' lang='lat' dir='ltr'><strong>operam</strong></span> <span class='ocrx_word' id='word_1_113' title='bbox 2571 1286 2753 1343; x_wconf 87' lang='lat' dir='ltr'><strong>enixe</strong></span> <span class='ocrx_word' id='word_1_114' title='bbox 2780 1285 3247 1357; x_wconf 84' lang='lat' dir='ltr'><strong>impenderent,</strong></span> 
     </span>
     <span class='ocr_line' id='line_1_12' title="bbox 452 1383 3252 1459; baseline -0.002 -13"><span class='ocrx_word' id='word_1_115' title='bbox 452 1403 529 1446; x_wconf 85' lang='lat' dir='ltr'><strong>ac</strong></span> <span class='ocrx_word' id='word_1_116' title='bbox 552 1403 731 1445; x_wconf 89' lang='lat' dir='ltr'><strong>suam</strong></span> <span class='ocrx_word' id='word_1_117' title='bbox 756 1389 1271 1459; x_wconf 85' lang='lat' dir='ltr'><strong>qualemcunque</strong></span> <span class='ocrx_word' id='word_1_118' title='bbox 1292 1385 1583 1443; x_wconf 84' lang='lat' dir='ltr'><strong>notitiam</strong></span> <span class='ocrx_word' id='word_1_119' title='bbox 1625 1385 1689 1442; x_wconf 92' lang='lat' dir='ltr'><strong>in</strong></span> <span class='ocrx_word' id='word_1_120' title='bbox 1730 1400 2071 1444; x_wconf 90' lang='lat' dir='ltr'><strong>commune</strong></span> <span class='ocrx_word' id='word_1_121' title='bbox 2095 1386 2484 1458; x_wconf 89' lang='lat' dir='ltr'><strong>conferrent,</strong></span> <span class='ocrx_word' id='word_1_122' title='bbox 2522 1386 2583 1442; x_wconf 92' lang='lat' dir='ltr'><strong>id</strong></span> <span class='ocrx_word' id='word_1_123' title='bbox 2611 1400 2758 1443; x_wconf 90' lang='lat' dir='ltr'><strong>cum</strong></span> <span class='ocrx_word' id='word_1_124' title='bbox 2790 1400 2860 1444; x_wconf 84' lang='lat' dir='ltr'><strong>ex</strong></span> <span class='ocrx_word' id='word_1_125' title='bbox 2887 1383 3044 1458; x_wconf 85' lang='lat' dir='ltr'><strong>aliis,</strong></span> <span class='ocrx_word' id='word_1_126' title='bbox 3084 1397 3252 1456; x_wconf 92' lang='lat' dir='ltr'><strong>quae</strong></span> 
     </span>
     <span class='ocr_line' id='line_1_13' title="bbox 450 1483 3252 1559; baseline -0.002 -16"><span class='ocrx_word' id='word_1_127' title='bbox 450 1488 713 1557; x_wconf 83' lang='lat' dir='ltr'><strong>adsunt,</strong></span> <span class='ocrx_word' id='word_1_128' title='bbox 751 1486 1022 1558; x_wconf 81' lang='lat' dir='ltr'><strong>vestigiis</strong></span> <span class='ocrx_word' id='word_1_129' title='bbox 1087 1487 1155 1556; x_wconf 81' lang='lat'><strong>⁵),</strong></span> <span class='ocrx_word' id='word_1_130' title='bbox 1183 1490 1318 1542; x_wconf 90' lang='lat' dir='ltr'><strong>tum</strong></span> <span class='ocrx_word' id='word_1_131' title='bbox 1358 1500 1514 1543; x_wconf 83' lang='lat' dir='ltr'><strong>vero</strong></span> <span class='ocrx_word' id='word_1_132' title='bbox 1548 1487 1819 1544; x_wconf 87' lang='lat' dir='ltr'><strong>maxime</strong></span> <span class='ocrx_word' id='word_1_133' title='bbox 1859 1501 1932 1542; x_wconf 86' lang='lat' dir='ltr'><strong>ex</strong></span> <span class='ocrx_word' id='word_1_134' title='bbox 1974 1486 2223 1544; x_wconf 90' lang='lat' dir='ltr'><strong>duobus</strong></span> <span class='ocrx_word' id='word_1_135' title='bbox 2275 1485 2391 1543; x_wconf 89' lang='lat' dir='ltr'><strong>illis</strong></span> <span class='ocrx_word' id='word_1_136' title='bbox 2427 1483 2632 1556; x_wconf 91' lang='lat' dir='ltr'><strong>libris,</strong></span> <span class='ocrx_word' id='word_1_137' title='bbox 2672 1485 2833 1559; x_wconf 88' lang='lat' dir='ltr'><strong>juris</strong></span> <span class='ocrx_word' id='word_1_138' title='bbox 2878 1483 3252 1541; x_wconf 83' lang='lat' dir='ltr'><strong>Justinianei</strong></span> 
     </span>
     <span class='ocr_line' id='line_1_14' title="bbox 450 1583 3248 1659; baseline -0.001 -16"><span class='ocrx_word' id='word_1_139' title='bbox 450 1587 629 1659; x_wconf 86' lang='lat' dir='ltr'><strong>quasi</strong></span> <span class='ocrx_word' id='word_1_140' title='bbox 673 1586 966 1644; x_wconf 83' lang='lat' dir='ltr'><strong>brevibus</strong></span> <span class='ocrx_word' id='word_1_141' title='bbox 1016 1585 1433 1657; x_wconf 81' lang='lat' dir='ltr'><strong>compendiis,</strong></span> <span class='ocrx_word' id='word_1_142' title='bbox 1475 1585 1844 1657; x_wconf 77' lang='lat' dir='ltr'><strong>intelligitur</strong></span> <span class='ocrx_word' id='word_1_143' title='bbox 1870 1629 1885 1655; x_wconf 91' lang='lat'><strong>,</strong></span> <span class='ocrx_word' id='word_1_144' title='bbox 1926 1601 2092 1659; x_wconf 91' lang='lat' dir='ltr'><strong>uno,</strong></span> <span class='ocrx_word' id='word_1_145' title='bbox 2135 1601 2326 1658; x_wconf 84' lang='lat' dir='ltr'><strong>quem</strong></span> <span class='ocrx_word' id='word_1_146' title='bbox 2370 1587 2559 1657; x_wconf 82' lang='lat' dir='ltr'><strong>vulgo</strong></span> <span class='ocrx_word' id='word_1_147' title='bbox 2602 1586 2783 1643; x_wconf 75' lang='lat' dir='ltr'><strong>Petri</strong></span> <span class='ocrx_word' id='word_1_148' title='bbox 2820 1583 3248 1656; x_wconf 88' lang='lat' dir='ltr'><strong>exceptiones,</strong></span> 
     </span>
     <span class='ocr_line' id='line_1_15' title="bbox 449 1679 3251 1755; baseline -0.002 -16"><span class='ocrx_word' id='word_1_149' title='bbox 449 1682 491 1739; x_wconf 90' lang='lat' dir='ltr'><strong>i.</strong></span> <span class='ocrx_word' id='word_1_150' title='bbox 512 1697 571 1740; x_wconf 89' lang='lat' dir='ltr'><strong>e.</strong></span> <span class='ocrx_word' id='word_1_151' title='bbox 603 1681 1067 1753; x_wconf 85' lang='lat' dir='ltr'><strong>excerptiones,</strong></span> <span class='ocrx_word' id='word_1_152' title='bbox 1094 1686 1352 1754; x_wconf 79' lang='lat' dir='ltr'><strong>vocant,</strong></span> <span class='ocrx_word' id='word_1_153' title='bbox 1385 1680 1491 1752; x_wconf 90' lang='lat' dir='ltr'><strong>qui</strong></span> <span class='ocrx_word' id='word_1_154' title='bbox 1522 1680 1779 1753; x_wconf 87' lang='lat' dir='ltr'><strong>quidem</strong></span> <span class='ocrx_word' id='word_1_155' title='bbox 1811 1696 1888 1739; x_wconf 88' lang='lat' dir='ltr'><strong>ex</strong></span> <span class='ocrx_word' id='word_1_156' title='bbox 1917 1696 1995 1740; x_wconf 87' lang='lat' dir='ltr'><strong>eo</strong></span> <span class='ocrx_word' id='word_1_157' title='bbox 2024 1682 2172 1755; x_wconf 81' lang='lat' dir='ltr'><strong>J&#39;ure</strong></span> <span class='ocrx_word' id='word_1_158' title='bbox 2215 1683 2385 1754; x_wconf 90' lang='lat' dir='ltr'><strong>quod</strong></span> <span class='ocrx_word' id='word_1_159' title='bbox 2418 1688 2551 1739; x_wconf 90' lang='lat' dir='ltr'><strong>tum</strong></span> <span class='ocrx_word' id='word_1_160' title='bbox 2570 1681 2875 1754; x_wconf 89' lang='lat' dir='ltr'><strong>temporis</strong></span> <span class='ocrx_word' id='word_1_161' title='bbox 2899 1679 3251 1745; x_wconf 86' lang='lat' dir='ltr'><strong>obtinebat,</strong></span> 
     </span>
     <span class='ocr_line' id='line_1_16' title="bbox 449 1769 3253 1858; baseline -0.001 -20"><span class='ocrx_word' id='word_1_162' title='bbox 449 1782 633 1853; x_wconf 87' lang='lat' dir='ltr'><strong>plura</strong></span> <span class='ocrx_word' id='word_1_163' title='bbox 678 1781 867 1838; x_wconf 89' lang='lat' dir='ltr'><strong>habet</strong></span> <span class='ocrx_word' id='word_1_164' title='bbox 887 1776 1166 1839; x_wconf 86' lang='lat' dir='ltr'><strong>admixta</strong></span> <span class='ocrx_word' id='word_1_165' title='bbox 1223 1781 1293 1854; x_wconf 76' lang='lat'><strong>⁶&gt;3</strong></span> <span class='ocrx_word' id='word_1_166' title='bbox 1332 1782 1560 1848; x_wconf 90' lang='lat' dir='ltr'><strong>altero,</strong></span> <span class='ocrx_word' id='word_1_167' title='bbox 1597 1780 1697 1838; x_wconf 93' lang='lat' dir='ltr'><strong>cui</strong></span> <span class='ocrx_word' id='word_1_168' title='bbox 1725 1781 2104 1858; x_wconf 73' lang='lat' dir='ltr'><strong>Bracleyloge&#39;</strong></span> <span class='ocrx_word' id='word_1_169' title='bbox 2145 1769 2370 1839; x_wconf 71' lang='lat' dir='ltr'><strong>indunt</strong></span> <span class='ocrx_word' id='word_1_170' title='bbox 2421 1796 2654 1841; x_wconf 88' lang='lat' dir='ltr'><strong>nomen</strong></span> <span class='ocrx_word' id='word_1_171' title='bbox 2704 1780 2775 1850; x_wconf 74' lang='lat'><strong>⁷),</strong></span> <span class='ocrx_word' id='word_1_172' title='bbox 2830 1780 2891 1836; x_wconf 88' lang='lat' dir='ltr'><strong>in</strong></span> <span class='ocrx_word' id='word_1_173' title='bbox 2917 1793 3048 1852; x_wconf 91' lang='lat' dir='ltr'><strong>quo</strong></span> <span class='ocrx_word' id='word_1_174' title='bbox 3086 1774 3253 1852; x_wconf 88' lang='lat' dir='ltr'><strong>juris</strong></span> 
     </span>
     <span class='ocr_line' id='line_1_17' title="bbox 449 1879 3252 1956; baseline -0.001 -19"><span class='ocrx_word' id='word_1_175' title='bbox 449 1879 717 1939; x_wconf 83' lang='lat' dir='ltr'><strong>Romani</strong></span> <span class='ocrx_word' id='word_1_176' title='bbox 761 1881 1008 1939; x_wconf 87' lang='lat' dir='ltr'><strong>sincera</strong></span> <span class='ocrx_word' id='word_1_177' title='bbox 1040 1882 1501 1954; x_wconf 79' lang='lat' dir='ltr'><strong>propemodum</strong></span> <span class='ocrx_word' id='word_1_178' title='bbox 1527 1886 1721 1953; x_wconf 90' lang='lat' dir='ltr'><strong>atque</strong></span> <span class='ocrx_word' id='word_1_179' title='bbox 1762 1882 2143 1939; x_wconf 89' lang='lat' dir='ltr'><strong>intemerata</strong></span> <span class='ocrx_word' id='word_1_180' title='bbox 2166 1888 2509 1953; x_wconf 88' lang='lat' dir='ltr'><strong>preaecpta</strong></span> <span class='ocrx_word' id='word_1_181' title='bbox 2535 1924 2552 1956; x_wconf 92' lang='lat'><strong>,</strong></span> <span class='ocrx_word' id='word_1_182' title='bbox 2583 1880 2806 1939; x_wconf 91' lang='lat' dir='ltr'><strong>ordine</strong></span> <span class='ocrx_word' id='word_1_183' title='bbox 2837 1880 3107 1939; x_wconf 87' lang='lat' dir='ltr'><strong>maxime</strong></span> <span class='ocrx_word' id='word_1_184' title='bbox 3151 1880 3252 1934; x_wconf 89' lang='lat' dir='ltr'><strong>In·</strong></span> 
     </span>
     <span class='ocr_line' id='line_1_18' title="bbox 450 1976 3253 2052; baseline 0.002 -18"><span class='ocrx_word' id='word_1_185' title='bbox 450 1977 845 2034; x_wconf 89' lang='lat' dir='ltr'><strong>stitutionum</strong></span> <span class='ocrx_word' id='word_1_186' title='bbox 885 1976 1416 2034; x_wconf 73' lang='lat' dir='ltr'><strong>justinianearum</strong></span> <span class='ocrx_word' id='word_1_187' title='bbox 1449 1981 1724 2042; x_wconf 80' lang='lat' dir='ltr'><strong>servato,</strong></span> <span class='ocrx_word' id='word_1_188' title='bbox 1753 1978 1943 2048; x_wconf 89' lang='lat' dir='ltr'><strong>plane</strong></span> <span class='ocrx_word' id='word_1_189' title='bbox 1976 1992 2051 2035; x_wconf 90' lang='lat' dir='ltr'><strong>ac</strong></span> <span class='ocrx_word' id='word_1_190' title='bbox 2075 1977 2351 2035; x_wconf 90' lang='lat' dir='ltr'><strong>dilucide</strong></span> <span class='ocrx_word' id='word_1_191' title='bbox 2375 2017 2390 2044; x_wconf 91' lang='lat'>‚</span> <span class='ocrx_word' id='word_1_192' title='bbox 2428 1992 2721 2036; x_wconf 86' lang='lat' dir='ltr'><strong>sermone</strong></span> <span class='ocrx_word' id='word_1_193' title='bbox 2744 1992 2899 2036; x_wconf 83' lang='lat' dir='ltr'><strong>vero</strong></span> <span class='ocrx_word' id='word_1_194' title='bbox 2926 1994 3047 2052; x_wconf 89' lang='lat' dir='ltr'><strong>pro</strong></span> <span class='ocrx_word' id='word_1_195' title='bbox 3090 1986 3253 2041; x_wconf 90' lang='lat' dir='ltr'><strong>tem-</strong></span> 
     </span>
     <span class='ocr_line' id='line_1_19' title="bbox 452 2070 2276 2145; baseline -0.001 -14"><span class='ocrx_word' id='word_1_196' title='bbox 452 2072 621 2145; x_wconf 86' lang='lat' dir='ltr'><strong>poris</strong></span> <span class='ocrx_word' id='word_1_197' title='bbox 659 2072 833 2130; x_wconf 89' lang='lat' dir='ltr'><strong>istius</strong></span> <span class='ocrx_word' id='word_1_198' title='bbox 869 2071 1166 2129; x_wconf 86' lang='lat' dir='ltr'><strong>barbaria</strong></span> <span class='ocrx_word' id='word_1_199' title='bbox 1192 2070 1342 2129; x_wconf 87' lang='lat' dir='ltr'><strong>satis</strong></span> <span class='ocrx_word' id='word_1_200' title='bbox 1371 2086 1536 2144; x_wconf 88' lang='lat' dir='ltr'><strong>puro</strong></span> <span class='ocrx_word' id='word_1_201' title='bbox 1565 2086 1640 2129; x_wconf 89' lang='lat' dir='ltr'><strong>ac</strong></span> <span class='ocrx_word' id='word_1_202' title='bbox 1669 2072 1891 2140; x_wconf 85' lang='lat' dir='ltr'><strong>nitido,</strong></span> <span class='ocrx_word' id='word_1_203' title='bbox 1915 2074 2276 2131; x_wconf 88' lang='lat' dir='ltr'><strong>traduntur.</strong></span> 
     </span>
    </p>
   </div>
   <div class='ocr_carea' id='block_1_3' title="bbox 455 2247 3249 2330">
    <p class='ocr_par' dir='ltr' id='par_1_3' title="bbox 455 2247 3249 2330">
     <span class='ocr_line' id='line_1_20' title="bbox 455 2247 3249 2330; baseline 0.001 -26"><span class='ocrx_word' id='word_1_204' title='bbox 455 2258 480 2330; x_wconf 69' lang='grc' dir='ltr'>ς</span> <span class='ocrx_word' id='word_1_205' title='bbox 510 2249 604 2311; x_wconf 74' lang='grc'><strong>111.</strong></span> <span class='ocrx_word' id='word_1_206' title='bbox 644 2249 802 2307; x_wconf 76' lang='lat' dir='ltr'><strong>Usus</strong></span> <span class='ocrx_word' id='word_1_207' title='bbox 828 2265 903 2307; x_wconf 86' lang='lat' dir='ltr'><strong>ac</strong></span> <span class='ocrx_word' id='word_1_208' title='bbox 933 2249 1309 2322; x_wconf 62' lang='lat' dir='ltr'><strong>propagatio</strong></span> <span class='ocrx_word' id='word_1_209' title='bbox 1321 2249 1496 2312; x_wconf 60' lang='lat' dir='ltr'><strong>jures</strong></span> <span class='ocrx_word' id='word_1_210' title='bbox 1528 2249 1794 2305; x_wconf 79' lang='lat' dir='ltr'><strong>Romani</strong></span> <span class='ocrx_word' id='word_1_211' title='bbox 1808 2249 1952 2307; x_wconf 80' lang='lat' dir='ltr'><strong>inde</strong></span> <span class='ocrx_word' id='word_1_212' title='bbox 1985 2249 2063 2305; x_wconf 81' lang='lat' dir='ltr'><strong>ab</strong></span> <span class='ocrx_word' id='word_1_213' title='bbox 2093 2251 2445 2306; x_wconf 79' lang='lat' dir='ltr'><strong>instaurato</strong></span> <span class='ocrx_word' id='word_1_214' title='bbox 2471 2253 2606 2314; x_wconf 70' lang='lat' dir='ltr'><strong>eius</strong></span> <span class='ocrx_word' id='word_1_215' title='bbox 2627 2249 2694 2305; x_wconf 82' lang='lat' dir='ltr'><strong>in</strong></span> <span class='ocrx_word' id='word_1_216' title='bbox 2719 2251 2909 2307; x_wconf 76' lang='lat' dir='ltr'><strong>Italia</strong></span> <span class='ocrx_word' id='word_1_217' title='bbox 2935 2250 3141 2309; x_wconf 76' lang='lat' dir='ltr'><strong>studio</strong></span> <span class='ocrx_word' id='word_1_218' title='bbox 3156 2247 3249 2319; x_wconf 58' lang='grc' dir='ltr'><strong>(Ἴ.</strong></span> 
     </span>
    </p>
   </div>
   <div class='ocr_carea' id='block_1_4' title="bbox 446 2424 3248 3194">
    <p class='ocr_par' dir='ltr' id='par_1_4' title="bbox 446 2424 3248 3194">
     <span class='ocr_line' id='line_1_21' title="bbox 532 2424 3246 2504; baseline 0 -20"><span class='ocrx_word' id='word_1_219' title='bbox 532 2428 698 2484; x_wconf 87' lang='lat' dir='ltr'><strong>Nova</strong></span> <span class='ocrx_word' id='word_1_220' title='bbox 726 2432 943 2484; x_wconf 89' lang='lat' dir='ltr'><strong>autem</strong></span> <span class='ocrx_word' id='word_1_221' title='bbox 967 2424 1250 2483; x_wconf 91' lang='lat' dir='ltr'><strong>omnium</strong></span> <span class='ocrx_word' id='word_1_222' title='bbox 1273 2426 1591 2483; x_wconf 89' lang='lat' dir='ltr'><strong>bonarum</strong></span> <span class='ocrx_word' id='word_1_223' title='bbox 1619 2426 1854 2483; x_wconf 88' lang='lat' dir='ltr'><strong>artium</strong></span> <span class='ocrx_word' id='word_1_224' title='bbox 1878 2427 2099 2486; x_wconf 87' lang='lat' dir='ltr'><strong>studiis</strong></span> <span class='ocrx_word' id='word_1_225' title='bbox 2139 2428 2288 2486; x_wconf 91' lang='lat' dir='ltr'><strong>inde</strong></span> <span class='ocrx_word' id='word_1_226' title='bbox 2311 2443 2348 2485; x_wconf 91' lang='lat' dir='ltr'><strong>a</strong></span> <span class='ocrx_word' id='word_1_227' title='bbox 2364 2430 2502 2487; x_wconf 89' lang='lat' dir='ltr'><strong>Sec.</strong></span> <span class='ocrx_word' id='word_1_228' title='bbox 2532 2431 2632 2486; x_wconf 82' lang='grc' dir='ltr'><strong>ΧΠ</strong></span> <span class='ocrx_word' id='word_1_229' title='bbox 2655 2426 2891 2485; x_wconf 79' lang='lat' dir='ltr'><strong>affulsit</strong></span> <span class='ocrx_word' id='word_1_230' title='bbox 2907 2429 3014 2485; x_wconf 81' lang='lat' dir='ltr'><strong>lux</strong></span> <span class='ocrx_word' id='word_1_231' title='bbox 3032 2469 3049 2504; x_wconf 90' lang='lat'><strong>,</strong></span> <span class='ocrx_word' id='word_1_232' title='bbox 3088 2426 3246 2484; x_wconf 86' lang='lat' dir='ltr'><strong>cali·</strong></span> 
     </span>
     <span class='ocr_line' id='line_1_22' title="bbox 451 2526 3247 2601; baseline 0.001 -19"><span class='ocrx_word' id='word_1_233' title='bbox 451 2527 682 2598; x_wconf 82' lang='lat' dir='ltr'><strong>ginem‚</strong></span> <span class='ocrx_word' id='word_1_234' title='bbox 708 2542 834 2598; x_wconf 86' lang='lat' dir='ltr'><strong>qua</strong></span> <span class='ocrx_word' id='word_1_235' title='bbox 865 2541 1069 2600; x_wconf 87' lang='lat' dir='ltr'><strong>paene</strong></span> <span class='ocrx_word' id='word_1_236' title='bbox 1087 2527 1388 2585; x_wconf 88' lang='lat' dir='ltr'><strong>inductae</strong></span> <span class='ocrx_word' id='word_1_237' title='bbox 1415 2528 1734 2585; x_wconf 91' lang='lat' dir='ltr'><strong>latuerant</strong></span> <span class='ocrx_word' id='word_1_238' title='bbox 1762 2527 1930 2595; x_wconf 85' lang='lat' dir='ltr'><strong>illae,</strong></span> <span class='ocrx_word' id='word_1_239' title='bbox 1949 2529 2292 2601; x_wconf 85' lang='lat' dir='ltr'><strong>splendore</strong></span> <span class='ocrx_word' id='word_1_240' title='bbox 2312 2543 2428 2587; x_wconf 86' lang='lat' dir='ltr'><strong>suo</strong></span> <span class='ocrx_word' id='word_1_241' title='bbox 2459 2526 2827 2596; x_wconf 90' lang='lat' dir='ltr'><strong>discutiens,</strong></span> <span class='ocrx_word' id='word_1_242' title='bbox 2854 2542 2932 2585; x_wconf 90' lang='lat' dir='ltr'><strong>ac</strong></span> <span class='ocrx_word' id='word_1_243' title='bbox 2954 2532 3247 2584; x_wconf 87' lang='lat' dir='ltr'><strong>nostrum</strong></span> 
     </span>
     <span class='ocr_line' id='line_1_23' title="bbox 449 2624 3248 2700; baseline -0 -17"><span class='ocrx_word' id='word_1_244' title='bbox 449 2626 704 2699; x_wconf 87' lang='lat' dir='ltr'><strong>quidem</strong></span> <span class='ocrx_word' id='word_1_245' title='bbox 735 2626 1012 2684; x_wconf 88' lang='lat' dir='ltr'><strong>studium</strong></span> <span class='ocrx_word' id='word_1_246' title='bbox 1035 2627 1115 2684; x_wconf 90' lang='lat' dir='ltr'><strong>ad</strong></span> <span class='ocrx_word' id='word_1_247' title='bbox 1141 2626 1507 2684; x_wconf 87' lang='lat' dir='ltr'><strong>incredibile</strong></span> <span class='ocrx_word' id='word_1_248' title='bbox 1535 2627 1861 2699; x_wconf 91' lang='lat' dir='ltr'><strong>quoddam</strong></span> <span class='ocrx_word' id='word_1_249' title='bbox 1890 2628 2132 2699; x_wconf 86' lang='lat' dir='ltr'><strong>gloriae</strong></span> <span class='ocrx_word' id='word_1_250' title='bbox 2155 2630 2349 2700; x_wconf 84' lang='lat' dir='ltr'><strong>atq&#39;ue</strong></span> <span class='ocrx_word' id='word_1_251' title='bbox 2378 2626 2780 2686; x_wconf 88' lang='lat' dir='ltr'><strong>auctoritatis</strong></span> <span class='ocrx_word' id='word_1_252' title='bbox 2809 2624 3123 2698; x_wconf 76' lang='lat' dir='ltr'><strong>fastigium</strong></span> <span class='ocrx_word' id='word_1_253' title='bbox 3150 2641 3248 2683; x_wconf 84' lang='lat' dir='ltr'><strong>ex·</strong></span> 
     </span>
     <span class='ocr_line' id='line_1_24' title="bbox 447 2720 3244 2801; baseline -0.001 -17"><span class='ocrx_word' id='word_1_254' title='bbox 447 2728 697 2790; x_wconf 88' lang='lat' dir='ltr'><strong>tollens.</strong></span> <span class='ocrx_word' id='word_1_255' title='bbox 733 2726 991 2785; x_wconf 87' lang='lat' dir='ltr'><strong>Schoiae</strong></span> <span class='ocrx_word' id='word_1_256' title='bbox 1020 2728 1186 2786; x_wconf 87' lang='lat' dir='ltr'><strong>enim</strong></span> <span class='ocrx_word' id='word_1_257' title='bbox 1204 2727 1365 2801; x_wconf 85' lang='lat' dir='ltr'><strong>juris</strong></span> <span class='ocrx_word' id='word_1_258' title='bbox 1397 2742 1525 2786; x_wconf 92' lang='lat' dir='ltr'><strong>non</strong></span> <span class='ocrx_word' id='word_1_259' title='bbox 1552 2721 1758 2787; x_wconf 86' lang='lat' dir='ltr'><strong>fluxae</strong></span> <span class='ocrx_word' id='word_1_260' title='bbox 1788 2734 1851 2787; x_wconf 89' lang='lat' dir='ltr'><strong>et</strong></span> <span class='ocrx_word' id='word_1_261' title='bbox 1887 2727 2171 2800; x_wconf 85' lang='lat' dir='ltr'><strong>fragiles,</strong></span> <span class='ocrx_word' id='word_1_262' title='bbox 2222 2720 2444 2801; x_wconf 88' lang='lat' dir='ltr'><strong>quales</strong></span> <span class='ocrx_word' id='word_1_263' title='bbox 2473 2732 2664 2785; x_wconf 90' lang='lat' dir='ltr'><strong>antea</strong></span> <span class='ocrx_word' id='word_1_264' title='bbox 2687 2727 2944 2800; x_wconf 84' lang='lat' dir='ltr'><strong>quidem</strong></span> <span class='ocrx_word' id='word_1_265' title='bbox 2963 2725 3244 2795; x_wconf 86' lang='lat' dir='ltr'><strong>fuerant,</strong></span> 
     </span>
     <span class='ocr_line' id='line_1_25' title="bbox 460 2825 3248 2900; baseline 0 -16"><span class='ocrx_word' id='word_1_266' title='bbox 460 2828 569 2884; x_wconf 86' lang='lat' dir='ltr'><strong>sed</strong></span> <span class='ocrx_word' id='word_1_267' title='bbox 603 2833 915 2899; x_wconf 86' lang='lat' dir='ltr'><strong>perpetua</strong></span> <span class='ocrx_word' id='word_1_268' title='bbox 961 2829 1293 2887; x_wconf 90' lang='lat' dir='ltr'><strong>doctorum</strong></span> <span class='ocrx_word' id='word_1_269' title='bbox 1351 2828 1751 2887; x_wconf 86' lang='lat' dir='ltr'><strong>successione</strong></span> <span class='ocrx_word' id='word_1_270' title='bbox 1794 2829 2078 2887; x_wconf 88' lang='lat' dir='ltr'><strong>celebres</strong></span> <span class='ocrx_word' id='word_1_271' title='bbox 2113 2828 2433 2886; x_wconf 85' lang='lat' dir='ltr'><strong>Bononiae</strong></span> <span class='ocrx_word' id='word_1_272' title='bbox 2483 2828 2859 2900; x_wconf 91' lang='lat' dir='ltr'><strong>aperiuntur</strong></span> <span class='ocrx_word' id='word_1_273' title='bbox 2890 2826 2970 2883; x_wconf 91' lang='lat' dir='ltr'><strong>ab</strong></span> <span class='ocrx_word' id='word_1_274' title='bbox 2999 2825 3248 2884; x_wconf 90' lang='lat' dir='ltr'><strong>Irnerio</strong></span> 
     </span>
     <span class='ocr_line' id='line_1_26' title="bbox 450 2922 3244 2998; baseline -0 -19"><span class='ocrx_word' id='word_1_275' title='bbox 450 2923 726 2995; x_wconf 90' lang='lat' dir='ltr'><strong>quodam</strong></span> <span class='ocrx_word' id='word_1_276' title='bbox 762 2931 832 2991; x_wconf 78' lang='lat' dir='ltr'><strong>(S.</strong></span> <span class='ocrx_word' id='word_1_277' title='bbox 884 2924 1234 2984; x_wconf 84' lang='lat' dir='ltr'><strong>Guarnerio</strong></span> <span class='ocrx_word' id='word_1_278' title='bbox 1265 2940 1315 2982; x_wconf 83' lang='lat' dir='ltr'><strong>s.</strong></span> <span class='ocrx_word' id='word_1_279' title='bbox 1366 2925 1754 2998; x_wconf 86' lang='lat' dir='ltr'><strong>Wernerio);</strong></span> <span class='ocrx_word' id='word_1_280' title='bbox 1790 2924 2072 2995; x_wconf 82' lang='lat' dir='ltr'><strong>singulae</strong></span> <span class='ocrx_word' id='word_1_281' title='bbox 2093 2924 2257 2997; x_wconf 80' lang='lat' dir='ltr'><strong>juris</strong></span> <span class='ocrx_word' id='word_1_282' title='bbox 2280 2923 2650 2981; x_wconf 80' lang='lat' dir='ltr'><strong>sustinianei</strong></span> <span class='ocrx_word' id='word_1_283' title='bbox 2697 2938 2874 2995; x_wconf 90' lang='lat' dir='ltr'><strong>opes,</strong></span> <span class='ocrx_word' id='word_1_284' title='bbox 2905 2922 3135 2995; x_wconf 87' lang='lat' dir='ltr'><strong>partim</strong></span> <span class='ocrx_word' id='word_1_285' title='bbox 3155 2922 3244 2978; x_wconf 91' lang='lat' dir='ltr'><strong>la-</strong></span> 
     </span>
     <span class='ocr_line' id='line_1_27' title="bbox 451 3018 3247 3094; baseline -0.001 -18"><span class='ocrx_word' id='word_1_286' title='bbox 451 3025 657 3077; x_wconf 87' lang='lat' dir='ltr'><strong>tentes</strong></span> <span class='ocrx_word' id='word_1_287' title='bbox 682 3018 1125 3094; x_wconf 79' lang='lat' dir='ltr'><strong>oblivioneque</strong></span> <span class='ocrx_word' id='word_1_288' title='bbox 1147 3036 1353 3093; x_wconf 89' lang='lat' dir='ltr'><strong>paene</strong></span> <span class='ocrx_word' id='word_1_289' title='bbox 1372 3021 1667 3094; x_wconf 88' lang='lat' dir='ltr'><strong>obrutae,</strong></span> <span class='ocrx_word' id='word_1_290' title='bbox 1688 3021 1944 3091; x_wconf 88' lang='lat' dir='ltr'><strong>egregio</strong></span> <span class='ocrx_word' id='word_1_291' title='bbox 1975 3022 2256 3093; x_wconf 87' lang='lat' dir='ltr'><strong>quodam</strong></span> <span class='ocrx_word' id='word_1_292' title='bbox 2282 3020 2507 3077; x_wconf 83' lang='lat' dir='ltr'><strong>ardore</strong></span> <span class='ocrx_word' id='word_1_293' title='bbox 2524 3018 2811 3092; x_wconf 88' lang='lat' dir='ltr'><strong>undique</strong></span> <span class='ocrx_word' id='word_1_294' title='bbox 2852 3018 3247 3091; x_wconf 89' lang='lat' dir='ltr'><strong>conquirun-</strong></span> 
     </span>
     <span class='ocr_line' id='line_1_28' title="bbox 446 3117 3241 3194; baseline -0.001 -15"><span class='ocrx_word' id='word_1_295' title='bbox 446 3130 573 3186; x_wconf 86' lang='lat' dir='ltr'><strong>tur,</strong></span> <span class='ocrx_word' id='word_1_296' title='bbox 597 3126 788 3192; x_wconf 90' lang='lat' dir='ltr'><strong>atque</strong></span> <span class='ocrx_word' id='word_1_297' title='bbox 818 3136 890 3177; x_wconf 87' lang='lat' dir='ltr'><strong>ex</strong></span> <span class='ocrx_word' id='word_1_298' title='bbox 912 3121 1201 3179; x_wconf 89' lang='lat' dir='ltr'><strong>omnibus</strong></span> <span class='ocrx_word' id='word_1_299' title='bbox 1244 3118 1545 3194; x_wconf 85' lang='lat' dir='ltr'><strong>Europae</strong></span> <span class='ocrx_word' id='word_1_300' title='bbox 1582 3122 1767 3179; x_wconf 88' lang='lat' dir='ltr'><strong>terris</strong></span> <span class='ocrx_word' id='word_1_301' title='bbox 1789 3120 2067 3193; x_wconf 84' lang='lat' dir='ltr'><strong>juvenes</strong></span> <span class='ocrx_word' id='word_1_302' title='bbox 2087 3120 2247 3194; x_wconf 85' lang='lat' dir='ltr'><strong>juris</strong></span> <span class='ocrx_word' id='word_1_303' title='bbox 2282 3119 2442 3178; x_wconf 87' lang='lat' dir='ltr'><strong>illius</strong></span> <span class='ocrx_word' id='word_1_304' title='bbox 2467 3118 2866 3192; x_wconf 88' lang='lat' dir='ltr'><strong>perdiscendi</strong></span> <span class='ocrx_word' id='word_1_305' title='bbox 2888 3117 3241 3190; x_wconf 84' lang='lat' dir='ltr'><strong>cupiditate</strong></span> 
     </span>
    </p>
   </div>
   <div class='ocr_carea' id='block_1_5' title="bbox 405 3218 3239 3390">
    <p class='ocr_par' dir='ltr' id='par_1_5' title="bbox 405 3218 3239 3390">
     <span class='ocr_line' id='line_1_29' title="bbox 405 3218 3239 3295; baseline -0.001 -17"><span class='ocrx_word' id='word_1_306' title='bbox 405 3235 419 3248; x_wconf 88' lang='grc'><em>·</em></span> <span class='ocrx_word' id='word_1_307' title='bbox 446 3221 624 3279; x_wconf 91' lang='lat' dir='ltr'><strong>ducti</strong></span> <span class='ocrx_word' id='word_1_308' title='bbox 674 3224 1016 3279; x_wconf 81' lang='lat' dir='ltr'><strong>convolant</strong></span> <span class='ocrx_word' id='word_1_309' title='bbox 1041 3222 1407 3291; x_wconf 90' lang='lat' dir='ltr'><strong>Bononiam,</strong></span> <span class='ocrx_word' id='word_1_310' title='bbox 1437 3222 1853 3295; x_wconf 88' lang='lat' dir='ltr'><strong>idemquejus</strong></span> <span class='ocrx_word' id='word_1_311' title='bbox 1882 3222 1945 3278; x_wconf 91' lang='lat' dir='ltr'><strong>in</strong></span> <span class='ocrx_word' id='word_1_312' title='bbox 1990 3222 2264 3294; x_wconf 91' lang='lat' dir='ltr'><strong>patriam</strong></span> <span class='ocrx_word' id='word_1_313' title='bbox 2297 3221 2567 3279; x_wconf 84' lang='lat' dir='ltr'><strong>reduces</strong></span> <span class='ocrx_word' id='word_1_314' title='bbox 2597 3219 2801 3277; x_wconf 90' lang='lat' dir='ltr'><strong>causis</strong></span> <span class='ocrx_word' id='word_1_315' title='bbox 2841 3218 3239 3291; x_wconf 87' lang='lat' dir='ltr'><strong>negotiisque</strong></span> 
     </span>
     <span class='ocr_line' id='line_1_30' title="bbox 443 3314 3238 3390; baseline -0.001 -16"><span class='ocrx_word' id='word_1_316' title='bbox 443 3316 788 3374; x_wconf 86' lang='lat' dir='ltr'><strong>tractandis</strong></span> <span class='ocrx_word' id='word_1_317' title='bbox 816 3332 1062 3376; x_wconf 87' lang='lat' dir='ltr'><strong>summo</strong></span> <span class='ocrx_word' id='word_1_318' title='bbox 1104 3333 1251 3376; x_wconf 91' lang='lat' dir='ltr'><strong>cum</strong></span> <span class='ocrx_word' id='word_1_319' title='bbox 1289 3318 1503 3376; x_wconf 86' lang='lat' dir='ltr'><strong>fructu</strong></span> <span class='ocrx_word' id='word_1_320' title='bbox 1534 3317 1862 3375; x_wconf 84' lang='lat' dir='ltr'><strong>adhibent.</strong></span> <span class='ocrx_word' id='word_1_321' title='bbox 1895 3320 1983 3375; x_wconf 87' lang='lat' dir='ltr'><strong>En</strong></span> <span class='ocrx_word' id='word_1_322' title='bbox 2032 3331 2313 3390; x_wconf 89' lang='lat' dir='ltr'><strong>causam,</strong></span> <span class='ocrx_word' id='word_1_323' title='bbox 2346 3331 2463 3374; x_wconf 92' lang='lat' dir='ltr'><strong>cur</strong></span> <span class='ocrx_word' id='word_1_324' title='bbox 2483 3315 2586 3390; x_wconf 86' lang='lat' dir='ltr'><strong>jus</strong></span> <span class='ocrx_word' id='word_1_325' title='bbox 2617 3314 3076 3373; x_wconf 85' lang='lat' dir='ltr'><strong>Justinianeum</strong></span> <span class='ocrx_word' id='word_1_326' title='bbox 3116 3329 3238 3386; x_wconf 90' lang='lat' dir='ltr'><strong>per</strong></span> 
     </span>
    </p>
   </div>
   <div class='ocr_carea' id='block_1_6' title="bbox 439 3498 3237 4249">
    <p class='ocr_par' dir='ltr' id='par_1_6' title="bbox 439 3498 3237 4249">
     <span class='ocr_line' id='line_1_31' title="bbox 509 3498 3226 3562; baseline 0.001 -14"><span class='ocrx_word' id='word_1_327' title='bbox 509 3499 557 3561; x_wconf 95' lang='grc'><strong>1)</strong></span> <span class='ocrx_word' id='word_1_328' title='bbox 599 3505 843 3560; x_wconf 82' lang='lat' dir='ltr'><strong>Pragmat.</strong></span> <span class='ocrx_word' id='word_1_329' title='bbox 876 3504 1075 3551; x_wconf 84' lang='lat' dir='ltr'><strong>Sanctio</strong></span> <span class='ocrx_word' id='word_1_330' title='bbox 1116 3503 1481 3559; x_wconf 70' lang='lat' dir='ltr'><strong>lustinianime</strong></span> <span class='ocrx_word' id='word_1_331' title='bbox 1521 3515 1565 3552; x_wconf 88' lang='lat' dir='ltr'><strong>a.</strong></span> <span class='ocrx_word' id='word_1_332' title='bbox 1601 3498 1801 3562; x_wconf 53' lang='lat' dir='ltr'><strong>fissae.</strong></span> <span class='ocrx_word' id='word_1_333' title='bbox 1866 3504 2038 3551; x_wconf 89' lang='lat' dir='ltr'><strong>dromo</strong></span> <span class='ocrx_word' id='word_1_334' title='bbox 2073 3516 2207 3562; x_wconf 91' lang='lat' dir='ltr'><strong>corp.</strong></span> <span class='ocrx_word' id='word_1_335' title='bbox 2240 3504 2281 3559; x_wconf 85' lang='lat' dir='ltr'><strong>j.</strong></span> <span class='ocrx_word' id='word_1_336' title='bbox 2324 3504 2416 3551; x_wconf 85' lang='lat' dir='ltr'><strong>civ.</strong></span> <span class='ocrx_word' id='word_1_337' title='bbox 2439 3502 2565 3561; x_wconf 68' lang='lat'><strong>342.</strong></span> <span class='ocrx_word' id='word_1_338' title='bbox 2602 3530 2662 3540; x_wconf 90' lang='lat'><em>-</em></span> <span class='ocrx_word' id='word_1_339' title='bbox 2707 3505 2781 3551; x_wconf 83' lang='lat' dir='ltr'><strong>Cf.</strong></span> <span class='ocrx_word' id='word_1_340' title='bbox 2805 3503 3046 3551; x_wconf 71' lang='lat' dir='ltr'><strong>Niebuhr</strong></span> <span class='ocrx_word' id='word_1_341' title='bbox 3082 3503 3226 3550; x_wconf 64' lang='lat' dir='ltr'><strong>Ram.</strong></span> 
     </span>
     <span class='ocr_line' id='line_1_32' title="bbox 445 3561 2436 3629; baseline 0.002 -20"><span class='ocrx_word' id='word_1_342' title='bbox 445 3561 529 3609; x_wconf 72' lang='lat' dir='ltr'><strong>xl.</strong></span> <span class='ocrx_word' id='word_1_343' title='bbox 556 3581 581 3608; x_wconf 77' lang='grc' dir='ltr'><strong>ιι</strong></span> <span class='ocrx_word' id='word_1_344' title='bbox 606 3566 720 3611; x_wconf 73' lang='lat' dir='ltr'><strong>,lura</strong></span> <span class='ocrx_word' id='word_1_345' title='bbox 748 3568 821 3611; x_wconf 83' lang='lat' dir='ltr'><strong>vel</strong></span> <span class='ocrx_word' id='word_1_346' title='bbox 851 3568 981 3623; x_wconf 81' lang='lat' dir='ltr'><strong>leges</strong></span> <span class='ocrx_word' id='word_1_347' title='bbox 1003 3565 1274 3615; x_wconf 75' lang='lat' dir='ltr'><strong>codicibus</strong></span> <span class='ocrx_word' id='word_1_348' title='bbox 1304 3566 1502 3613; x_wconf 73' lang='lat' dir='ltr'><strong>nostris</strong></span> <span class='ocrx_word' id='word_1_349' title='bbox 1532 3566 1767 3615; x_wconf 75' lang='lat' dir='ltr'><strong>inser-tas</strong></span> <span class='ocrx_word' id='word_1_350' title='bbox 1783 3601 1801 3629; x_wconf 88' lang='lat'><strong>,</strong></span> <span class='ocrx_word' id='word_1_351' title='bbox 1868 3568 2041 3615; x_wconf 84' lang='lat' dir='ltr'><strong>Gescb.</strong></span> <span class='ocrx_word' id='word_1_352' title='bbox 2064 3568 2124 3613; x_wconf 93' lang='lat' dir='ltr'><strong>ll.</strong></span> <span class='ocrx_word' id='word_1_353' title='bbox 2149 3579 2198 3624; x_wconf 89' lang='lat' dir='ltr'><strong>p.</strong></span> <span class='ocrx_word' id='word_1_354' title='bbox 2221 3564 2316 3614; x_wconf 86' lang='grc'><strong>540</strong></span> <span class='ocrx_word' id='word_1_355' title='bbox 2329 3579 2436 3627; x_wconf 88' lang='lat' dir='ltr'><strong>sqq.</strong></span> 
     </span>
     <span class='ocr_line' id='line_1_33' title="bbox 443 3626 3235 3691; baseline 0 -18"><span class='ocrx_word' id='word_1_356' title='bbox 443 3632 711 3684; x_wconf 75' lang='lat' dir='ltr'><strong>quaejam</strong></span> <span class='ocrx_word' id='word_1_357' title='bbox 732 3627 830 3673; x_wconf 79' lang='lat' dir='ltr'><strong>sub</strong></span> <span class='ocrx_word' id='word_1_358' title='bbox 853 3628 1067 3674; x_wconf 72' lang='lat' dir='ltr'><strong>edictali</strong></span> <span class='ocrx_word' id='word_1_359' title='bbox 1089 3633 1480 3689; x_wconf 60' lang='lat' dir='ltr'><strong>programmate</strong></span> <span class='ocrx_word' id='word_1_360' title='bbox 1502 3628 1557 3675; x_wconf 82' lang='lat' dir='ltr'><strong>in</strong></span> <span class='ocrx_word' id='word_1_361' title='bbox 1588 3630 1805 3677; x_wconf 74' lang='lat' dir='ltr'><strong>Italiam</strong></span> <span class='ocrx_word' id='word_1_362' title='bbox 1931 3626 1980 3686; x_wconf 90' lang='grc'><strong>6)</strong></span> <span class='ocrx_word' id='word_1_363' title='bbox 2021 3630 2147 3675; x_wconf 80' lang='lat' dir='ltr'><strong>Edit.</strong></span> <span class='ocrx_word' id='word_1_364' title='bbox 2171 3630 2348 3677; x_wconf 85' lang='lat' dir='ltr'><strong>noviss.</strong></span> <span class='ocrx_word' id='word_1_365' title='bbox 2366 3629 2837 3691; x_wconf 68' lang='lat' dir='ltr'><strong>insaniqnyiopere</strong></span> <span class='ocrx_word' id='word_1_366' title='bbox 2851 3629 2996 3675; x_wconf 87' lang='lat' dir='ltr'><strong>modo</strong></span> <span class='ocrx_word' id='word_1_367' title='bbox 3013 3628 3235 3674; x_wconf 87' lang='lat' dir='ltr'><strong>laudato.</strong></span> 
     </span>
     <span class='ocr_line' id='line_1_34' title="bbox 445 3687 3234 3753; baseline 0.001 -19"><span class='ocrx_word' id='word_1_368' title='bbox 445 3689 649 3736; x_wconf 80' lang='lat' dir='ltr'><strong>dudum</strong></span> <span class='ocrx_word' id='word_1_369' title='bbox 672 3688 907 3738; x_wconf 77' lang='lat' dir='ltr'><strong>misimus</strong></span> <span class='ocrx_word' id='word_1_370' title='bbox 929 3725 947 3753; x_wconf 86' lang='lat'><strong>,</strong></span> <span class='ocrx_word' id='word_1_371' title='bbox 981 3691 1203 3738; x_wconf 86' lang='lat' dir='ltr'><strong>obtinere</strong></span> <span class='ocrx_word' id='word_1_372' title='bbox 1224 3692 1465 3738; x_wconf 81' lang='lat' dir='ltr'><strong>sancimus</strong></span> <span class='ocrx_word' id='word_1_373' title='bbox 1492 3706 1502 3736; x_wconf 81' lang='lat' dir='ltr'>z</span> <span class='ocrx_word' id='word_1_374' title='bbox 1529 3690 1612 3736; x_wconf 84' lang='lat' dir='ltr'><strong>sed</strong></span> <span class='ocrx_word' id='word_1_375' title='bbox 1635 3697 1684 3738; x_wconf 89' lang='lat' dir='ltr'><strong>et</strong></span> <span class='ocrx_word' id='word_1_376' title='bbox 1705 3704 1807 3752; x_wconf 88' lang='lat' dir='ltr'><strong>eas,</strong></span> <span class='ocrx_word' id='word_1_377' title='bbox 1872 3692 1931 3738; x_wconf 90' lang='lat' dir='ltr'><strong>ll.</strong></span> <span class='ocrx_word' id='word_1_378' title='bbox 1955 3704 2002 3749; x_wconf 88' lang='lat' dir='ltr'><strong>p.</strong></span> <span class='ocrx_word' id='word_1_379' title='bbox 2028 3689 2122 3739; x_wconf 89' lang='grc'><strong>297</strong></span> <span class='ocrx_word' id='word_1_380' title='bbox 2141 3716 2201 3724; x_wconf 85' lang='grc'>-</span> <span class='ocrx_word' id='word_1_381' title='bbox 2221 3690 2332 3738; x_wconf 78' lang='grc'><strong>592.</strong></span> <span class='ocrx_word' id='word_1_382' title='bbox 2355 3717 2414 3727; x_wconf 89' lang='lat'>-</span> <span class='ocrx_word' id='word_1_383' title='bbox 2430 3695 2505 3740; x_wconf 80' lang='lat' dir='ltr'><strong>Cf.</strong></span> <span class='ocrx_word' id='word_1_384' title='bbox 2529 3695 2648 3741; x_wconf 82' lang='lat' dir='ltr'><strong>ibid.</strong></span> <span class='ocrx_word' id='word_1_385' title='bbox 2674 3706 2722 3752; x_wconf 88' lang='lat' dir='ltr'><strong>p.</strong></span> <span class='ocrx_word' id='word_1_386' title='bbox 2750 3687 3034 3741; x_wconf 63' lang='lat' dir='ltr'><strong>iao—¹55.</strong></span> <span class='ocrx_word' id='word_1_387' title='bbox 3065 3691 3123 3735; x_wconf 96' lang='grc' dir='ltr'><strong>Τ.</strong></span> <span class='ocrx_word' id='word_1_388' title='bbox 3148 3691 3234 3737; x_wconf 84' lang='lat'><strong>111.</strong></span> 
     </span>
     <span class='ocr_line' id='line_1_35' title="bbox 442 3751 3236 3815; baseline 0.001 -21"><span class='ocrx_word' id='word_1_389' title='bbox 442 3764 564 3808; x_wconf 84' lang='lat' dir='ltr'><strong>quas</strong></span> <span class='ocrx_word' id='word_1_390' title='bbox 603 3757 766 3810; x_wconf 79' lang='lat' dir='ltr'><strong>postea</strong></span> <span class='ocrx_word' id='word_1_391' title='bbox 786 3754 1201 3812; x_wconf 72' lang='lat' dir='ltr'><strong>promulgavimus</strong></span> <span class='ocrx_word' id='word_1_392' title='bbox 1232 3754 1602 3801; x_wconf 84' lang='lat' dir='ltr'><strong>constitutiones</strong></span> <span class='ocrx_word' id='word_1_393' title='bbox 1621 3788 1634 3812; x_wconf 89' lang='lat'><strong>,</strong></span> <span class='ocrx_word' id='word_1_394' title='bbox 1658 3754 1801 3809; x_wconf 84' lang='lat' dir='ltr'><strong>jube·</strong></span> <span class='ocrx_word' id='word_1_395' title='bbox 1863 3766 1914 3812; x_wconf 91' lang='lat' dir='ltr'><strong>p.</strong></span> <span class='ocrx_word' id='word_1_396' title='bbox 1937 3751 2033 3801; x_wconf 83' lang='grc'><strong>662</strong></span> <span class='ocrx_word' id='word_1_397' title='bbox 2055 3778 2114 3788; x_wconf 92' lang='grc'>-</span> <span class='ocrx_word' id='word_1_398' title='bbox 2135 3751 2248 3800; x_wconf 82' lang='grc'><strong>664.</strong></span> <span class='ocrx_word' id='word_1_399' title='bbox 2268 3779 2325 3788; x_wconf 89' lang='grc'><strong>--</strong></span> <span class='ocrx_word' id='word_1_400' title='bbox 2354 3757 2508 3815; x_wconf 75' lang='lat' dir='ltr'><strong>Huqo</strong></span> <span class='ocrx_word' id='word_1_401' title='bbox 2530 3756 2704 3804; x_wconf 85' lang='lat' dir='ltr'><strong>Gesch.</strong></span> <span class='ocrx_word' id='word_1_402' title='bbox 2720 3756 2769 3802; x_wconf 90' lang='lat' dir='ltr'><strong>d.</strong></span> <span class='ocrx_word' id='word_1_403' title='bbox 2783 3755 2919 3799; x_wconf 72' lang='lat' dir='ltr'><strong>Rom.</strong></span> <span class='ocrx_word' id='word_1_404' title='bbox 2955 3752 3130 3799; x_wconf 76' lang='lat' dir='ltr'><strong>Rechts</strong></span> <span class='ocrx_word' id='word_1_405' title='bbox 3141 3752 3236 3798; x_wconf 88' lang='lat' dir='ltr'><strong>seit</strong></span> 
     </span>
     <span class='ocr_line' id='line_1_36' title="bbox 441 3814 2579 3875; baseline 0.003 -17"><span class='ocrx_word' id='word_1_406' title='bbox 441 3825 551 3859; x_wconf 88' lang='lat' dir='ltr'><strong>mus</strong></span> <span class='ocrx_word' id='word_1_407' title='bbox 589 3814 679 3860; x_wconf 83' lang='lat' dir='ltr'><strong>sub</strong></span> <span class='ocrx_word' id='word_1_408' title='bbox 696 3815 889 3862; x_wconf 85' lang='lat' dir='ltr'><strong>edictali</strong></span> <span class='ocrx_word' id='word_1_409' title='bbox 909 3817 1256 3874; x_wconf 79' lang='lat' dir='ltr'><strong>propositione,</strong></span> <span class='ocrx_word' id='word_1_410' title='bbox 1275 3827 1333 3861; x_wconf 84' lang='lat' dir='ltr'><strong>ex</strong></span> <span class='ocrx_word' id='word_1_411' title='bbox 1353 3828 1411 3862; x_wconf 88' lang='lat' dir='ltr'><strong>eo</strong></span> <span class='ocrx_word' id='word_1_412' title='bbox 1435 3822 1681 3874; x_wconf 85' lang='lat' dir='ltr'><strong>tempore,</strong></span> <span class='ocrx_word' id='word_1_413' title='bbox 1704 3827 1803 3875; x_wconf 87' lang='lat' dir='ltr'><strong>quo</strong></span> <span class='ocrx_word' id='word_1_414' title='bbox 1867 3817 2125 3863; x_wconf 63' lang='lat' dir='ltr'><strong>justinian.</strong></span> <span class='ocrx_word' id='word_1_415' title='bbox 2147 3815 2244 3873; x_wconf 73' lang='lat' dir='ltr'><strong>(2oe</strong></span> <span class='ocrx_word' id='word_1_416' title='bbox 2265 3818 2392 3863; x_wconf 79' lang='lat' dir='ltr'><strong>Aufl.</strong></span> <span class='ocrx_word' id='word_1_417' title='bbox 2417 3817 2433 3874; x_wconf 96' lang='lat'>)</span> <span class='ocrx_word' id='word_1_418' title='bbox 2455 3821 2481 3874; x_wconf 69' lang='lat'><strong>3</strong></span> <span class='ocrx_word' id='word_1_419' title='bbox 2500 3816 2579 3864; x_wconf 82' lang='grc'><strong>69.</strong></span> 
     </span>
     <span class='ocr_line' id='line_1_37' title="bbox 443 3876 3236 3938; baseline 0 -18"><span class='ocrx_word' id='word_1_420' title='bbox 443 3876 534 3922; x_wconf 84' lang='lat' dir='ltr'><strong>sub</strong></span> <span class='ocrx_word' id='word_1_421' title='bbox 556 3877 745 3923; x_wconf 85' lang='lat' dir='ltr'><strong>edictali</strong></span> <span class='ocrx_word' id='word_1_422' title='bbox 774 3885 1131 3936; x_wconf 81' lang='lat' dir='ltr'><strong>programmate</strong></span> <span class='ocrx_word' id='word_1_423' title='bbox 1165 3879 1388 3935; x_wconf 82' lang='lat' dir='ltr'><strong>evulgata</strong></span> <span class='ocrx_word' id='word_1_424' title='bbox 1420 3879 1633 3938; x_wconf 76' lang='lat' dir='ltr'><strong>fuerint,</strong></span> <span class='ocrx_word' id='word_1_425' title='bbox 1655 3880 1805 3925; x_wconf 88' lang='lat' dir='ltr'><strong>etiam</strong></span> <span class='ocrx_word' id='word_1_426' title='bbox 1930 3877 1979 3934; x_wconf 85' lang='grc'><strong>7)</strong></span> <span class='ocrx_word' id='word_1_427' title='bbox 2021 3881 2086 3925; x_wconf 87' lang='lat' dir='ltr'><strong>De</strong></span> <span class='ocrx_word' id='word_1_428' title='bbox 2107 3878 2250 3934; x_wconf 83' lang='lat' dir='ltr'><strong>hujus</strong></span> <span class='ocrx_word' id='word_1_429' title='bbox 2272 3879 2382 3925; x_wconf 85' lang='lat' dir='ltr'><strong>libri</strong></span> <span class='ocrx_word' id='word_1_430' title='bbox 2406 3881 2595 3927; x_wconf 84' lang='lat' dir='ltr'><strong>ratione</strong></span> <span class='ocrx_word' id='word_1_431' title='bbox 2611 3886 2760 3938; x_wconf 86' lang='lat' dir='ltr'><strong>atque</strong></span> <span class='ocrx_word' id='word_1_432' title='bbox 2782 3878 2966 3935; x_wconf 87' lang='lat' dir='ltr'><strong>indole,</strong></span> <span class='ocrx_word' id='word_1_433' title='bbox 2988 3876 3236 3935; x_wconf 83' lang='lat' dir='ltr'><strong>fontibus,</strong></span> 
     </span>
     <span class='ocr_line' id='line_1_38' title="bbox 444 3937 3235 4001; baseline 0 -18"><span class='ocrx_word' id='word_1_434' title='bbox 444 3950 530 3995; x_wconf 85' lang='lat' dir='ltr'><strong>per</strong></span> <span class='ocrx_word' id='word_1_435' title='bbox 543 3944 703 3996; x_wconf 84' lang='lat' dir='ltr'><strong>partes</strong></span> <span class='ocrx_word' id='word_1_436' title='bbox 744 3939 909 3987; x_wconf 84' lang='lat' dir='ltr'><strong>ltaliae</strong></span> <span class='ocrx_word' id='word_1_437' title='bbox 928 3941 1165 3988; x_wconf 86' lang='lat' dir='ltr'><strong>obtinere.</strong></span> <span class='ocrx_word' id='word_1_438' title='bbox 1195 3956 1219 3983; x_wconf 77' lang='lat' dir='ltr'><strong>n</strong></span> <span class='ocrx_word' id='word_1_439' title='bbox 1246 3952 1296 3986; x_wconf 88' lang='lat' dir='ltr'><strong>v.</strong></span> <span class='ocrx_word' id='word_1_440' title='bbox 1322 3942 1577 4001; x_wconf 61' lang='lat' dir='ltr'><strong>Saviqny,</strong></span> <span class='ocrx_word' id='word_1_441' title='bbox 1611 3954 1660 3999; x_wconf 88' lang='lat' dir='ltr'><strong>p.</strong></span> <span class='ocrx_word' id='word_1_442' title='bbox 1695 3938 1806 3988; x_wconf 84' lang='grc'><strong>174.</strong></span> <span class='ocrx_word' id='word_1_443' title='bbox 1871 3940 2008 3987; x_wconf 87' lang='lat' dir='ltr'><strong>libris</strong></span> <span class='ocrx_word' id='word_1_444' title='bbox 2028 3942 2220 3999; x_wconf 88' lang='lat' dir='ltr'><strong>scriptis</strong></span> <span class='ocrx_word' id='word_1_445' title='bbox 2241 3953 2330 3988; x_wconf 87' lang='lat' dir='ltr'><strong>nec</strong></span> <span class='ocrx_word' id='word_1_446' title='bbox 2351 3954 2448 3988; x_wconf 87' lang='lat' dir='ltr'><strong>non</strong></span> <span class='ocrx_word' id='word_1_447' title='bbox 2480 3943 2608 4001; x_wconf 78' lang='lat' dir='ltr'><strong>typis</strong></span> <span class='ocrx_word' id='word_1_448' title='bbox 2627 3941 2864 3998; x_wconf 78' lang='lat' dir='ltr'><strong>evulgatis</strong></span> <span class='ocrx_word' id='word_1_449' title='bbox 2887 3939 2983 3984; x_wconf 86' lang='lat' dir='ltr'><strong>vid.</strong></span> <span class='ocrx_word' id='word_1_450' title='bbox 3009 3951 3058 3984; x_wconf 90' lang='lat' dir='ltr'><strong>v.</strong></span> <span class='ocrx_word' id='word_1_451' title='bbox 3082 3937 3235 3985; x_wconf 82' lang='lat' dir='ltr'><strong>Savi-</strong></span> 
     </span>
     <span class='ocr_line' id='line_1_39' title="bbox 441 3999 3234 4062; baseline -0 -16"><span class='ocrx_word' id='word_1_452' title='bbox 441 3999 642 4047; x_wconf 74' lang='lat' dir='ltr'><strong>Be‘ener</strong></span> <span class='ocrx_word' id='word_1_453' title='bbox 657 4000 828 4048; x_wconf 85' lang='lat' dir='ltr'><strong>Gescb.</strong></span> <span class='ocrx_word' id='word_1_454' title='bbox 874 4006 921 4051; x_wconf 89' lang='lat' dir='ltr'><strong>d.</strong></span> <span class='ocrx_word' id='word_1_455' title='bbox 951 4004 1067 4049; x_wconf 80' lang='lat' dir='ltr'><strong>Nov.</strong></span> <span class='ocrx_word' id='word_1_456' title='bbox 1102 4003 1276 4049; x_wconf 66' lang='lat' dir='ltr'><strong>lustin.</strong></span> <span class='ocrx_word' id='word_1_457' title='bbox 1303 4014 1352 4060; x_wconf 87' lang='lat' dir='ltr'><strong>p.</strong></span> <span class='ocrx_word' id='word_1_458' title='bbox 1374 4001 1468 4051; x_wconf 76' lang='grc'><strong>224</strong></span> <span class='ocrx_word' id='word_1_459' title='bbox 1489 4028 1549 4035; x_wconf 89' lang='grc'>-</span> <span class='ocrx_word' id='word_1_460' title='bbox 1572 4003 1686 4051; x_wconf 86' lang='grc'><strong>227.</strong></span> <span class='ocrx_word' id='word_1_461' title='bbox 1874 4015 1985 4062; x_wconf 77' lang='lat' dir='ltr'><strong>qny·</strong></span> <span class='ocrx_word' id='word_1_462' title='bbox 2007 4005 2042 4050; x_wconf 92' lang='lat' dir='ltr'><strong>l.</strong></span> <span class='ocrx_word' id='word_1_463' title='bbox 2063 4005 2094 4050; x_wconf 93' lang='lat' dir='ltr'><strong>l.</strong></span> <span class='ocrx_word' id='word_1_464' title='bbox 2117 4016 2165 4062; x_wconf 90' lang='lat' dir='ltr'><strong>p.</strong></span> <span class='ocrx_word' id='word_1_465' title='bbox 2185 4001 2604 4053; x_wconf 74' lang='lat' dir='ltr'><strong>238—256.—cr.</strong></span> <span class='ocrx_word' id='word_1_466' title='bbox 2625 4001 3114 4058; x_wconf 76' lang='lat' dir='ltr'><strong>Cmmeridispunct.</strong></span> <span class='ocrx_word' id='word_1_467' title='bbox 3129 4001 3234 4057; x_wconf 80' lang='lat' dir='ltr'><strong>jur.</strong></span> 
     </span>
     <span class='ocr_line' id='line_1_40' title="bbox 504 4061 3233 4126; baseline 0.001 -18"><span class='ocrx_word' id='word_1_468' title='bbox 504 4061 553 4117; x_wconf 86' lang='grc'><strong>2)</strong></span> <span class='ocrx_word' id='word_1_469' title='bbox 588 4065 772 4109; x_wconf 79' lang='lat' dir='ltr'><strong>v.Savt‘</strong></span> <span class='ocrx_word' id='word_1_470' title='bbox 812 4068 988 4122; x_wconf 63' lang='lat' dir='ltr'><strong>arm.</strong></span> <span class='ocrx_word' id='word_1_471' title='bbox 1016 4061 1464 4126; x_wconf 72' lang='grc' dir='ltr'><strong>11.[ι.175-·186.</strong></span> <span class='ocrx_word' id='word_1_472' title='bbox 1491 4062 1585 4113; x_wconf 76' lang='grc'><strong>195</strong></span> <span class='ocrx_word' id='word_1_473' title='bbox 1606 4062 1805 4111; x_wconf 83' lang='grc'><strong>-196,</strong></span> <span class='ocrx_word' id='word_1_474' title='bbox 1877 4067 2003 4113; x_wconf 87' lang='lat' dir='ltr'><strong>civil.</strong></span> <span class='ocrx_word' id='word_1_475' title='bbox 2045 4078 2088 4112; x_wconf 94' lang='lat' dir='ltr'><strong>c.</strong></span> <span class='ocrx_word' id='word_1_476' title='bbox 2138 4064 2215 4112; x_wconf 87' lang='grc'><strong>12.</strong></span> <span class='ocrx_word' id='word_1_477' title='bbox 2261 4067 2686 4125; x_wconf 79' lang='lat' dir='ltr'><strong>Pervulgatissima</strong></span> <span class='ocrx_word' id='word_1_478' title='bbox 2727 4066 2917 4112; x_wconf 83' lang='lat' dir='ltr'><strong>videtur</strong></span> <span class='ocrx_word' id='word_1_479' title='bbox 2956 4074 3060 4109; x_wconf 85' lang='lat' dir='ltr'><strong>esse</strong></span> <span class='ocrx_word' id='word_1_480' title='bbox 3077 4066 3145 4109; x_wconf 81' lang='grc' dir='ltr'><strong>Η.</strong></span> <span class='ocrx_word' id='word_1_481' title='bbox 3180 4065 3233 4110; x_wconf 85' lang='lat' dir='ltr'><strong>C.</strong></span> 
     </span>
     <span class='ocr_line' id='line_1_41' title="bbox 442 4122 3236 4188; baseline -0.001 -16"><span class='ocrx_word' id='word_1_482' title='bbox 442 4122 536 4172; x_wconf 84' lang='grc'><strong>205</strong></span> <span class='ocrx_word' id='word_1_483' title='bbox 559 4149 617 4157; x_wconf 92' lang='lat'>-</span> <span class='ocrx_word' id='word_1_484' title='bbox 634 4123 745 4171; x_wconf 68' lang='grc'><strong>224.</strong></span> <span class='ocrx_word' id='word_1_485' title='bbox 801 4127 861 4174; x_wconf 74' lang='grc'><strong>27</strong></span> <span class='ocrx_word' id='word_1_486' title='bbox 880 4154 941 4162; x_wconf 87' lang='grc'>-</span> <span class='ocrx_word' id='word_1_487' title='bbox 967 4126 1082 4175; x_wconf 81' lang='grc'><strong>257.</strong></span> <span class='ocrx_word' id='word_1_488' title='bbox 1115 4127 1208 4184; x_wconf 77' lang='lat' dir='ltr'><strong>(Cf.</strong></span> <span class='ocrx_word' id='word_1_489' title='bbox 1235 4129 1272 4172; x_wconf 90' lang='lat' dir='ltr'><strong>l.</strong></span> <span class='ocrx_word' id='word_1_490' title='bbox 1294 4138 1342 4184; x_wconf 89' lang='lat' dir='ltr'><strong>p.</strong></span> <span class='ocrx_word' id='word_1_491' title='bbox 1366 4125 1595 4185; x_wconf 71' lang='lat'><strong>563.)256</strong></span> <span class='ocrx_word' id='word_1_492' title='bbox 1612 4154 1672 4161; x_wconf 89' lang='lat'>—</span> <span class='ocrx_word' id='word_1_493' title='bbox 1695 4126 1808 4174; x_wconf 90' lang='grc'><strong>260.</strong></span> <span class='ocrx_word' id='word_1_494' title='bbox 1875 4126 2279 4188; x_wconf 74' lang='lat' dir='ltr'><strong>Senekenberqii</strong></span> <span class='ocrx_word' id='word_1_495' title='bbox 2317 4131 2466 4176; x_wconf 85' lang='lat' dir='ltr'><strong>editio</strong></span> <span class='ocrx_word' id='word_1_496' title='bbox 2519 4129 2667 4187; x_wconf 78' lang='lat' dir='ltr'><strong>(Fi-cf.</strong></span> <span class='ocrx_word' id='word_1_497' title='bbox 2704 4134 2751 4174; x_wconf 86' lang='lat' dir='ltr'><strong>et</strong></span> <span class='ocrx_word' id='word_1_498' title='bbox 2797 4127 2927 4184; x_wconf 81' lang='lat' dir='ltr'><strong>Lips.</strong></span> <span class='ocrx_word' id='word_1_499' title='bbox 2965 4123 3106 4173; x_wconf 77' lang='grc'><strong>1743.</strong></span> <span class='ocrx_word' id='word_1_500' title='bbox 3129 4123 3236 4186; x_wconf 87' lang='grc'><strong>4.),</strong></span> 
     </span>
     <span class='ocr_line' id='line_1_42' title="bbox 439 4186 3237 4249; baseline 0.002 -18"><span class='ocrx_word' id='word_1_501' title='bbox 439 4212 504 4222; x_wconf 90' lang='grc'><strong>-</strong></span> <span class='ocrx_word' id='word_1_502' title='bbox 546 4186 742 4232; x_wconf 75' lang='lat' dir='ltr'><strong>Bienor</strong></span> <span class='ocrx_word' id='word_1_503' title='bbox 773 4192 806 4236; x_wconf 89' lang='lat' dir='ltr'><strong>l.</strong></span> <span class='ocrx_word' id='word_1_504' title='bbox 845 4192 879 4236; x_wconf 95' lang='lat' dir='ltr'><strong>l.</strong></span> <span class='ocrx_word' id='word_1_505' title='bbox 906 4203 954 4248; x_wconf 91' lang='lat' dir='ltr'><strong>p.</strong></span> <span class='ocrx_word' id='word_1_506' title='bbox 978 4189 1142 4239; x_wconf 86' lang='grc'><strong>227-</strong></span> <span class='ocrx_word' id='word_1_507' title='bbox 1165 4187 1280 4236; x_wconf 83' lang='grc'><strong>242.</strong></span> <span class='ocrx_word' id='word_1_508' title='bbox 1299 4213 1359 4221; x_wconf 85' lang='grc'>-</span> <span class='ocrx_word' id='word_1_509' title='bbox 1381 4191 1456 4236; x_wconf 80' lang='lat' dir='ltr'><strong>Cf.</strong></span> <span class='ocrx_word' id='word_1_510' title='bbox 1486 4189 1811 4239; x_wconf 76' lang='lat' dir='ltr'><strong>Heineccius</strong></span> <span class='ocrx_word' id='word_1_511' title='bbox 1876 4202 2000 4248; x_wconf 86' lang='lat' dir='ltr'><strong>quae</strong></span> <span class='ocrx_word' id='word_1_512' title='bbox 2025 4191 2248 4237; x_wconf 87' lang='lat' dir='ltr'><strong>tamenin</strong></span> <span class='ocrx_word' id='word_1_513' title='bbox 2271 4190 2377 4247; x_wconf 84' lang='lat' dir='ltr'><strong>ipso</strong></span> <span class='ocrx_word' id='word_1_514' title='bbox 2399 4190 2511 4238; x_wconf 86' lang='lat' dir='ltr'><strong>libri</strong></span> <span class='ocrx_word' id='word_1_515' title='bbox 2535 4193 2680 4238; x_wconf 88' lang='lat' dir='ltr'><strong>titulo</strong></span> <span class='ocrx_word' id='word_1_516' title='bbox 2700 4189 2887 4246; x_wconf 78' lang='lat' dir='ltr'><strong>insigne</strong></span> <span class='ocrx_word' id='word_1_517' title='bbox 2906 4188 3237 4249; x_wconf 77' lang='lat' dir='ltr'><strong>negligentiae</strong></span> 
     </span>
    </p>
   </div>
   <div class='ocr_carea' id='block_1_7' title="bbox 440 4249 3240 4438">
    <p class='ocr_par' dir='ltr' id='par_1_7' title="bbox 440 4249 3240 4438">
     <span class='ocr_line' id='line_1_43' title="bbox 440 4249 3240 4313; baseline 0 -16"><span class='ocrx_word' id='word_1_518' title='bbox 440 4251 789 4307; x_wconf 76' lang='lat' dir='ltr'><strong>Riuerusque</strong></span> <span class='ocrx_word' id='word_1_519' title='bbox 810 4250 856 4296; x_wconf 91' lang='lat' dir='ltr'><strong>in</strong></span> <span class='ocrx_word' id='word_1_520' title='bbox 882 4252 995 4300; x_wconf 88' lang='lat' dir='ltr'><strong>bist.</strong></span> <span class='ocrx_word' id='word_1_521' title='bbox 1016 4256 1118 4310; x_wconf 87' lang='lat' dir='ltr'><strong>jur.</strong></span> <span class='ocrx_word' id='word_1_522' title='bbox 1141 4254 1280 4299; x_wconf 80' lang='lat' dir='ltr'><strong>Rom.</strong></span> <span class='ocrx_word' id='word_1_523' title='bbox 1302 4249 1328 4301; x_wconf 81' lang='lat' dir='ltr'><strong>S</strong></span> <span class='ocrx_word' id='word_1_524' title='bbox 1367 4250 1479 4299; x_wconf 81' lang='grc'><strong>411.</strong></span> <span class='ocrx_word' id='word_1_525' title='bbox 1875 4253 2119 4310; x_wconf 81' lang='lat' dir='ltr'><strong>specimen</strong></span> <span class='ocrx_word' id='word_1_526' title='bbox 2163 4253 2407 4312; x_wconf 83' lang='lat' dir='ltr'><strong>praefert,</strong></span> <span class='ocrx_word' id='word_1_527' title='bbox 2446 4253 2624 4313; x_wconf 84' lang='lat' dir='ltr'><strong>quippe</strong></span> <span class='ocrx_word' id='word_1_528' title='bbox 2668 4252 3020 4309; x_wconf 76' lang='lat' dir='ltr'><strong>Brachylogum</strong></span> <span class='ocrx_word' id='word_1_529' title='bbox 3061 4263 3240 4309; x_wconf 86' lang='lat' dir='ltr'><strong>eorpus</strong></span> 
     </span>
     <span class='ocr_line' id='line_1_44' title="bbox 502 4310 3234 4373; baseline 0.001 -16"><span class='ocrx_word' id='word_1_530' title='bbox 502 4310 551 4367; x_wconf 76' lang='lat'><strong>5)</strong></span> <span class='ocrx_word' id='word_1_531' title='bbox 598 4321 649 4356; x_wconf 86' lang='lat' dir='ltr'><strong>v.</strong></span> <span class='ocrx_word' id='word_1_532' title='bbox 692 4313 928 4371; x_wconf 53' lang='lat' dir='ltr'><strong>Sam‘yrv‘</strong></span> <span class='ocrx_word' id='word_1_533' title='bbox 948 4318 978 4360; x_wconf 90' lang='grc' dir='ltr'><strong>Ι.</strong></span> <span class='ocrx_word' id='word_1_534' title='bbox 1002 4319 1037 4364; x_wconf 92' lang='lat' dir='ltr'><strong>l.</strong></span> <span class='ocrx_word' id='word_1_535' title='bbox 1066 4319 1121 4363; x_wconf 87' lang='lat' dir='ltr'><strong>ll.</strong></span> <span class='ocrx_word' id='word_1_536' title='bbox 1147 4328 1197 4373; x_wconf 86' lang='lat' dir='ltr'><strong>p.</strong></span> <span class='ocrx_word' id='word_1_537' title='bbox 1220 4313 1327 4362; x_wconf 85' lang='grc'><strong>109.</strong></span> <span class='ocrx_word' id='word_1_538' title='bbox 1355 4312 1463 4362; x_wconf 88' lang='grc'><strong>110.</strong></span> <span class='ocrx_word' id='word_1_539' title='bbox 1486 4311 1597 4361; x_wconf 90' lang='grc'><strong>118.</strong></span> <span class='ocrx_word' id='word_1_540' title='bbox 1627 4313 1723 4363; x_wconf 88' lang='grc'><strong>126</strong></span> <span class='ocrx_word' id='word_1_541' title='bbox 1743 4339 1802 4349; x_wconf 91' lang='lat'><strong>-·</strong></span> <span class='ocrx_word' id='word_1_542' title='bbox 1868 4313 2032 4372; x_wconf 78' lang='lat' dir='ltr'><strong>legum</strong></span> <span class='ocrx_word' id='word_1_543' title='bbox 2055 4326 2159 4361; x_wconf 82' lang='lat' dir='ltr'><strong>esse</strong></span> <span class='ocrx_word' id='word_1_544' title='bbox 2176 4313 2342 4372; x_wconf 74' lang='lat' dir='ltr'><strong>paulo</strong></span> <span class='ocrx_word' id='word_1_545' title='bbox 2358 4315 2854 4373; x_wconf 67' lang='lat' dir='ltr'><strong>pose-Iustinianum</strong></span> <span class='ocrx_word' id='word_1_546' title='bbox 2871 4313 3234 4370; x_wconf 74' lang='lat' dir='ltr'><strong>conscriptum</strong></span> 
     </span>
     <span class='ocr_line' id='line_1_45' title="bbox 442 4372 3236 4438; baseline 0.001 -18"><span class='ocrx_word' id='word_1_547' title='bbox 442 4372 552 4421; x_wconf 86' lang='grc'><strong>129.</strong></span> <span class='ocrx_word' id='word_1_548' title='bbox 579 4373 745 4427; x_wconf 83' lang='lat' dir='ltr'><strong>-(Cf.</strong></span> <span class='ocrx_word' id='word_1_549' title='bbox 774 4387 881 4432; x_wconf 84' lang='lat' dir='ltr'><strong>cap.</strong></span> <span class='ocrx_word' id='word_1_550' title='bbox 906 4378 1005 4424; x_wconf 82' lang='lat' dir='ltr'><strong>XV.</strong></span> <span class='ocrx_word' id='word_1_551' title='bbox 1024 4391 1071 4436; x_wconf 89' lang='lat' dir='ltr'><strong>p.</strong></span> <span class='ocrx_word' id='word_1_552' title='bbox 1096 4375 1183 4424; x_wconf 83' lang='grc'><strong>261</strong></span> <span class='ocrx_word' id='word_1_553' title='bbox 1213 4402 1273 4411; x_wconf 93' lang='lat'><strong>—-</strong></span> <span class='ocrx_word' id='word_1_554' title='bbox 1296 4374 1427 4434; x_wconf 79' lang='grc'><strong>294.)</strong></span> <span class='ocrx_word' id='word_1_555' title='bbox 1867 4382 2136 4424; x_wconf 83' lang='lat' dir='ltr'><strong>ostentans.</strong></span> <span class='ocrx_word' id='word_1_556' title='bbox 2168 4376 2261 4432; x_wconf 83' lang='lat' dir='ltr'><strong>(Cf.</strong></span> <span class='ocrx_word' id='word_1_557' title='bbox 2294 4377 2511 4438; x_wconf 76' lang='lat' dir='ltr'><strong>Brachyl.</strong></span> <span class='ocrx_word' id='word_1_558' title='bbox 2552 4380 2655 4426; x_wconf 77' lang='lat' dir='ltr'><strong>Lib.</strong></span> <span class='ocrx_word' id='word_1_559' title='bbox 2681 4378 2762 4424; x_wconf 84' lang='lat' dir='ltr'><strong>tv.</strong></span> <span class='ocrx_word' id='word_1_560' title='bbox 2784 4388 2830 4423; x_wconf 89' lang='lat' dir='ltr'><strong>c.</strong></span> <span class='ocrx_word' id='word_1_561' title='bbox 2855 4373 2904 4422; x_wconf 74' lang='grc' dir='ltr'><strong>ὅ.</strong></span> <span class='ocrx_word' id='word_1_562' title='bbox 2928 4379 2954 4433; x_wconf 72' lang='lat' dir='ltr'><strong>g</strong></span> <span class='ocrx_word' id='word_1_563' title='bbox 2977 4375 3055 4423; x_wconf 89' lang='grc'><strong>12.</strong></span> <span class='ocrx_word' id='word_1_564' title='bbox 3081 4400 3141 4409; x_wconf 91' lang='grc'><strong>-</strong></span> <span class='ocrx_word' id='word_1_565' title='bbox 3173 4388 3236 4423; x_wconf 82' lang='lat' dir='ltr'><strong>ex</strong></span> 
     </span>
    </p>
   </div>
   <div class='ocr_carea' id='block_1_8' title="bbox 436 4434 3244 4936">
    <p class='ocr_par' dir='ltr' id='par_1_8' title="bbox 436 4434 3239 4623">
     <span class='ocr_line' id='line_1_46' title="bbox 503 4434 3239 4498; baseline 0 -14"><span class='ocrx_word' id='word_1_566' title='bbox 503 4434 552 4494; x_wconf 74' lang='lat'><strong>4)</strong></span> <span class='ocrx_word' id='word_1_567' title='bbox 591 4435 697 4481; x_wconf 84' lang='lat' dir='ltr'><strong>vid.</strong></span> <span class='ocrx_word' id='word_1_568' title='bbox 717 4437 979 4485; x_wconf 79' lang='lat' dir='ltr'><strong>Ritlerum</strong></span> <span class='ocrx_word' id='word_1_569' title='bbox 1004 4440 1064 4485; x_wconf 86' lang='lat' dir='ltr'><strong>ad</strong></span> <span class='ocrx_word' id='word_1_570' title='bbox 1082 4438 1328 4487; x_wconf 79' lang='lat' dir='ltr'><strong>Hefnecc.</strong></span> <span class='ocrx_word' id='word_1_571' title='bbox 1352 4440 1463 4486; x_wconf 86' lang='lat' dir='ltr'><strong>hist.</strong></span> <span class='ocrx_word' id='word_1_572' title='bbox 1479 4440 1579 4496; x_wconf 85' lang='lat' dir='ltr'><strong>jur.</strong></span> <span class='ocrx_word' id='word_1_573' title='bbox 1605 4441 1645 4486; x_wconf 86' lang='lat' dir='ltr'><strong>t.</strong></span> <span class='ocrx_word' id='word_1_574' title='bbox 1667 4443 1692 4497; x_wconf 72' lang='grc' dir='ltr'>ς</span> <span class='ocrx_word' id='word_1_575' title='bbox 1711 4437 1805 4485; x_wconf 80' lang='grc'><strong>405</strong></span> <span class='ocrx_word' id='word_1_576' title='bbox 1869 4439 1988 4485; x_wconf 87' lang='lat' dir='ltr'><strong>edit.</strong></span> <span class='ocrx_word' id='word_1_577' title='bbox 2025 4439 2317 4498; x_wconf 75' lang='lat' dir='ltr'><strong>Boecklnqiae·</strong></span> <span class='ocrx_word' id='word_1_578' title='bbox 2350 4441 2448 4487; x_wconf 83' lang='lat' dir='ltr'><strong>Tit.</strong></span> <span class='ocrx_word' id='word_1_579' title='bbox 2471 4442 2550 4487; x_wconf 87' lang='lat' dir='ltr'><strong>lV.</strong></span> <span class='ocrx_word' id='word_1_580' title='bbox 2576 4445 2602 4498; x_wconf 81' lang='grc' dir='ltr'><strong>ς</strong></span> <span class='ocrx_word' id='word_1_581' title='bbox 2626 4437 2684 4488; x_wconf 90' lang='grc'><strong>18</strong></span> <span class='ocrx_word' id='word_1_582' title='bbox 2704 4464 2763 4473; x_wconf 90' lang='lat'>-</span> <span class='ocrx_word' id='word_1_583' title='bbox 2786 4440 2836 4485; x_wconf 87' lang='lat' dir='ltr'><strong>in</strong></span> <span class='ocrx_word' id='word_1_584' title='bbox 2871 4438 2930 4494; x_wconf 81' lang='lat' dir='ltr'><strong>f.)</strong></span> <span class='ocrx_word' id='word_1_585' title='bbox 2972 4463 3033 4471; x_wconf 92' lang='lat'>—</span> <span class='ocrx_word' id='word_1_586' title='bbox 3050 4437 3239 4496; x_wconf 83' lang='lat' dir='ltr'><strong>Corpus</strong></span> 
     </span>
     <span class='ocr_line' id='line_1_47' title="bbox 441 4498 3239 4564; baseline 0.001 -20"><span class='ocrx_word' id='word_1_587' title='bbox 441 4502 490 4544; x_wconf 91' lang='lat' dir='ltr'><strong>et</strong></span> <span class='ocrx_word' id='word_1_588' title='bbox 512 4511 561 4544; x_wconf 91' lang='lat' dir='ltr'><strong>v.</strong></span> <span class='ocrx_word' id='word_1_589' title='bbox 600 4499 835 4559; x_wconf 75' lang='lat' dir='ltr'><strong>Saviqny</strong></span> <span class='ocrx_word' id='word_1_590' title='bbox 854 4500 887 4547; x_wconf 94' lang='lat' dir='ltr'><strong>l.</strong></span> <span class='ocrx_word' id='word_1_591' title='bbox 912 4500 944 4545; x_wconf 94' lang='lat' dir='ltr'><strong>l.</strong></span> <span class='ocrx_word' id='word_1_592' title='bbox 968 4502 1004 4547; x_wconf 89' lang='lat' dir='ltr'><strong>ll</strong></span> <span class='ocrx_word' id='word_1_593' title='bbox 1030 4515 1076 4559; x_wconf 89' lang='lat' dir='ltr'><strong>p.</strong></span> <span class='ocrx_word' id='word_1_594' title='bbox 1106 4498 1215 4562; x_wconf 78' lang='grc'><strong>145,</strong></span> <span class='ocrx_word' id='word_1_595' title='bbox 1252 4499 1494 4563; x_wconf 84' lang='grc'><strong>155,188,</strong></span> <span class='ocrx_word' id='word_1_596' title='bbox 1534 4502 1650 4564; x_wconf 85' lang='grc'><strong>206,</strong></span> <span class='ocrx_word' id='word_1_597' title='bbox 1689 4499 1803 4561; x_wconf 78' lang='lat'><strong>253,</strong></span> <span class='ocrx_word' id='word_1_598' title='bbox 1875 4503 2036 4559; x_wconf 78' lang='lat' dir='ltr'><strong>legum</strong></span> <span class='ocrx_word' id='word_1_599' title='bbox 2068 4514 2108 4547; x_wconf 87' lang='lat' dir='ltr'><strong>s.</strong></span> <span class='ocrx_word' id='word_1_600' title='bbox 2133 4502 2586 4561; x_wconf 75' lang='lat' dir='ltr'><strong>brachylogusjuris</strong></span> <span class='ocrx_word' id='word_1_601' title='bbox 2608 4503 2784 4561; x_wconf 85' lang='lat' dir='ltr'><strong>civilis,</strong></span> <span class='ocrx_word' id='word_1_602' title='bbox 2803 4505 2852 4546; x_wconf 88' lang='lat' dir='ltr'><strong>et</strong></span> <span class='ocrx_word' id='word_1_603' title='bbox 2875 4501 3047 4547; x_wconf 83' lang='lat' dir='ltr'><strong>incerti</strong></span> <span class='ocrx_word' id='word_1_604' title='bbox 3080 4502 3239 4559; x_wconf 86' lang='lat' dir='ltr'><strong>scrip·</strong></span> 
     </span>
     <span class='ocr_line' id='line_1_48' title="bbox 436 4558 3238 4623; baseline 0 -14"><span class='ocrx_word' id='word_1_605' title='bbox 436 4558 550 4609; x_wconf 90' lang='grc'><strong>277.</strong></span> <span class='ocrx_word' id='word_1_606' title='bbox 571 4565 666 4606; x_wconf 84' lang='lat' dir='ltr'><strong>cet.</strong></span> <span class='ocrx_word' id='word_1_607' title='bbox 1875 4565 1995 4610; x_wconf 86' lang='lat' dir='ltr'><strong>toris</strong></span> <span class='ocrx_word' id='word_1_608' title='bbox 2014 4566 2224 4623; x_wconf 87' lang='lat' dir='ltr'><strong>epitome</strong></span> <span class='ocrx_word' id='word_1_609' title='bbox 2240 4565 2364 4622; x_wconf 78' lang='lat' dir='ltr'><strong>juris</strong></span> <span class='ocrx_word' id='word_1_610' title='bbox 2393 4568 2487 4612; x_wconf 85' lang='lat' dir='ltr'><strong>civ.</strong></span> <span class='ocrx_word' id='word_1_611' title='bbox 2518 4578 2546 4611; x_wconf 90' lang='lat' dir='ltr'><strong>e</strong></span> <span class='ocrx_word' id='word_1_612' title='bbox 2576 4566 2749 4612; x_wconf 86' lang='lat' dir='ltr'><strong>Codice</strong></span> <span class='ocrx_word' id='word_1_613' title='bbox 2780 4563 3079 4620; x_wconf 82' lang='lat' dir='ltr'><strong>Tubingensi</strong></span> <span class='ocrx_word' id='word_1_614' title='bbox 3104 4576 3238 4609; x_wconf 88' lang='lat' dir='ltr'><strong>nunc</strong></span> 
     </span>
    </p>

    <p class='ocr_par' dir='ltr' id='par_1_9' title="bbox 444 4620 3244 4811">
     <span class='ocr_line' id='line_1_49' title="bbox 503 4620 3236 4688; baseline 0.001 -20"><span class='ocrx_word' id='word_1_615' title='bbox 503 4622 552 4681; x_wconf 90' lang='grc'><strong>5)</strong></span> <span class='ocrx_word' id='word_1_616' title='bbox 603 4624 692 4669; x_wconf 72' lang='lat' dir='ltr'><strong>Fr.</strong></span> <span class='ocrx_word' id='word_1_617' title='bbox 736 4624 877 4684; x_wconf 79' lang='lat' dir='ltr'><strong>Auq.</strong></span> <span class='ocrx_word' id='word_1_618' title='bbox 919 4623 1118 4672; x_wconf 81' lang='lat' dir='ltr'><strong>Biener</strong></span> <span class='ocrx_word' id='word_1_619' title='bbox 1149 4620 1353 4673; x_wconf 87' lang='lat' dir='ltr'><strong>historia</strong></span> <span class='ocrx_word' id='word_1_620' title='bbox 1389 4625 1810 4673; x_wconf 84' lang='lat' dir='ltr'><strong>authenticarum.</strong></span> <span class='ocrx_word' id='word_1_621' title='bbox 1877 4626 2087 4684; x_wconf 85' lang='lat' dir='ltr'><strong>primum</strong></span> <span class='ocrx_word' id='word_1_622' title='bbox 2118 4628 2246 4672; x_wconf 85' lang='lat' dir='ltr'><strong>edita</strong></span> <span class='ocrx_word' id='word_1_623' title='bbox 2273 4628 2388 4688; x_wconf 78' lang='lat' dir='ltr'><strong>3ed.</strong></span> <span class='ocrx_word' id='word_1_624' title='bbox 2411 4630 2472 4674; x_wconf 81' lang='grc' dir='ltr'><strong>Ε.</strong></span> <span class='ocrx_word' id='word_1_625' title='bbox 2511 4628 2784 4686; x_wconf 74' lang='lat' dir='ltr'><strong>Boeckinq.</strong></span> <span class='ocrx_word' id='word_1_626' title='bbox 2820 4627 2974 4671; x_wconf 84' lang='lat' dir='ltr'><strong>Berol.</strong></span> <span class='ocrx_word' id='word_1_627' title='bbox 3009 4623 3149 4672; x_wconf 88' lang='grc'><strong>1829.</strong></span> <span class='ocrx_word' id='word_1_628' title='bbox 3185 4623 3236 4672; x_wconf 89' lang='grc'><strong>8.</strong></span> 
     </span>
     <span class='ocr_line' id='line_1_50' title="bbox 450 4684 3244 4747; baseline 0.001 -14"><span class='ocrx_word' id='word_1_629' title='bbox 450 4688 577 4733; x_wconf 82' lang='lat' dir='ltr'><strong>sect.</strong></span> <span class='ocrx_word' id='word_1_630' title='bbox 596 4685 632 4729; x_wconf 93' lang='grc'><strong>1.</strong></span> <span class='ocrx_word' id='word_1_631' title='bbox 650 4684 734 4741; x_wconf 77' lang='grc' dir='ltr'><strong>ς2.</strong></span> <span class='ocrx_word' id='word_1_632' title='bbox 757 4698 804 4743; x_wconf 93' lang='lat' dir='ltr'><strong>p.</strong></span> <span class='ocrx_word' id='word_1_633' title='bbox 840 4686 892 4735; x_wconf 81' lang='grc'><strong>14</strong></span> <span class='ocrx_word' id='word_1_634' title='bbox 907 4699 1013 4745; x_wconf 80' lang='lat' dir='ltr'><strong>sqq.</strong></span> <span class='ocrx_word' id='word_1_635' title='bbox 1037 4712 1098 4721; x_wconf 91' lang='lat'><strong>—-</strong></span> <span class='ocrx_word' id='word_1_636' title='bbox 1117 4700 1165 4735; x_wconf 87' lang='lat' dir='ltr'><strong>v.</strong></span> <span class='ocrx_word' id='word_1_637' title='bbox 1189 4689 1476 4747; x_wconf 70' lang='lat' dir='ltr'><strong>Saviqnyl.</strong></span> <span class='ocrx_word' id='word_1_638' title='bbox 1494 4690 1531 4735; x_wconf 95' lang='lat' dir='ltr'><strong>l.</strong></span> <span class='ocrx_word' id='word_1_639' title='bbox 1558 4690 1616 4733; x_wconf 93' lang='lat' dir='ltr'><strong>ll.</strong></span> <span class='ocrx_word' id='word_1_640' title='bbox 1646 4702 1693 4747; x_wconf 90' lang='lat' dir='ltr'><strong>p.</strong></span> <span class='ocrx_word' id='word_1_641' title='bbox 1722 4689 1813 4736; x_wconf 90' lang='grc'><strong>187</strong></span> <span class='ocrx_word' id='word_1_642' title='bbox 1935 4689 1998 4733; x_wconf 85' lang='lat' dir='ltr'><strong>De</strong></span> <span class='ocrx_word' id='word_1_643' title='bbox 2021 4688 2337 4746; x_wconf 85' lang='lat' dir='ltr'><strong>inscriptione</strong></span> <span class='ocrx_word' id='word_1_644' title='bbox 2367 4691 2479 4736; x_wconf 85' lang='lat' dir='ltr'><strong>libri</strong></span> <span class='ocrx_word' id='word_1_645' title='bbox 2498 4690 2595 4737; x_wconf 87' lang='lat' dir='ltr'><strong>vid.</strong></span> <span class='ocrx_word' id='word_1_646' title='bbox 2628 4689 2802 4747; x_wconf 68' lang='lat' dir='ltr'><strong>ejusd.</strong></span> <span class='ocrx_word' id='word_1_647' title='bbox 2825 4690 2950 4735; x_wconf 85' lang='lat' dir='ltr'><strong>Diss.</strong></span> <span class='ocrx_word' id='word_1_648' title='bbox 2977 4689 3026 4734; x_wconf 83' lang='lat' dir='ltr'><strong>in</strong></span> <span class='ocrx_word' id='word_1_649' title='bbox 3062 4688 3244 4736; x_wconf 81' lang='lat' dir='ltr'><strong>Rbein.</strong></span> 
     </span>
     <span class='ocr_line' id='line_1_51' title="bbox 444 4746 2526 4811; baseline 0.002 -17"><span class='ocrx_word' id='word_1_650' title='bbox 444 4774 505 4782; x_wconf 86' lang='lat'><strong>—-</strong></span> <span class='ocrx_word' id='word_1_651' title='bbox 532 4746 639 4794; x_wconf 86' lang='grc'><strong>192.</strong></span> <span class='ocrx_word' id='word_1_652' title='bbox 665 4760 713 4805; x_wconf 92' lang='lat' dir='ltr'><strong>p.</strong></span> <span class='ocrx_word' id='word_1_653' title='bbox 733 4747 826 4795; x_wconf 78' lang='grc'><strong>224</strong></span> <span class='ocrx_word' id='word_1_654' title='bbox 849 4775 903 4782; x_wconf 88' lang='grc'>-</span> <span class='ocrx_word' id='word_1_655' title='bbox 921 4748 1033 4796; x_wconf 84' lang='grc'><strong>227.</strong></span> <span class='ocrx_word' id='word_1_656' title='bbox 1058 4751 1117 4797; x_wconf 87' lang='grc' dir='ltr'><strong>Τ.</strong></span> <span class='ocrx_word' id='word_1_657' title='bbox 1151 4752 1231 4797; x_wconf 92' lang='grc'><strong>111.</strong></span> <span class='ocrx_word' id='word_1_658' title='bbox 1254 4763 1300 4808; x_wconf 87' lang='lat' dir='ltr'><strong>p.</strong></span> <span class='ocrx_word' id='word_1_659' title='bbox 1326 4749 1421 4798; x_wconf 88' lang='grc'><strong>665</strong></span> <span class='ocrx_word' id='word_1_660' title='bbox 1439 4749 1623 4798; x_wconf 84' lang='grc'><strong>-668,</strong></span> <span class='ocrx_word' id='word_1_661' title='bbox 1643 4763 1692 4809; x_wconf 91' lang='lat' dir='ltr'><strong>p.</strong></span> <span class='ocrx_word' id='word_1_662' title='bbox 1718 4749 1807 4799; x_wconf 87' lang='grc'><strong>071</strong></span> <span class='ocrx_word' id='word_1_663' title='bbox 1880 4748 2001 4797; x_wconf 81' lang='lat' dir='ltr'><strong>Mus.</strong></span> <span class='ocrx_word' id='word_1_664' title='bbox 2027 4752 2109 4811; x_wconf 86' lang='lat' dir='ltr'><strong>lv,</strong></span> <span class='ocrx_word' id='word_1_665' title='bbox 2144 4763 2193 4809; x_wconf 91' lang='lat' dir='ltr'><strong>p.</strong></span> <span class='ocrx_word' id='word_1_666' title='bbox 2220 4750 2310 4799; x_wconf 81' lang='grc'><strong>142</strong></span> <span class='ocrx_word' id='word_1_667' title='bbox 2333 4776 2392 4785; x_wconf 93' lang='grc'>-</span> <span class='ocrx_word' id='word_1_668' title='bbox 2419 4750 2526 4801; x_wconf 84' lang='grc'><strong>164.</strong></span> 
     </span>
    </p>

    <p class='ocr_par' dir='ltr' id='par_1_10' title="bbox 442 4809 2786 4936">
     <span class='ocr_line' id='line_1_52' title="bbox 442 4809 2625 4869; baseline 0.001 -11"><span class='ocrx_word' id='word_1_669' title='bbox 442 4809 619 4859; x_wconf 77' lang='grc'><strong>-717,</strong></span> <span class='ocrx_word' id='word_1_670' title='bbox 650 4810 834 4867; x_wconf 86' lang='lat' dir='ltr'><strong>(Glossa</strong></span> <span class='ocrx_word' id='word_1_671' title='bbox 870 4813 1189 4869; x_wconf 75' lang='lat' dir='ltr'><strong>Tui-inensis.)</strong></span> <span class='ocrx_word' id='word_1_672' title='bbox 1221 4837 1283 4846; x_wconf 93' lang='lat'><strong>—·</strong></span> <span class='ocrx_word' id='word_1_673' title='bbox 1314 4812 1510 4860; x_wconf 71' lang='lat' dir='ltr'><strong>Bienor</strong></span> <span class='ocrx_word' id='word_1_674' title='bbox 1544 4814 1714 4860; x_wconf 87' lang='lat' dir='ltr'><strong>Gesch.</strong></span> <span class='ocrx_word' id='word_1_675' title='bbox 1756 4817 1805 4861; x_wconf 89' lang='lat' dir='ltr'><strong>d.</strong></span> <span class='ocrx_word' id='word_1_676' title='bbox 2494 4813 2516 4864; x_wconf 80' lang='lat' dir='ltr'>S</span> <span class='ocrx_word' id='word_1_677' title='bbox 2553 4814 2625 4863; x_wconf 84' lang='lat'><strong>15.</strong></span> 
     </span>
     <span class='ocr_line' id='line_1_53' title="bbox 446 4873 2786 4936; baseline 0 -16"><span class='ocrx_word' id='word_1_678' title='bbox 446 4874 674 4920; x_wconf 72' lang='lat' dir='ltr'><strong>Novellen</strong></span> <span class='ocrx_word' id='word_1_679' title='bbox 699 4874 874 4920; x_wconf 73' lang='lat' dir='ltr'><strong>sustin.</strong></span> <span class='ocrx_word' id='word_1_680' title='bbox 892 4873 1042 4933; x_wconf 62' lang='grc'><strong>9327</strong></span> <span class='ocrx_word' id='word_1_681' title='bbox 1061 4873 1310 4923; x_wconf 81' lang='grc'><strong>-242.-</strong></span> <span class='ocrx_word' id='word_1_682' title='bbox 1333 4873 1667 4923; x_wconf 73' lang='lat' dir='ltr'><strong>Solu-aderio</strong></span> <span class='ocrx_word' id='word_1_683' title='bbox 1692 4889 1805 4935; x_wconf 86' lang='lat' dir='ltr'><strong>pro·</strong></span> <span class='ocrx_word' id='word_1_684' title='bbox 1934 4876 1991 4932; x_wconf 74' lang='lat'><strong>(⁶)</strong></span> <span class='ocrx_word' id='word_1_685' title='bbox 2014 4875 2080 4923; x_wconf 86' lang='lat' dir='ltr'><strong>de</strong></span> <span class='ocrx_word' id='word_1_686' title='bbox 2100 4874 2330 4936; x_wconf 58' lang='lat' dir='ltr'><strong>saviam</strong></span> <span class='ocrx_word' id='word_1_687' title='bbox 2346 4878 2378 4924; x_wconf 92' lang='lat' dir='ltr'><strong>l.</strong></span> <span class='ocrx_word' id='word_1_688' title='bbox 2401 4878 2435 4924; x_wconf 92' lang='lat' dir='ltr'><strong>l.</strong></span> <span class='ocrx_word' id='word_1_689' title='bbox 2461 4878 2520 4924; x_wconf 88' lang='grc' dir='ltr'><strong>Τ.</strong></span> <span class='ocrx_word' id='word_1_690' title='bbox 2541 4879 2618 4925; x_wconf 91' lang='lat' dir='ltr'><strong>lll.</strong></span> <span class='ocrx_word' id='word_1_691' title='bbox 2646 4888 2688 4923; x_wconf 92' lang='lat' dir='ltr'><strong>c.</strong></span> <span class='ocrx_word' id='word_1_692' title='bbox 2712 4873 2786 4925; x_wconf 90' lang='grc'><strong>18.</strong></span> 
     </span>
    </p>
   </div>
  </div>
 </body>
</html>
