3544 5506
509 351 621 407 316
1260 367 1411 408 rans
1449 367 1607 409 srnc.
1649 368 1766 410 un.
1811 369 1909 411 111.
1950 368 2027 410 nn
2066 361 2584 411 onmem-temnus.

506 495 847 538 causarum
875 478 1089 550 figuris
1115 475 1189 552 ⁴);
1222 478 1413 549 idque
1438 491 1676 533 nomen
1704 475 1892 549 hujus
1908 476 2242 534 doctrinae
2259 482 2580 549 auctores,
2610 481 2837 547 utpote
2871 476 2955 534 de
2981 474 3304 549 antiquio·

506 571 594 634 ris
623 570 776 652 juris
795 572 1282 645 obligationibus
1313 572 1704 645 exponendis
1728 574 1826 629 vel
1861 572 2132 631 maxime
2163 566 2440 640 solliciti,
2465 573 2548 629 ad
2575 585 2683 629 eas
2709 570 3107 643 potissimum
3135 578 3312 629 retu-

505 674 648 733 lisse
678 674 978 732 videntur
1023 674 1443 745 obligationes
1467 716 1483 737 .
1534 688 1702 744 quae
1744 680 1858 732 aut
1906 672 2086 745 quasi
2126 687 2202 731 ex
2245 676 2585 730 contractu
2626 671 2942 744 autquasi
2968 672 3309 730 exdeiicto

507 770 681 828 nasci
712 770 1032 828 veteribus
1068 770 1239 828 visae
1263 776 1412 826 sunt
1433 765 1502 841 ⁵).
1528 770 2083 844 Quemadmodum
2108 776 2324 826 autem
2350 783 2480 826 non
2504 774 2625 835 est,
2653 769 2832 840 quod
2862 768 2946 826 de
2969 774 3202 825 natura
3224 774 3310 825 at-

507 881 634 939 que
657 865 872 923 indole
895 866 1225 938 utriusque
1253 867 1439 939 huJus
1468 860 1717 936 generis
1739 864 2227 936 obligationum,
2260 870 2326 921 et
2347 880 2515 937 quae
2539 863 2717 935 quasi
2743 879 2820 922 ex
2850 870 3220 936 contractu,
3244 870 3312 922 et

506 975 675 1032 quae
702 956 883 1033 quasi
901 976 974 1018 ex
995 962 1228 1019 delicto
1248 962 1401 1019 oriri
1423 955 1726 1024 dicuntur
1750 955 1827 1034 ⁶),
1852 961 2216 1017 accuratius
2237 959 2446 1017 hocin
2477 954 2640 1018 libro
2658 967 3051 1032 exponatur,
3076 955 3310 1032 quippe

507 1057 680 1129 quod
699 1057 836 1130 jam
858 1058 919 1114 in
946 1057 1166 1130 primis
1190 1059 1347 1115 artis
1372 1063 1631 1114 nostrae
1655 1056 1989 1114 elementis
2016 1055 2343 1114 tradendis
2366 1055 2602 1114 absolvi
2633 1062 2698 1113 et
2713 1054 2912 1129 possit
2932 1063 3000 1114 et
3026 1057 3259 1115 debeat
3287 1071 3308 1113 ε

507 1152 597 1210 sic
631 1168 779 1210 eum
809 1153 987 1226 sequi
1021 1153 1312 1211 ordinem
1335 1153 1399 1210 in
1425 1158 1564 1211 toto
1587 1152 1790 1210 hocce
1813 1152 1960 1216 loco
1986 1152 2446 1224 pertractando
2467 1194 2485 1227 ,
2517 1151 2700 1227 cujus
2731 1153 2797 1214 in
2817 1167 3166 1212 causarum
3209 1154 3316 1211 ilia

508 1247 838 1325 divisione,
857 1249 985 1306 sive
1012 1250 1465 1320 recentiorum,
1487 1250 1620 1306 sive
1650 1250 2106 1317 Romanorum,
2140 1243 2345 1306 omnis
2375 1248 2577 1320 posita
2610 1248 2690 1305 sit
2714 1248 2901 1316 ratio,
2925 1249 3188 1307 minime
3209 1265 3317 1308 no-

509 1339 604 1401 bis
633 1358 769 1402 esse
799 1359 834 1402 e
860 1360 933 1414 re
959 1347 1159 1402 visum
1190 1350 1309 1415 est,
1339 1343 1497 1401 Nam
1531 1346 1650 1410 ista
1686 1338 1935 1401 ratione
1984 1343 2121 1403 fieri
2149 1343 2456 1414 videmus,
2492 1351 2564 1401 ut
2589 1359 2720 1401 non
2749 1345 2944 1402 modo
2977 1360 3212 1403 manca
3239 1347 3317 1405 sit

509 1444 670 1502 haec
688 1445 850 1517 jnris
878 1445 1079 1503 nostri
1102 1461 1249 1517 pars
1276 1450 1466 1517 atque
1496 1443 1868 1516 imperfecta
1896 1445 2315 1516 relinquatur,
2337 1459 2561 1502 verum
2588 1445 2779 1503 etiam
2803 1440 3236 1504 dissocientur
3256 1451 3321 1503 et

513 1560 631 1616 per
661 1545 847 1616 plura
869 1540 1081 1616 capita
1106 1545 1575 1617 dispergantur,
1610 1559 1777 1616 quae
1811 1559 1882 1608 re
1905 1545 2038 1616 ipsa
2071 1560 2147 1603 ac
2175 1559 2290 1602 sua
2323 1551 2552 1602 natura
2579 1540 2749 1610 inter
2781 1559 2850 1603 se
2887 1545 3018 1603 sint
3045 1546 3320 1619 conjun-

512 1640 787 1697 ctissima
816 1636 880 1706 ⁷).
904 1643 1023 1708 Nos
1048 1636 1265 1713 itaque
1297 1642 1462 1702 hanc
1491 1639 1785 1697 inibimus
1809 1641 1975 1708 viam
1996 1686 2013 1714 ,
2044 1646 2114 1697 ut
2136 1687 2151 1714 ,
2181 1641 2356 1713 prius
2380 1641 2678 1712 expositis
2698 1686 2715 1714 ,
2745 1656 2914 1713 quae
2939 1643 3025 1698 ad
3063 1655 3321 1701 omnem

512 1739 972 1810 obligationum
1007 1756 1264 1802 causam
1292 1746 1608 1813 spectant,
1636 1741 1868 1797 deinde
1892 1740 2164 1816 singulas
2184 1735 2627 1810 obligationes,
2662 1756 2793 1813 quo
2824 1740 2893 1797 id
2927 1741 3079 1799 ioco
3112 1740 3322 1813 cujus·

513 1850 638 1906 que
658 1835 899 1899 indoles
935 1837 1213 1908 postulat
1238 1853 1313 1906 ac
1346 1835 1535 1910 ratic,
1561 1836 1789 1922 ordine
1819 1843 2313 1911 pertractemus,
2338 1837 2475 1894 scil.
2508 1836 2755 1893 omissis
2775 1836 2893 1905 his,
2927 1837 3170 1909 quibus
3192 1838 3322 1909 jam

513 1934 770 1992 abunde
808 1935 943 1992 aliis
980 1935 1043 1992 in
1078 1936 1230 1994 locis
1272 1934 1662 1994 satisfactum
1694 1942 1814 2009 est,
1849 1942 1982 1992 tum
2017 1937 2097 1993 de
2127 1936 2584 2007 obligationum
2616 1938 2941 1994 solutione
2965 1936 3321 2011 videamus,

517 2039 838 2104 postremo
873 2035 953 2092 de
977 2033 1083 2104 iis,
1114 2050 1282 2107 quae
1305 2049 1380 2092 ex
1408 2035 1581 2092 omni
1611 2035 2067 2105 obligationum
2121 2051 2359 2107 genere
2409 2037 2727 2109 quaedam
2750 2036 2996 2094 habent
3019 2037 3327 2110 admixta,

517 2147 637 2192 nec
668 2139 818 2191 ante
845 2135 1208 2195 accuratius
1232 2135 1497 2193 tractari
1527 2141 1817 2209 possunt,
1844 2151 2039 2207 quam
2058 2136 2306 2208 reliqua
2319 2136 2570 2208 penitus
2592 2137 2881 2195 absoluta
2908 2142 3066 2194 sunt
3088 2131 3164 2208 8).

912 2406 937 2478 §
976 2401 1121 2460 526.
1151 2404 1223 2458 11.
1258 2401 1338 2456 De
1364 2399 1467 2469 his,
1488 2400 1691 2477 quibus
1730 2399 2143 2477 obligationum
2164 2397 2379 2457 indoles
2409 2398 2674 2457 maxima
2693 2398 2932 2476 νεφέων.

598 2641 668 2694 ln
696 2639 873 2696 omni
910 2634 1296 2709 obligatione
1324 2646 1389 2697 et
1418 2656 1734 2712 personae
1762 2642 2151 2715 spectandae
2194 2647 2340 2698 sunt
2361 2684 2376 2709 ,
2407 2641 2473 2697 in
2506 2656 2666 2713 quas
2694 2639 2865 2698 cadit
2886 2639 3192 2711 obligatio
3211 2682 3229 2712 ,
3262 2645 3331 2699 et

522 2749 778 2803 causae,
812 2736 984 2793 unde
1008 2730 1309 2799 nascitur,
1337 2743 1400 2794 et
1429 2738 1720 2803 materia,
1750 2737 1812 2795 in
1838 2753 1965 2811 qua
1984 2744 2298 2797 versatur.
2332 2741 2406 2796 Et
2434 2737 2739 2811 quoniam
2772 2737 2856 2794 de
2892 2742 3172 2809 utroque
3210 2751 3332 2808 po-

524 2830 792 2889 steriore
819 2847 1055 2903 genere
1078 2848 1226 2890 mox
1247 2835 1511 2891 seorsim
1534 2838 1707 2907 (Cap.
1737 2839 1813 2892 11.
1840 2842 1905 2891 et
1935 2834 2062 2906 111.)
2086 2836 2488 2902 disseremus,
2510 2829 2661 2891 nihil
2693 2839 3011 2905 superest,
3036 2848 3233 2905 quam
3263 2839 3335 2889 ut

525 2926 901 2998 paucissima
931 2929 1011 2986 de
1048 2932 1335 3000 personis
1365 2931 1487 2987 hoc
1532 2931 1593 2987 in
1624 2934 1771 2989 loco
1805 2933 2214 3003 attingamus.
2242 2928 2441 3002 Igitur
2470 2926 2532 2989 in
2581 2931 3079 3002 obligationibus
3113 2930 3194 2998 is,
3226 2931 3332 3002 qui

524 3019 799 3080 alterum
822 3026 997 3082 velut
1020 3021 1275 3084 vinculo
1300 3032 1481 3084 tenet
1510 3023 1887 3086 obstrictum
1917 3025 1980 3102 ¹),
2015 3029 2298 3086 creditor
2348 3029 2709 3100 appellatur
2731 3023 2800 3097 ²),
2847 3022 2956 3100 qui
2992 3022 3334 3097 obstringi-

522 3129 651 3189 tur,
677 3119 947 3183 debitor.
974 3121 1132 3183 Fieri
1159 3133 1374 3184 autem
1407 3134 1642 3201 potest,
1664 3136 1736 3185 ut
1760 3129 2045 3201 ejusdem
2074 3127 2475 3199 obligationis
2501 3127 2698 3198 pluris
2723 3125 2846 3183 sint
2870 3125 2989 3199 rei,
3026 3124 3072 3183 i.
3101 3140 3165 3183 e.
3191 3126 3332 3197 plu-

528 3235 633 3277 res
668 3229 783 3279 ant
835 3225 1228 3284 creditorum
1283 3232 1392 3291 aut
1426 3229 1790 3286 debitorum
1843 3242 2158 3299 personae
2183 3223 2254 3279 ⁸-.
2286 3225 2483 3299 quue
2513 3220 2854 3300 dupliciter
2887 3242 2904 3281 ε
2937 3232 3048 3283 aut
3073 3226 3247 3283 enim
3273 3224 3336 3281 in

524 3316 796 3375 solidum
827 3320 1125 3396 obligatio
1156 3323 1237 3379 ad
1268 3324 1553 3396 quemvis
1582 3325 1884 3396 pertinet,
1938 3330 2050 3380 aut
2101 3340 2218 3398 pro
2250 3332 2388 3381 rata
2415 3330 2663 3380 tantum
2692 3321 3007 3400 cujusque
3031 3329 3223 3395 parte
3248 3319 3332 3395 *Η

526 3418 720 3486 atque
764 3413 826 3472 id
865 3431 1001 3473 esse
1032 3425 1248 3476 actum
1272 3465 1288 3489 ,
1325 3435 1472 3478 eum
1497 3419 1557 3475 in
1588 3420 1892 3490 ambiguo
1926 3436 2027 3477 res
2062 3428 2180 3490 est,
2206 3435 2459 3493 semper
2486 3420 2606 3477 erit
2632 3419 3132 3478 existimandum
3157 3414 3229 3482 ⁵).
3265 3417 3337 3473 Et

589 3671 637 3733 4)
672 3675 719 3721 1..
745 3677 792 3722 1.
832 3687 906 3734 pr.
938 3676 994 3721 D.
1016 3675 1068 3732 lt.
1096 3680 1132 3724 t.
1172 3677 1256 3733 (cf.
1280 3679 1334 3725 L.
1367 3675 1447 3726 52.
1473 3690 1546 3735 pr.
1565 3676 1723 3735 eod).
1743 3704 1800 3711 -
1826 3682 1893 3726 Α.
2147 3680 2195 3724 F.
2230 3677 2562 3734 obligationes
2584 3678 2792 3723 aliorum
2815 3675 3016 3732 jurium
3034 3676 3334 3724 tuendorum

534 3740 629 3785 (ἔτι.
662 3740 883 3795 Cramer
900 3740 1028 3797 disp.
1048 3739 1149 3795 jur.
1171 3744 1261 3785 civ.
1287 3753 1332 3787 c.
1355 3738 1580 3786 3.-v·d.
1604 3747 1653 3784 ct
1675 3747 1780 3786 not.
1811 3739 1861 3786 6.
2212 3742 2386 3795 gratia.
2412 3740 2528 3797 Cap.
2551 3740 2651 3784 ΧΙΙ.

594 3798 642 3857 5)
675 3804 701 3857 ς
723 3802 769 3846 2.
793 3803 830 3846 1.
854 3801 1206 3861 lt.t.—Caetei·.
1231 3802 1297 3848 cf.
1318 3807 1374 3848 G.
1400 3807 1452 3850 Τ.
1468 3805 1524 3849 L.
1552 3804 1817 3849 Marezoll
1834 3804 1896 3849 de
2087 3802 2165 3847 111.
2203 3803 2562 3858 obligationum
2575 3801 2847 3847 exstinctio.
2869 3800 2990 3859 Cap.
3017 3803 3147 3851 xlii.

528 3864 699 3911 ordine
723 3864 876 3910 instit.
903 3865 1054 3918 (Gott.
1082 3862 1242 3919 1815.)
1264 3861 1387 3923 p.58
1406 3879 1515 3925 sqq.
2085 3866 2164 3910 lv.
2213 3866 2277 3910 lie
2339 3865 2483 3909 unius
2537 3864 2856 3921 obligationis
2917 3865 3155 3921 pluribus
3223 3867 3334 3913 reis.

591 3924 639 3984 o)
678 3926 788 3972 vid.
825 3927 1012 3983 annu.
1040 3928 1138 3984 (ιιι,
1180 3926 1259 3972 as.
1296 3925 1434 3986 [asp
1458 3929 1525 3978 de
1558 3925 1890 3986 obligationi·
2145 3928 2263 3984 cap.
2290 3928 2411 3971 xiv.

526 3987 644 4049 ὁμε,
665 3999 807 4043 quae
828 3988 994 4047 quasi
1023 4002 1094 4037 ex
1129 3993 1409 4037 contractu
1432 3992 1820 4038 nascuntur.—
1838 3990 1889 4046 b)
2081 3989 2137 4035 V.
2174 3990 2541 4047 Obligationum
2561 3986 2623 4032 ad
2644 3987 2763 4033 alios
2782 3988 3069 4036 translatio.
3090 3992 3211 4049 Cap.
3234 3991 3337 4036 XV.

528 4053 641 4096 inst.
682 4049 780 4109 (lv,
818 4049 887 4108 5.)
910 4051 975 4098 de
1017 4051 1366 4112 obligationi&
1435 4064 1579 4112 quae
1621 4052 1782 4109 quasi
1817 4064 1889 4111 ως

525 4112 715 4160 delicto
736 4120 1057 4164 nascamur.
1074 4139 1125 4147 —-
1153 4115 1225 4161 Cf.
1252 4086 1456 4162 [Vesser
1474 4119 1506 4161 1.
1533 4117 1567 4161 l.
1593 4115 1619 4168 S
1640 4110 1817 4161 8—28.
2541 4111 2567 4166 ς
2588 4109 2703 4158 326.

589 4173 637 4232 7)
673 4174 926 4231 premei·.
944 4178 1044 4233 jur.
1066 4178 1264 4234 Erlang.
1285 4178 1345 4225 Τ.
1376 4179 1498 4225 Vlll.
1527 4190 1573 4234 p.
1598 4174 1658 4223 17
1685 4188 1793 4236 sqq.

588 4235 636 4291 8)
671 4236 776 4282 lam
798 4272 813 4297 ,
830 4251 928 4297 quo
955 4243 1125 4287 meinis
1166 4240 1487 4298 perspiciatur
1516 4239 1704 4286 ordinis
1734 4241 1891 4299 ratio,
2021 4233 2064 4296 1)
2099 4236 2172 4284 Cf.
2199 4235 2368 4285 Durol
2389 4238 2563 4285 Archiv
2586 4236 2624 4283 f·
2650 4235 2845 4293 GilfiUSK·
2864 4236 3040 4285 Praxi-0»
3063 4241 3150 4288 Vl.
3171 4253 3223 4300 p.
3246 4237 3340 4287 ffl

526 4304 798 4359 systematis
819 4303 1243 4351 adumbrationem
1265 4303 1635 4371 subjungamus.
1957 4310 2068 4357 sqq.

653 4363 689 4407 l.
726 4362 996 4410 Generalis.
1023 4369 1140 4424 Cap.
1173 4368 1271 4412 1--
1297 4368 1377 4412 lll.
2017 4360 2066 4417 Ξ)
2100 4364 2209 4409 Vid.
2236 4366 2287 4412 L.
2309 4363 2367 4411 10
2391 4362 2549 4410 -12.
2574 4374 2648 4421 pr.
2691 4363 2743 4408 L.
2766 4358 2847 4407 55.
2873 4363 2930 4407 D.
2952 4362 3116 4412 der.
3138 4368 3193 4412 S.

656 4425 714 4470 ll.
751 4425 979 4481 Singulae
1000 4429 1349 4486 obligationum
1373 4427 1573 4486 species.
2017 4426 2066 4483 ὃ)
2101 4427 2176 4474 ef.
2206 4428 2308 4474 Cic.
2332 4428 2394 4473 de
2416 4426 2497 4473 Οι·.
2523 4426 2586 4483 11,
2611 4426 2690 4471 43.
2716 4425 2762 4482 (ιι
2785 4426 2906 4469 Reos
2931 4433 3104 4473 autem
3129 4427 3345 4486 appelle,

716 4487 768 4530 Α.
808 4487 1052 4535 Reddendi
1075 4491 1411 4545 obligationes.
1442 4492 1559 4547 Cap.
1589 4491 1667 4537 lv.
1955 4498 2050 4533 non
2075 4499 2158 4532 eos
2184 4492 2348 4548 modo,
2372 4489 2454 4546 qui
2477 4493 2772 4545 arguuntur,
2795 4490 2881 4534 sed
2900 4500 3101 4544 omnes,
3124 4501 3344 4548 quorum

717 4548 972 4595 &mutuae
989 4553 1134 4597 dandi
1153 4553 1488 4609 praestandive
1500 4553 1890 4610 obligationesex
1955 4549 2016 4595 de
2036 4562 2088 4594 re
2112 4550 2467 4610 disceptaturi»)
2489 4556 2539 4596 et
2557 4548 2770 4597 79.—1..
2796 4548 2843 4595 5.
2866 4553 2922 4597 D.
2948 4550 3022 4597 de
3039 4552 3206 4601 duob,
3229 4553 3349 4601 reu

779 4624 1034 4657 consensu.
1060 4616 1178 4671 Cap.
1207 4616 1429 4660 v—vtn.
1955 4611 2172 4669 constit.
2193 4615 2352 4672 (XLV,
2374 4612 2445 4670 Ξ.)

715 4673 768 4717 C.
808 4674 1025 4720 Faciendi
1049 4676 1283 4731 obligatio
1306 4688 1365 4722 ex
1384 4688 1643 4723 consensu.
1664 4677 1780 4735 Cap.
1804 4677 1883 4722 lx.
2012 4677 2059 4731 4)
2096 4676 2147 4721 L.
2193 4676 2240 4720 ἱ).
2287 4679 2314 4732 S
2360 4678 2389 4722 fl
2434 4687 2542 4734 sqq.
2592 4674 2644 4720 L.
2687 4673 2737 4722 ⁴.
2771 4676 2798 4729 S
2831 4672 2880 4720 1.
2923 4675 2982 4722 t).
3029 4676 3104 4722 de
3155 4679 3227 4724 V.
3274 4679 3338 4723 0.

721 4733 774 4777 D.
822 4736 972 4780 bandi
1023 4738 1258 4795 obligatio
1308 4750 1367 4783 ex
1423 4740 1661 4785 lucrativa
1715 4749 1881 4785 causa.
1948 4737 2109 4793 (XLV,
2135 4738 2203 4794 1.)

778 4797 893 4853 Cap.
913 4800 969 4842 x.
2015 4796 2063 4856 5)
2100 4800 2152 4846 L.
2178 4798 2257 4846 1¹.
2280 4797 2369 4856 Si.
2395 4802 2444 4844 et
2480 4799 2528 4843 2.
2576 4798 2631 4844 D.
2673 4798 2740 4844 de
2760 4795 2922 4843 duob.
2971 4799 3091 4846 νείε
3109 4802 3334 4848 constit.

719 4857 771 4906 E.
807 4859 1134 4915 obligationes
1156 4860 1216 4904 ad
1241 4872 1419 4917 poenas
1457 4863 1716 4910 solvendas
1750 4862 1892 4910 dam·
1955 4862 2114 4920 (XLV,
2135 4862 2275 4921 20-
2295 4861 2369 4908 Cf.
2393 4860 2543 4906 Rubo
2563 4861 2649 4907 ub.
2673 4860 3010 4907 Tbeilbarkeit
3029 4875 3081 4909 u.
3107 4864 3338 4912 Uutlieil-

792 4932 953 4979 naque
974 4922 1294 4969 resarcienda.
1317 4925 1434 4982 Cap.
1461 4925 1535 4968 lii.
1957 4924 2096 4970 bai-k.
2122 4925 2174 4972 d.
2201 4925 2410 4983 Obligat.
2436 4923 2580 4979 (Berl.
2606 4919 2766 4971 1822.)
2789 4936 2839 4982 p.
2863 4919 2930 4969 98
2954 4936 3069 4983 sqq.
