3544 5506
478 344 591 402 274
991 353 1142 397 uns
1180 354 1341 398 spac-
1385 355 1505 397 ω.
1547 354 1638 396 tv.
1680 355 1759 397 na
1796 354 1950 397 sunt
1986 352 2314 397 nonmwo
2351 354 2424 396 m·
2459 354 2788 398 rmum.

480 468 738 527 aliunde
761 464 1121 538 protectum
1146 480 1278 525 non
1324 462 1514 524 aliter
1543 480 1683 524 esse
1722 466 2114 524 matrimonii
2148 461 2678 539 impedimentum
2709 466 2954 539 placuit
2976 507 3004 535 ,
3023 481 3229 540 quam
3251 464 3304 526 si

481 575 594 626 aut
617 580 934 641 personae
961 580 1151 624 error
1177 566 1294 634 sit,
1333 574 1446 625 aut
1473 568 1555 625 ad
1586 561 1901 640 ejusmodi
1925 580 2186 625 causam
2215 562 2573 639 pertineat,
2604 582 2776 640 quae
2800 567 2902 625 vel
2924 582 3048 627 sua
3074 574 3305 640 sponte

478 684 607 727 non
643 668 810 725 sinat
836 681 974 725 esse
1006 663 1486 726 matrimonium
1506 711 1523 742 ,
1552 662 1655 726 vel
1696 663 1985 726 divortiis
2035 668 2214 726 velut
2250 681 2473 725 ansam
2506 668 2818 740 praebeat
2842 663 2916 741 ⁸).
2960 671 3301 726 caeterum

477 762 849 840 nuptiarum
872 765 1208 824 consensui
1238 762 1428 840 adjici
1465 761 1868 826 conditiones
1901 766 2138 839 publici
2165 767 2329 840 juris
2366 766 2534 826 ratio
2566 763 2834 826 minime
2854 767 3143 840 patitui-3
3171 782 3304 840 quo

476 870 693 921 tamen
718 861 890 919 facto
910 904 926 928 ,
961 862 1107 920 illae
1129 862 1387 934 quidem
1406 906 1421 936 ,
1451 876 1622 934 quae
1646 877 1797 920 cum
1831 862 2220 920 matrimonii
2247 869 2483 921 natura
2512 877 2592 921 ac
2622 864 2756 921 line
2789 869 3127 936 pugnant,
3158 864 3304 921 nul·

474 959 612 1016 lum
636 951 920 1017 efficiunt
947 952 1431 1016 matrimonium
1455 1000 1473 1029 ,
1499 957 1752 1031 reliqua
1781 971 1939 1017 vero
1968 974 2092 1032 pro
2120 973 2250 1018 non
2271 958 2538 1033 adjectis
2558 959 2900 1018 habendae
2926 965 3085 1018 sunt
3103 958 3181 1034 ⁹).

786 1137 813 1206 S
831 1139 946 1199 511
961 1181 978 1199 .
1000 1139 1064 1214 b)
1088 1134 1445 1214 Sinqulaeim
1462 1135 1532 1196 aa
1554 1135 1809 1197 aliorum
1835 1137 1903 1198 in
1925 1135 2150 1216 nuptiis
2181 1135 2586 1198 contrahendis
2603 1135 2980 1198 auctoritato.

556 1333 693 1394 Non
719 1336 917 1394 modo
940 1334 1113 1407 ipsae
1132 1329 1508 1393 coeuntium
1539 1348 1857 1406 personae
1887 1328 1952 1390 in
1984 1328 2245 1406 nuptias
2270 1327 2641 1391 consentire
2668 1333 2909 1392 debent
2927 1376 2945 1408 ‚
2972 1348 3206 1392 verum
3232 1333 3294 1391 hi

467 1446 735 1506 quoque
753 1475 770 1502 ,
804 1446 1081 1502 quorum
1119 1431 1181 1488 in
1211 1435 1526 1502 potestate
1562 1436 1713 1488 sunt
1740 1429 1889 1490 illae
1913 1425 1978 1502 ¹),
2005 1434 2070 1486 et
2101 1434 2443 1500 praeterea
2470 1443 2618 1495 cum
2647 1429 2906 1500 puellae
2936 1431 3191 1488 nubant
3209 1428 3300 1487 vl·

475 1533 774 1603 duaeque
803 1530 868 1587 in
902 1531 1152 1589 minore
1178 1535 1394 1588 aetate
1421 1528 1842 1597 constitutae,
1874 1528 2022 1588 licet
2044 1528 2297 1587 solutae
2326 1527 2454 1584 sint
2481 1528 2690 1600 patria
2719 1534 3081 1600 potestate,
3111 1528 3299 1587 etiam

475 1632 661 1699 pater
680 1640 940 1699 earum,
984 1640 1196 1697 eoque
1237 1640 1368 1683 non
1402 1625 1760 1697 adparente
1785 1629 1850 1681 et
1890 1630 2099 1681 mater
2137 1631 2205 1682 et
2238 1624 2348 1696 qui
2379 1619 2444 1681 in
2468 1639 2547 1681 ea
2588 1619 2830 1681 familia
2862 1631 3015 1681 sunt
3043 1625 3299 1698 propin·

475 1724 770 1796 quiores,
801 1724 888 1780 ita
922 1722 1179 1795 quidem
1199 1765 1214 1790 ,
1246 1729 1347 1790 ut,
1382 1724 1432 1781 si
1461 1738 1650 1796 pares
1679 1724 1805 1781 sint
1846 1738 2085 1794 genere
2119 1738 2197 1781 ac
2232 1723 2519 1781 moribus
2560 1723 3062 1796 competitores,
3091 1724 3298 1797 potior

475 1829 526 1887 is
547 1828 861 1887 habeatur
882 1872 897 1897 ,
924 1844 1115 1900 quem
1148 1829 1261 1887 sibi
1294 1830 1429 1901 ipsa
1458 1828 1725 1899 elegerit
1749 1830 1982 1887 mulier
2003 1825 2070 1902 ²).
2099 1825 2258 1905 Quid
2279 1828 2308 1882 *Γ
2335 1830 2509 1901 quod
2540 1827 2742 1900 patris
2773 1828 2838 1885 in
2878 1828 3134 1887 filiabus
3158 1831 3291 1887 ool-

475 1929 761 1986 locandis
791 1934 971 1986 tanta
998 1935 1095 1986 est
1118 1928 1268 2002 jure
1311 1923 1480 1986 civili
1507 1929 1860 1986 auctoritas
1882 1970 1897 1995 ‚
1924 1934 1998 1986 ut
2035 1923 2146 1986 illo
2170 1927 2429 2001 quidem
2470 1927 2750 1998 eligente
2780 1941 3096 2000 sponsum
3118 1972 3137 1998 ,
3176 1927 3294 1986 fllia

478 2039 610 2084 non
641 2025 877 2082 habeat
919 2019 1332 2082 dissentiendi
1376 2023 1782 2093 facultatem,
1826 2024 1942 2081 nisi
1989 2020 2322 2096 indignum
2362 2023 2648 2082 moribus
2692 2029 3089 2097 turpemque
3125 2030 3299 2096 pater

476 2124 746 2196 elegerit
767 2119 836 2198 ³).
862 2121 939 2180 At
970 2139 1115 2182 cum
1150 2124 1314 2181 nlius
1345 2139 1382 2182 a
1408 2129 1595 2196 patre
1626 2123 1993 2191 dissentiat,
2021 2124 2200 2182 nullo
2224 2123 2420 2181 modo
2444 2123 2661 2181 valent
2682 2137 2805 2181 nec
2833 2123 3161 2197 sponsalia
3184 2137 3301 2182 nec

478 2225 741 2296 nuptiae
768 2220 839 2290 ⁴).
873 2224 1054 2299 Quod
1085 2222 1218 2281 sere
1258 2228 1487 2280 contra
1522 2229 1618 2281 est
1666 2222 1728 2280 in
1759 2224 1954 2281 modo
1981 2237 2056 2280 ac
2090 2221 2327 2293 forma,
2357 2236 2487 2293 qua
2526 2219 2727 2294 patris
2766 2222 2877 2279 fiat
2910 2236 3296 2291 consensus,

477 2318 786 2392 siquidem
815 2318 1086 2375 filiorum
1127 2318 1532 2376 matrimonia
1565 2333 1695 2375 non
1733 2323 1913 2375 recte
1947 2317 2458 2385 contrahuntur,
2494 2315 2613 2374 nisi
2647 2316 2849 2388 patris
2875 2316 3298 2389 praecesserit

470 2417 718 2490 jussus,
745 2432 893 2475 cum
935 2419 998 2474 in
1048 2417 1293 2475 filiabus
1323 2433 1469 2475 eum
1505 2432 1636 2475 non
1678 2416 2136 2475 contradixisse
2169 2414 2441 2474 sufficiat
2481 2412 2554 2488 5).
2591 2416 2829 2492 Quodsi
2880 2411 3103 2475 liberis
3128 2460 3146 2491 ‚
3188 2415 3296 2489 qui

473 2517 740 2588 quidem
773 2516 887 2588 ipsi
918 2516 1033 2573 sibi
1057 2516 1369 2587 elegerint
1396 2532 1702 2589 sponsum
1735 2523 1849 2574 aut
1874 2530 2207 2589 sponsam,
2238 2521 2425 2587 pater
2451 2516 2756 2573 adsentiri
2788 2516 2957 2574 nolit
2986 2516 3299 2590 citrajus·

478 2616 613 2670 tam
643 2629 901 2672 causam
926 2657 942 2682 ‚
990 2621 1127 2671 tum
1159 2630 1197 2671 a
1229 2616 1599 2686 magistratu
1623 2658 1639 2684 ,
1672 2623 1747 2673 ut
1790 2631 1970 2674 suam
2013 2616 2385 2688 interponat
2428 2610 2922 2684 auctoritatem,
2973 2615 3302 2689 impetrari

477 2714 716 2786 poterit
743 2708 811 2785 ⁶).
851 2716 1192 2772 Praeterea
1223 2714 1360 2789 ejus
1388 2757 1404 2783 ,
1447 2715 1554 2789 qui
1584 2716 1683 2775 vel
1711 2716 1941 2774 absens
1965 2714 2063 2775 vel
2104 2714 2274 2787 apud
2300 2712 2514 2772 hostes
2539 2719 2637 2772 est
2657 2760 2673 2784 ,
2706 2714 2891 2773 liberi
2919 2715 3142 2788 elapso
3169 2713 3302 2787 qui-

479 2814 625 2871 dem
654 2812 931 2871 triennio
977 2808 1200 2885 utique
1239 2820 1416 2873 recte
1458 2816 1855 2874 contrahunt
1899 2815 2344 2890 matrimoni03
2389 2819 2457 2871 at
2501 2828 2622 2871 nec
2660 2820 2815 2871 ante
2860 2810 3022 2872 illud
3052 2821 3304 2887 tempus

479 2909 636 2966 inita
660 2916 845 2981 patre
863 2910 1180 2967 aedeunte
1204 2905 1383 2967 irrita
1407 2911 1559 2968 ssent
1575 2951 1591 2980 ,
1615 2912 1969 2970 dummodo
1991 2926 2133 2969 eam
2164 2906 2325 2968 filius
2344 2911 2540 2967 ducat
2571 2924 2835 2968 uxorem
2859 2954 2877 2984 ‚
2910 2910 3014 2968 vel
3041 2911 3171 2968 mia
3192 2909 3300 2967 tali

480 3007 718 3078 nubat,
769 3006 956 3081 cujus
1001 3007 1431 3067 conditionem
1474 3017 1726 3069 certum
1771 3011 1851 3068 sit
1897 3016 2145 3084 patrem
2191 3024 2322 3067 non
2365 3008 2856 3081 repudiaturum
2906 3004 2977 3082 7).
3018 3011 3301 3082 itemque

478 3102 793 3160 dementis
815 3109 927 3160 aut
951 3102 1170 3162 furiosi
1190 3104 1388 3176 patris
1414 3101 1595 3163 liberi
1612 3106 1869 3178 nuptias
1891 3112 2067 3163 recte
2088 3103 2481 3163 contrahunt
2506 3104 2751 3175 absque
2766 3103 2938 3161 illius
2955 3118 3297 3174 consensu,

482 3203 722 3275 quippe
752 3202 1092 3275 quinullus
1121 3219 1258 3262 esse
1289 3204 1521 3278 possit3
1552 3221 1687 3264 uno
1718 3206 1826 3263 illo
1868 3206 2087 3264 addito
2111 3205 2287 3262 velut
2318 3208 2838 3275 temperamento
2860 3248 2878 3273 ‚
2907 3209 2984 3260 ut
3013 3210 3081 3262 et
3103 3203 3218 3261 dos
3239 3207 3302 3260 et

485 3304 753 3371 propter
781 3299 1039 3371 nuptias
1067 3300 1333 3359 donatio
1370 3297 1779 3371 magistratus
1809 3301 2196 3359 auctoritate
2229 3299 2696 3370 constituatur,
2730 3298 2976 3356 scilicet
3000 3313 3301 3371 praesen-

484 3393 652 3451 tibus
673 3399 807 3451 tum
840 3394 1245 3453 curatoribus
1276 3402 1489 3453 mente
1518 3395 1687 3467 capti
1711 3397 1807 3453 vel
1854 3394 2110 3459 furiosi,
2141 3401 2277 3452 tum
2308 3394 2502 3451 etiam
2525 3388 2621 3451 his
2640 3437 2656 3461 ,
2693 3389 2806 3465 qui
2853 3395 2919 3451 in
2950 3409 3031 3452 ea
3071 3394 3298 3453 familia

486 3491 829 3551 nobiliores
855 3499 1007 3552 sunt
1040 3488 1109 3563 ⁸).
1141 3496 1211 3551 In
1236 3489 1496 3569 reliquis
1526 3490 1717 3566 igitur
1743 3494 2042 3555 omnibus
2082 3494 2289 3553 causis
2316 3495 2494 3552 nulla
2523 3498 2675 3551 sunt
2700 3493 3124 3559 matrimonia
3144 3494 3300 3553 citra

518 3685 597 3745 ,8)
628 3700 673 3736 c.
695 3685 776 3736 2⁴.
809 3690 869 3734 x.
902 3687 955 3734 11.
992 3690 1028 3734 t.
1048 3712 1108 3722 —
1129 3699 1176 3735 c.
1198 3683 1248 3735 4.
1271 3691 1329 3736 x.
1371 3689 1440 3738 de
1459 3692 1601 3747 conj.
1642 3700 1850 3739 servor.
1982 3687 2033 3747 8)
2066 3692 2121 3737 L.
2145 3690 2225 3738 12.
2249 3692 2277 3747 ς
2300 3688 2346 3737 1.
2370 3691 2427 3737 1).
2449 3689 2774 3747 desponsat.

485 3749 586 3804 (lv.
606 3749 677 3807 9.)
701 3774 755 3783 —-
777 3762 821 3797 c.
843 3762 928 3797 un.
947 3751 1003 3797 C.
1027 3751 1189 3796 xxix,
1214 3763 1299 3810 qn.
1324 3751 1372 3798 1.
1398 3775 1454 3784 ——
1477 3752 1495 3808 (
1516 3753 1637 3813 ubl,
1660 3758 1855 3811 praeter
1979 3751 2028 3812 4)
2060 3754 2114 3799 L.
2139 3750 2218 3799 ts.
2243 3755 2300 3799 D.
2319 3752 2759 3809 demonum—L.
2781 3748 2928 3799 izc.
2950 3750 3008 3799 k.
3023 3755 3303 3802 t.—che

488 3812 611 3868 alia,
631 3812 755 3859 baec
777 3814 1011 3870 leguntur
1030 3810 1075 3869 (S
1094 3810 1164 3869 5.)
1190 3827 1202 3858 z
1229 3827 1255 3855 «e
1278 3813 1412 3869 Quae
1431 3814 1573 3862 nubit
1612 3816 1813 3876 pauperi
1836 3849 1852 3873 ,
1917 3817 1951 3864 l.
1976 3816 2012 3861 l.
2032 3826 2081 3874 p.
2104 3811 2198 3861 125
2218 3827 2326 3875 sqq.

488 3878 665 3930 mutans
688 3875 827 3920 illum
862 3886 966 3921 esse
995 3873 1195 3920 divitem
1217 3908 1233 3933 ,
1255 3886 1357 3922 non
1381 3879 1535 3935 potest
1574 3878 1854 3925 renuntiare
1979 3875 2029 3934 5)
2062 3877 2139 3924 Pr.
2168 3878 2204 3923 l.
2228 3877 2280 3924 Ιι.
2323 3882 2361 3925 t.
2385 3903 2441 3912 —
2465 3879 2519 3924 1..
2542 3874 2595 3922 7.
2632 3877 2660 3932 ς
2698 3873 2747 3922 1.
2783 3876 2842 3924 D.
2868 3875 2942 3924 de
2973 3878 3214 3934 musal.
3236 3895 3300 3910 ·-

490 3937 639 3992 priori
674 3937 968 3989 conditioni,
1004 3937 1226 3994 quamvis
1267 3939 1591 3985 erraverit.—
1608 3938 1860 3989 Similiter
1917 3943 1971 3989 L.
1993 3938 2039 3987 5.
2064 3941 2118 3986 L.
2141 3938 2219 3987 25.
2244 3939 2296 3986 C.
2323 3940 2375 3987 Ιι.
2398 3944 2435 3987 t.
2460 3938 2543 3998 (ct.
2569 3941 2596 3995 s
2614 3935 2693 3983 99.
2717 3950 2796 3984 nr.
2822 3940 2868 3984 1.
2895 3944 3005 3987 not.
3028 3936 3297 3998 ⁴.).-cae·

489 3997 743 4053 quidm-it
753 3999 809 4044 in
823 4008 1045 4047 uxorem
1067 3999 1513 4061 meretricemne!
1523 4005 1853 4064 corruptam,
1920 4010 2012 4051 ter.
2043 4003 2143 4049 vid.
2162 4001 2433 4051 Schrader
2448 4004 2500 4049 ln
2520 4001 2693 4048 Prodr.
2715 4011 2855 4060 corp.
2890 4001 2933 4056 J.
2968 4004 3068 4049 civ.
3107 4015 3160 4062 p.
3185 3999 3296 4049 ΞΒ.

488 4069 649 4117 quam
662 4064 953 4116 putates&
972 4062 1175 4107 castam
1191 4092 1208 4120 ,
1230 4059 1316 4108 vel
1332 4063 1610 4125 virye'nem,
1634 4076 1741 4111 non
1761 4076 1860 4121 po-
1920 4066 1971 4113 in
1995 4070 2098 4110 not.

495 4124 602 4168 test
620 4134 738 4169 eam
765 4122 1030 4170 dimittere
1060 4124 1116 4167 et
1150 4122 1312 4171 allam
1335 4123 1553 4172 ducere.
1581 4142 1607 4169 n
1631 4152 1690 4160 -
1713 4126 1861 4172 Secus
1984 4126 2034 4183 6)
2068 4127 2207 4173 Ultra
2241 4127 2391 4172 etlam
2417 4125 2730 4184 progreditur
2756 4123 2841 4180 jus
2873 4125 3019 4173 Rom.
3043 4128 3149 4174 Non
3184 4125 3299 4182 «qui

489 4193 546 4228 ex
565 4184 678 4239 jure
709 4185 916 4231 Mosalco
950 4187 1146 4231 Denter.
1181 4196 1227 4231 c.
1263 4187 1342 4233 22.
1364 4188 1391 4242 s
1414 4185 1473 4233 14
1499 4212 1554 4220 -
1577 4186 1719 4235 2l.-
1744 4187 1858 4235 Vid.
1923 4189 2135 4243 liberos,
2162 4199 2285 4246 quos
2317 4189 2501 4235 habent
2533 4188 2582 4232 in
2606 4191 2877 4248 potestate,
2917 4189 3103 4244 injuria
3138 4187 3300 4249 ponhl-

493 4244 763 4292 menaeus
786 4259 907 4294 mos.
930 4246 1084 4293 Recht
1106 4247 1164 4292 11.
1189 4249 1214 4304 s
1235 4245 1315 4293 92.
1338 4249 1353 4293 )
1379 4273 1437 4283 -
1459 4250 1533 4297 Cf.
1564 4251 1743 4297 Scleol!
1763 4252 1799 4296 l.
1822 4252 1858 4298 1.
1924 4251 2121 4297 buerint
2136 4285 2151 4307 ,
2173 4251 2350 4297 ducere
2368 4260 2566 4305 uxores,
2588 4249 2662 4293 vel
2687 4248 2875 4294 nubere
2890 4283 2906 4302 ,
2931 4253 3006 4296 vel
3030 4252 3117 4310 qni
3136 4253 3297 4297 dotem

490 4303 914 4364 889.—ApelD.l.
933 4306 1597 4367 p.77-⁰o.—011·a·ckt>and.
1614 4312 1696 4359 Bd.
1712 4314 1859 4360 ΧΧΙΙ.
1924 4315 2042 4359 dare
2066 4324 2162 4358 non
2184 4313 2387 4367 volunt,
2407 4324 2466 4357 ex
2498 4310 2849 4360 constitutione
2867 4313 3106 4359 Divorum
3141 4312 3298 4358 Severi

488 4369 515 4423 S
537 4367 676 4415 1193.
697 4382 744 4427 p.
768 4368 917 4416 ⁴52-
931 4368 1041 4417 ⁴39.
1928 4379 1976 4421 et
1999 4375 2227 4421 Antonini
2254 4387 2341 4432 per
2360 4374 2678 4422 Proeonsoles
2693 4407 2706 4419 .
2727 4374 3081 4433 praesidesque
3105 4375 3298 4433 provin-

548 4428 597 4477 9)
632 4444 676 4477 c.
701 4433 867 4478 ult.x.
892 4434 960 4479 de
981 4430 1183 4481 condit.
1209 4445 1330 4491 app.
1368 4434 1425 4481 in
1458 4435 1605 4492 desp.
1641 4437 1757 4490 (tv.
1792 4434 1860 4495 5.)
1922 4439 2109 4483 ciarum
2163 4443 2405 4492 coguntur
2449 4436 2498 4483 in
2542 4436 2917 4481 matrimonium
2966 4439 3298 4491 collocarent

495 4507 553 4524 ·-—
570 4492 646 4539 Cf.
668 4506 712 4540 c.
739 4492 787 4539 δ.
812 4496 929 4543 eod.
948 4502 999 4542 et
1018 4508 1064 4541 c.
1090 4495 1143 4539 11
1156 4530 1168 4542 .
1192 4498 1249 4541 x.
1277 4495 1347 4544 de
1366 4499 1778 4547 transacelonib.
1801 4501 1858 4558 (l,
1922 4500 2114 4546 dotare.
2161 4500 2449 4546 Prohibere
2469 4502 2648 4545 autem
2685 4496 2908 4543 videtur
2927 4504 2985 4545 ee
3005 4502 3103 4558 qui
3118 4496 3297 4546 condi·

484 4552 588 4610 3⁶0
1921 4563 2111 4608 tionem
2132 4573 2242 4607 non
2262 4562 2499 4619 quaerit.
2519 4577 2543 4603 n
2569 4561 2619 4606 t..
2641 4557 2720 4604 19.
2754 4560 2809 4604 D.
2832 4560 2886 4607 Ιι.
2910 4564 2946 4606 t.
2975 4586 3034 4595 —
3055 4562 3134 4607 Cf.
3157 4562 3296 4615 m·

1056 4622 1083 4675 ς
1112 4616 1225 4665 511.
1923 4624 2183 4670 kershoek
2203 4623 2310 4670 obs.
2336 4625 2413 4681 lv,
2439 4621 2514 4670 13.
2539 4645 2596 4655 —-
2621 4620 2944 4669 Heme-ocius
2965 4626 3030 4671 ad
3053 4625 3105 4671 1..
3131 4623 3228 4668 lul.
3249 4627 3296 4665 et

551 4741 599 4792 1)
631 4742 709 4786 rr.
732 4743 767 4787 1.
788 4740 839 4788 ιι.
869 4742 1382 4791 t.—1,.2.o.eoa.-
1401 4742 1856 4801 1..1o.sl.o.eoa.
1922 4686 2053 4802 P'713'
2069 4686 2128 4793 ἐξ]
2143 4697 2192 4791 ὅ.
2209 4684 2287 4802 {oi
2330 4748 2382 4793 ι..
2409 4745 2487 4794 to.
2512 4747 2566 4792 υ.
2591 4744 2643 4790 te.
2668 4744 2708 4790 e.
2730 4770 2792 4780 -
2815 4747 2868 4791 ι..
2887 4744 2970 4794 1¹.
2992 4748 3112 4794 eod.
3137 4770 3198 4780 -
3220 4745 3295 4791 cf.

484 4801 655 4858 -—(s7.
682 4803 719 4848 l.
738 4804 807 4849 de
827 4804 1026 4861 adopt.)
1924 4812 1977 4856 L.
1998 4810 2076 4855 12.
2100 4811 2125 4863 s
2147 4809 2195 4854 3.
2223 4811 2273 4856 n.
2298 4809 2367 4857 de
2397 4809 2539 4865 cape.
2563 4812 2619 4853 e!
2634 4808 2871 4862 posmm.
2898 4810 3081 4867 (Xle,
3105 4806 3201 4865 15.)

544 4865 592 4920 2)
628 4866 677 4910 ι..
703 4863 782 4911 18.
808 4867 859 4910 c.
885 4865 936 4912 ἡ.
957 4870 992 4912 t.
1011 4867 1089 4923 (v,
1109 4864 1319 4924 ⁴.)-cf.
1343 4868 1671 4918 cmckpand.
1691 4872 1860 4918 xxm.
1992 4869 2041 4927 8)
2073 4872 2209 4917 ΡΜ.
2233 4871 2284 4917 ἡ.
2310 4873 2467 4918 ι.-ι..
2493 4868 2571 4915 ss.
2594 4870 2738 4918 cae
2754 4867 3296 4925 episc.aud.-1..ffi.

475 4926 503 4979 S
524 4924 665 4975 1199.
689 4933 791 4977 not.
811 4926 1029 4987 65.)-1..
1055 4928 1135 4977 20.
1158 4929 1279 4977 eod.
1599 4958 1605 4963 -
1932 4934 1984 4981 (ἰ.
2008 4933 2061 4980 Ιι.
2087 4938 2122 4981 ι.
2153 4958 2206 4967 --
2236 4934 2307 4981 ct.
2336 4931 2612 4989 Hoeprner
2643 4936 2922 4981 comment.
2945 4937 2972 4991 ς
2998 4934 3106 4983 112.
3123 4938 3226 4980 not.
3244 4931 3297 4980 6.
