3544 5506
529 340 645 399 682
1213 352 1387 395 PARS.
1427 351 1586 393 SPBC·
1626 353 1745 395 un.
1788 352 1854 395 V·
1893 353 1970 395 DE
2006 352 2443 396 umutmwartm
2480 352 2661 396 'URB-

532 468 756 526 mortis
778 480 968 524 causa
999 465 1409 533 donationes,
1434 464 1661 523 eadem
1701 464 1956 523 ratione
1982 472 2057 523 ut
2097 467 2306 537 legata
2335 507 2352 537 ‚
2385 461 2843 537 auremntur⁸)
2861 508 2877 533 ,
2911 473 3059 523 tum
3084 479 3233 523 vero
3250 481 3334 524 re·

533 562 909 619 scinduntur
933 575 968 616 a
1000 559 1422 617 creditoribus
1444 602 1459 626 ‚
1485 558 1535 616 si
1564 559 1871 617 solvendo
1902 574 2032 617 non
2060 566 2156 617 est
2187 555 2504 630 donans⁹)
2524 578 2541 633 3
2565 558 2846 631 denique
2875 560 2990 633 (ut
3020 560 3147 618 alia
3177 576 3316 631 prae

538 656 998 731 tereamus)¹⁰)‚
1033 674 1201 731 quae
1231 659 1315 716 ita
1341 659 1693 725 donantur,
1726 667 1797 715 ut
1838 664 1981 731 post
2018 666 2292 718 mortem
2317 660 2576 716 demum
2601 658 2907 717 donantis
2935 659 3337 731 impleantur-v

534 756 714 815 simili
734 757 947 822 modo,
977 755 1521 828 quemadmodum
1545 756 1751 826 legata
1777 798 1793 822 ,
1817 754 1953 827 ipso
1970 755 2119 828 ,iure
2142 761 2548 828 quaeruntur
2574 754 2661 821 ei,
2688 755 2793 812 cui
2817 756 3143 812 donatum
3166 760 3256 812 est
3268 756 3335 826 ¹¹).

531 849 692 909 Sunt
720 857 935 908 tamen
954 895 969 919 ,
999 866 1164 923 quae
1186 850 1485 907 differant
1531 850 1699 908 inter
1724 856 2076 924 utrumque
2108 851 2561 908 liberalitatum
2593 866 2823 921 genus,
2867 866 3025 908 cum
3057 867 3169 916 ea,
3196 867 3343 922 quae

532 949 614 1006 ab
652 947 788 1021 ipso
832 946 1112 1006 donandi
1142 946 1337 1004 modo
1368 942 1984 1020 proficiscuntur¹²),
2029 952 2168 1004 tum
2214 948 2366 1013 alia,
2395 946 2555 1004 haec
2597 941 2891 1018 inprimis
2909 943 3028 1021 '⁸):
3080 946 3153 1020 a)
3191 949 3342 1019 quod

531 1054 791 1107 mortuo
823 1049 1139 1107 donatore
1175 1047 1393 1105 iisdem
1431 1047 1810 1105 donatarius
1841 1047 2098 1106 minime
2127 1048 2334 1105 utitur
2355 1047 2521 1121 juris
2548 1047 2645 1105 sui
2686 1043 3133 1120 persequendi
3176 1064 3345 1106 causa

539 1145 899 1204 actionibus
923 1145 1226 1203 adversus
1247 1143 1572 1214 heredem,
1596 1160 1763 1216 quae
1786 1144 2108 1217 legatariis
2126 1146 2227 1203 vel
2244 1143 2721 1202 fideicommissa
2731 1138 2839 1202 riis
2861 1150 3250 1216 competunt
3260 1142 3343 1220 ’ἧς

529 1242 598 1315 b)
618 1240 790 1314 quod
819 1246 1026 1298 morte
1049 1239 1347 1298 donantis
1375 1238 1672 1311 statim¹⁵)
1698 1242 1888 1312 plene
1916 1238 2382 1298 confirmantur
2401 1239 2785 1298 donationes
2814 1239 3173 1315 ejusmodi,
3202 1257 3345 1312 quae

527 1342 664 1415 jam
695 1341 992 1412 impletae
1021 1347 1173 1397 sunt
1196 1338 1338 1397 vivo
1362 1340 1681 1397 donatore
1705 1336 1820 1415 ¹⁶);
1847 1356 1882 1398 c
1905 1341 1923 1414 )
1948 1341 2121 1412 quod
2150 1342 2258 1412 qui
2283 1339 2346 1396 in
2365 1339 2646 1410 singulos
2679 1354 2882 1397 annos
2910 1334 3150 1397 mortis
3172 1355 3345 1397 causa

537 1442 877 1516 pecuniam
902 1435 1265 1512 stipulatur,
1294 1455 1424 1497 non
1450 1446 1545 1497 est
1578 1440 1793 1499 similis
1816 1435 1910 1509 ei,
1944 1441 2049 1498 cui
2081 1435 2170 1498 ita
2197 1441 2470 1511 legatum
2501 1445 2596 1497 est
2614 1436 2719 1513 ¹⁷);
2747 1454 2870 1496 nec
2889 1440 2959 1521 d)
2985 1440 3102 1510 qui
3134 1440 3347 1496 falsum

536 1541 690 1599 dixit
713 1546 1168 1599 testamentum
1192 1541 1291 1597 vel
1320 1539 1740 1598 inofficiosum
1762 1581 1779 1607 ,
1809 1540 2141 1612 repellitur
2172 1556 2210 1597 a
2232 1538 2455 1597 mortis
2483 1554 2677 1596 causa
2702 1539 3065 1596 donatione
3080 1534 3128 1570 ¹⁸
3149 1536 3192 1611 ).
3219 1542 3344 1597 Cae-

532 1643 748 1696 terum
778 1641 1175 1694 revocantur
1200 1652 1287 1693 m.
1326 1650 1381 1693 c.
1405 1636 1786 1694 donationes
1817 1641 1930 1692 aut
1960 1630 2025 1692 in
2065 1651 2203 1693 rem
2232 1635 2587 1692 actionibus
2630 1639 2744 1691 aut
2776 1633 2839 1690 in
2873 1648 3260 1704 personam.
3288 1635 3345 1690 Et

536 1732 601 1790 in
625 1747 763 1791 rem
784 1733 1044 1804 quidem
1074 1730 1360 1789 actiones
1390 1731 1601 1790 locum
1624 1731 1869 1788 habent
1896 1774 1911 1799 ,
1938 1747 2084 1789 cum
2118 1736 2231 1787 aut
2265 1730 2352 1788 ita
2385 1731 2623 1787 dantur
2654 1744 2759 1787 res
2781 1773 2797 1802 ,
2829 1725 2972 1787 scil.
3008 1745 3093 1786 ex
3134 1744 3351 1800 corpo·

535 1832 767 1888 ralium
804 1846 1077 1903 genere,
1110 1836 1185 1887 ut
1210 1846 1338 1888 non
1377 1832 1551 1902 prius
1580 1826 1953 1902 accipientis
1980 1829 2132 1887 fiant
2156 1873 2172 1900 ,
2210 1845 2404 1904 quam
2435 1844 2605 1887 mors
2635 1835 2861 1887 secuta
2896 1829 2982 1886 sit
3010 1829 3349 1896 donantis,

537 1932 649 1983 aut
674 1921 811 1998 ipso
825 1927 974 1999 jure
1001 1922 1361 1984 restituitur
1385 1926 1733 1984 dominium
1754 1943 1772 2001 3
1801 1926 1995 2000 idque
2016 1927 2084 1984 fit
2104 1970 2119 1997 ,
2148 1942 2294 1985 cum
2322 1929 2425 1984 vel
2443 1927 2641 1985 evasit
2665 1941 2744 1984 eo
2773 1926 3077 1999 periculo
3098 1927 3352 1992 donans,

540 2028 804 2095 propter
850 2023 1024 2094 quod
1047 2069 1064 2095 ‚
1112 2030 1519 2094 praesentem
1566 2029 1859 2081 metuens
1911 2031 2185 2082 mortem
2220 2068 2236 2093 ,
2280 2020 2575 2091 donavit,
2626 2026 2727 2082 vel
2769 2029 2927 2082 ante
2981 2025 3355 2082 donatorem

537 2127 832 2180 mortuus
859 2128 956 2179 est
981 2122 1355 2180 donatarius
1377 2119 1478 2195 ¹⁹).
1534 2126 1614 2180 Ex
1657 2123 1933 2181 caeteris
1965 2123 2157 2195 igitur
2185 2124 2479 2182 omnibus
2526 2124 2738 2181 causis
2783 2123 3214 2182 condictione
3245 2123 3356 2181 sive

537 2222 602 2277 in
628 2219 868 2280 factum
891 2215 1145 2280 actione
1169 2228 1412 2289 utetur,
1445 2222 1554 2295 qui
1582 2222 1997 2282 donationem
2027 2229 2450 2283 revocaturus
2470 2217 2631 2281 est²⁰
2650 2220 2693 2295 ).

1757 2448 1991 2507 CAPUT
2017 2449 2118 2506 VI.

818 2645 895 2685 nr.
921 2644 1126 2689 causis
1151 2646 1323 2688 smus
1350 2646 1705 2688 suessonum
1731 2645 1852 2688 vm
1875 2645 1994 2687 vm.
2021 2645 2474 2687 mrnmnnrmns
2501 2645 2617 2686 vm.
2642 2645 3094 2688 morannum.

1069 2826 1095 2900 §
1124 2823 1269 2884 764.
1305 2822 1648 2901 Arqumenti
1673 2820 2040 2882 adumbratio
2066 2830 2121 2881 et
2149 2821 2324 2880 totius
2355 2819 2461 2880 loci
2483 2821 2837 2881 constitutio.

630 3018 869 3075 Causae
889 3061 905 3086 ‚
941 3018 1171 3091 quibus
1215 3018 1521 3094 efficitur,
1553 3026 1627 3076 ut
1653 3020 1754 3078 vel
1781 3019 2219 3091 exstinguatur
2238 3018 2347 3091 jus
2376 3017 2787 3086 succedendi,
2813 3017 2919 3075 vel
2946 3012 3358 3089 impediatur,

547 3123 661 3175 aut
687 3118 750 3174 in
789 3119 1119 3177 voluntate
1157 3120 1400 3191 positae
1430 3127 1578 3177 sunt
1604 3121 1886 3192 ipsorum
1910 3165 1925 3191 ‚
1959 3120 2039 3176 ad
2074 3133 2233 3192 quos
2257 3119 2542 3175 delatum
2568 3125 2661 3176 est
2687 3118 2794 3191 jus
2832 3115 2881 3190 (S
2911 3115 3038 3174 785
3069 3149 3152 3158 ——
3175 3116 3360 3184 785).

550 3219 664 3271 aut
682 3215 936 3272 aliunde
950 3216 1254 3288 pendent.
1274 3220 1344 3274 Et
1361 3214 1589 3274 harum
1608 3218 1864 3289 quidem
1879 3222 2158 3290 quatuor
2170 3220 2317 3273 sunt
2332 3230 2671 3272 causarum
2685 3228 2953 3283 genera,
2972 3213 3112 3271 scil.
3127 3219 3365 3285 praeter

548 3325 659 3367 eas
678 3353 695 3384 ‚
755 3326 922 3383 quae
970 3311 1050 3367 ad
1093 3312 1364 3370 aliorum
1415 3327 1675 3385 quoque
1712 3312 1952 3386 jurium
2005 3311 2527 3382 perimendorum
2572 3310 2892 3367 rationem
2923 3307 3225 3365 similiter
3244 3321 3365 3380 spe·

549 3415 731 3466 ctant
758 3408 814 3484 (ς
842 3408 1032 3473 765.).
1059 3414 1211 3469 Nam
1242 3418 1355 3469 aut
1386 3428 1422 3470 e
1446 3412 1610 3470 vitiis
1640 3412 2132 3483 proficiscuntur
2155 3415 2684 3468 testamentorum
2712 3406 2760 3480 (§
2789 3405 2911 3463 766
2938 3435 3022 3447 ——
3042 3404 3241 3479 775.)‚
3265 3411 3363 3462 aut

553 3521 591 3562 a
635 3512 1033 3564 commutata
1079 3522 1502 3579 personarum
1554 3504 1925 3566 conditione
1968 3508 2013 3581 (§
2058 3504 2176 3562 777
2202 3538 2281 3548 —-
2314 3503 2484 3577 779.)
2505 3547 2522 3578 ,
2549 3510 2663 3562 aut
2707 3520 2743 3560 a
2784 3504 3135 3559 voluntate
3190 3508 3363 3559 testa-

552 3606 771 3658 torum
804 3599 864 3675 (§
887 3599 1027 3661 780.
1065 3601 1204 3663 781.
1233 3603 1275 3677 ),
1303 3611 1416 3662 aut
1439 3621 1476 3661 a
1499 3599 1932 3676 legislatorum
1953 3601 2247 3670 decretis,
2265 3601 2339 3659 iis
2365 3600 2647 3673 quidem,
2675 3600 2909 3673 quibus
2927 3602 3115 3656 velut
3138 3612 3363 3671 poenae

556 3825 686 3866 stato
711 3825 1014 3869 successione
1037 3825 1164 3872 bona
1188 3825 1269 3871 illa
1293 3829 1582 3882 perventura
1618 3828 1760 3870 erant
1781 3823 1798 3880 (
1822 3835 1926 3881 arg.
2060 3824 2138 3880 13)
2169 3826 2288 3871 Nam
2311 3825 2380 3871 ct.
2404 3823 2473 3870 de
2492 3825 2779 3872 Sem-oeter-
2795 3838 2846 3883 p.
2875 3823 2969 3871 117
2993 3838 3108 3885 sqq.
3137 3835 3189 3873 et
3208 3828 3358 3872 Basse

555 3882 582 3933 S
605 3881 717 3930 685.
743 3893 793 3931 et
815 3887 882 3931 ibi
906 3893 1125 3933 context.
1149 3887 1208 3934 ad
1233 3895 1337 3934 not.
1363 3888 1484 3943 10.).
1530 3889 1648 3934 Nam
1677 3887 1800 3932 illud
1825 3886 1929 3931 fieri
1996 3887 2031 3932 l.
2061 3889 2093 3932 l.
2116 3889 2173 3933 T.
2202 3889 2281 3933 nl.
2307 3900 2356 3944 p.
2387 3884 2484 3936 526
2508 3900 2580 3945 sq.

556 3949 752 4006 nequit,
776 3955 908 3993 certe
942 3961 1000 3994 ex
1026 3962 1148 3995 rom.
1170 3951 1298 4004 juris
1320 3951 1572 4008 principiis
1597 3983 1612 4009 ‚
1634 3954 1687 3994 ut
1727 3949 1933 3994 heredes
2061 3947 2138 4004 1⁴)
2161 3951 2331 3995 Haste
2353 3952 2409 3996 T.
2438 3951 2495 3995 ll.
2520 3961 2568 4007 p.
2590 3947 2704 3996 362.
2730 3961 2804 3994 nr.
2832 3950 2915 3995 21.
2942 3974 3009 3983 —
3032 3951 3273 4004 ΜεῖΙΙεν-ἑ·
3290 3946 3354 3995 Β.

561 4007 842 4056 efficiantur
863 4022 930 4056 m.
956 4023 999 4056 c.
1024 4012 1371 4058 donationibus
1388 4015 1402 4069 (
1422 4013 1485 4058 cf.
1522 4024 1666 4070 supra
1693 4013 1718 4066 S
1739 4008 1852 4057 761.
1881 4011 1931 4055 in
1997 4037 2057 4048 --
2074 4011 2135 4056 de
2157 4012 2438 4058 Solu-oeteo·
2459 4024 2507 4069 p.
2533 4009 2641 4058 147.
2668 4013 2717 4056 in
2743 4012 2781 4057 f.
2806 4025 2912 4070 seq.
2940 4017 3040 4068 (nr.
3068 4011 3254 4069 2-5.).

560 4070 783 4126 t.).-cl¹.
809 4076 859 4117 et
882 4069 1077 4120 Mt't'ller
1096 4075 1128 4119 Ι.
1151 4075 1185 4120 l.
1208 4075 1234 4129 S
1252 4072 1330 4120 ⁴5.
1358 4099 1416 4108 —
1437 4076 1610 4120 Basse
1634 4074 1668 4119 l.
1692 4075 1727 4119 l.
1751 4073 1830 4127 (T.
1854 4073 1937 4127 ll.)
2070 4071 2146 4130 15)
2181 4075 2297 4119 Nam
2320 4075 2419 4120 vid.
2439 4086 2581 4131 supra
2608 4071 2764 4132 3754.
2790 4081 2897 4120 not.
2927 4075 2977 4122 1.

560 4143 610 4189 p.
629 4132 740 4180 556.
769 4136 818 4179 in
846 4135 881 4180 f.
908 4148 982 4181 nr.
1007 4134 1082 4181 15.
1119 4159 1177 4169 --
1210 4134 1463 4184 Auctoris
1506 4148 1690 4182 comm.
1727 4134 1937 4182 Glzickie·
2066 4135 2144 4193 16)
2171 4137 2344 4182 Basse
2362 4138 2420 4182 T.
2444 4138 2520 4182 lll.
2547 4148 2596 4193 p.
2620 4133 2734 4182 575.
2755 4138 2853 4193 (nr.
2878 4139 2952 4194 3.)

562 4198 749 4243 contin.
774 4198 1024 4245 xxxvlll.
1050 4211 1099 4255 p.
1122 4195 1203 4245 62.
1230 4205 1333 4244 not.
1358 4196 1436 4245 ⁴5.
2069 4198 2146 4254 17)
2180 4199 2233 4243 1..
2256 4195 2336 4243 ³5.
2359 4198 2455 4254 87.
2479 4200 2534 4243 D.
2556 4199 2607 4244 Ιι.
2634 4202 2674 4243 t.

624 4256 674 4316 8)
709 4260 762 4304 L.
789 4256 840 4306 5.
860 4273 932 4318 pr.
961 4261 1012 4306 L.
1037 4258 1196 4315 5.s7.
1222 4262 1274 4307 1..
1297 4259 1377 4306 20.
1405 4274 1481 4318 pr.
1504 4263 1605 4317 ets
1628 4259 1675 4306 1.
1696 4261 1750 4306 D.
1772 4258 1938 4305 dele-
2067 4258 2145 4315 18)
2178 4261 2228 4306 L.
2265 4259 2313 4305 5.
2349 4262 2374 4316 S
2408 4259 2487 4308 17.
2524 4263 2576 4306 D.
2612 4260 2681 4306 de
2729 4259 2840 4322 tas,
2876 4272 3032 4320 quae
3070 4263 3140 4308 ut
3175 4259 3355 4318 indiga.

560 4324 670 4380 aar.
688 4326 887 4377 praest.
913 4326 1002 4368 rel.
1024 4323 1252 4380 (xxxvll
1266 4357 1280 4383 ‚
1298 4321 1387 4381 5.).
2003 4323 2231 4380 (xxxiv,
2251 4321 2321 4375 9.)

633 4381 682 4439 9)
721 4384 772 4429 Ι..
797 4382 875 4430 17.
898 4385 952 4430 D.
975 4385 1026 4432 Ιι.
1055 4388 1089 4431 t.
2067 4383 2145 4443 19)
2180 4388 2232 4431 Ι..
2258 4384 2338 4431 99.
2365 4387 2418 4431 D.
2442 4384 2494 4431 Ιι.
2536 4388 2572 4431 t.
2597 4408 2657 4419 -—-
2682 4385 2961 4432 Cramer-l.
2985 4387 3025 4433 1.
3049 4399 3103 4442 p.
3126 4383 3190 4432 82
3222 4396 3287 4442 sq.
3308 4404 3351 4415 -

630 4446 710 4498 10)
743 4446 850 4491 vid.
877 4459 922 4492 v.
945 4459 991 4493 c.
1016 4449 1068 4494 L.
1092 4445 1140 4493 7.
1164 4446 1219 4491 Ι).
1242 4446 1296 4492 Ιι.
1318 4450 1355 4492 t.
1393 4471 1448 4480 —
1487 4448 1537 4492 1..
1563 4443 1644 4492 77.
1671 4444 1763 4502 31.
1790 4446 1844 4491 D.
1869 4444 1938 4490 de
2000 4449 2097 4493 Nec
2120 4459 2231 4493 vero
2254 4448 2542 4505 impeditur,
2563 4447 2770 4504 quirem
2795 4451 2967 4494 datam
3004 4454 3229 4505 repetere
3249 4446 3354 4494 velit.

571 4507 730 4567 legat.
759 4510 814 4553 ll.
836 4509 919 4564 (cf.
942 4521 1086 4566 supra
1111 4513 1214 4555 not.
1236 4506 1419 4555 5.—-de
1435 4509 1716 4557 Solu-oeteo·
1737 4521 1785 4566 p.
1826 4505 1935 4554 116.
2001 4521 2099 4567 quo
2133 4511 2291 4556 minus
2312 4510 2620 4555 condictione
2655 4515 2844 4569 utatur,
2881 4512 2935 4555 1..
2959 4512 3047 4556 30.
3072 4513 3127 4556 L.
3154 4508 3235 4554 39.
3256 4505 3350 4553 cod.

567 4582 646 4615 nr.
670 4570 718 4615 3.
738 4578 787 4616 et
806 4568 1165 4618 4.-11α336Τ,
1207 4572 1285 4616 ΙΙΙ.
1311 4583 1356 4627 p.
1385 4569 1478 4618 584
1505 4596 1561 4604 —-
1582 4569 1796 4623 5992)-
1813 4572 1864 4616 L.
1888 4566 1936 4615 8.
2002 4580 2052 4618 et
2088 4579 2189 4618 not.
2227 4584 2329 4628 seq.
2359 4597 2415 4605 -
2436 4573 2694 4617 Caeterum
2730 4585 2805 4618 res
2839 4585 3042 4630 quoque
3076 4578 3351 4628 repetantur.

565 4634 591 4686 s
610 4630 658 4677 3.
687 4633 739 4679 D.
763 4632 830 4678 de
848 4634 1046 4681 condit.
1074 4635 1199 4680 inst.
1224 4634 1451 4689 (XXVlll.
1469 4632 1541 4690 7.)
2005 4647 2124 4692 quas
2148 4636 2366 4692 usucepit
2387 4635 2697 4680 donatarius.
2722 4637 2773 4681 Ι..
2802 4635 2880 4680 15.
2904 4647 2981 4691 pr.
3006 4636 3060 4681 L.
3084 4632 3168 4680 33.
3190 4635 3238 4678 D.
3260 4631 3302 4676 h.
3321 4632 3348 4672 t.

631 4694 709 4751 11)
745 4699 855 4751 Arg.
882 4698 935 4742 1..
963 4696 1007 4743 1.
1035 4699 1082 4743 in
1108 4696 1142 4741 f.
1173 4699 1221 4742 L.
1261 4695 1310 4741 2.
1336 4696 1389 4741 D.
1433 4696 1501 4742 de
1533 4694 1677 4751 publ.
1717 4693 1775 4740 in
1813 4706 1942 4741 rem.
2011 4699 2243 4743 —Hasse
2267 4698 2324 4742 T.
2352 4699 2409 4742 ll.
2435 4709 2483 4754 p.
2518 4697 2613 4742 3⁴0
2645 4700 2881 4755 ειη-Δὶ
2915 4700 3181 4742 restituere
3212 4696 3347 4742 etiam.

569 4758 674 4801 act.
696 4758 794 4811 (Vl,
813 4758 909 4813 2.)—
950 4761 1119 4805 Has-se
1139 4760 1198 4805 T.
1220 4760 1274 4803 u.
1294 4771 1340 4814 p.
1362 4756 1561 4805 535.ur.
1589 4756 1944 4803 17.—Dissent.
2010 4761 2093 4817 qui
2130 4771 2230 4805 rem
2256 4760 2435 4815 repetit
2459 4792 2473 4813 ,
2509 4771 2703 4804 necesse
2738 4760 2908 4814 habet,
2930 4771 3062 4816 quae
3082 4760 3261 4804 utiliter
3277 4757 3349 4799 in·

569 4814 637 4863 de
661 4819 941 4865 Sckroeter
981 4834 1029 4878 p.
1075 4820 1183 4867 117.
1207 4823 1222 4876 (
1246 4833 1321 4866 nr.
1350 4818 1397 4866 5.
1424 4821 1634 4878 ).-Vid.
1677 4827 1729 4866 et
1771 4822 1948 4865 Basse
2013 4834 2159 4880 pensa
2184 4827 2296 4867 sunt
2322 4822 2369 4865 in
2394 4832 2517 4876 rem,
2541 4822 2593 4866 L.
2618 4819 2695 4867 1⁴.
2720 4821 2772 4866 D.
2798 4822 2851 4866 Ιι.
2878 4825 2917 4866 l.

569 4879 628 4925 T.
651 4880 709 4925 ll.
735 4895 783 4939 p.
807 4880 901 4929 548
925 4895 1030 4941 sqq.
1054 4906 1113 4916 —
1137 4884 1212 4931 Cf.
1234 4887 1283 4927 et
1306 4883 1547 4930 Rosslzirt
1569 4885 1598 4929 l.
1625 4884 1659 4929 l.
1687 4880 1820 4941 ρ.Βῦ
1840 4894 1944 4941 sqq.
2074 4884 2155 4940 20)
2190 4885 2242 4929 Ι..
2268 4881 2343 4929 18.
2368 4886 2394 4939 ς
2416 4884 2461 4928 1.
2488 4885 2538 4928 Ι..
2574 4880 2653 4929 94.
2680 4885 2732 4928 Ι..
2759 4881 2840 4928 55.
2864 4886 2891 4940 ς
2912 4881 2965 4929 3.
3002 4884 3057 4928 Ι..
3089 4880 3173 4932 ³7.
3194 4882 3275 4936 5¹.
3301 4877 3341 4921 Β.

639 4941 714 5000 12)
749 4945 823 4990 Cf.
851 4957 997 5003 supra
1025 4947 1052 4999 S
1081 4944 1194 4993 760.
1221 4949 1323 4992 not.
1346 4943 1396 4991 7.
2013 4944 2064 4991 h.
2090 4949 2125 4992 e.
2144 4969 2203 4980 ——
2226 4947 2400 4992 Basse
2419 4946 2477 4991 T.
2502 4947 2559 4991 ll.
2580 4958 2628 5004 p.
2649 4943 2759 4992 355.
2785 4952 2893 4992 not.
2919 4942 3034 4994 164.
