3544 5506
835 348 968 390 car.
1011 348 1076 391 v.
1118 349 1194 390 ns
1230 349 1365 404 ms,
1405 349 1566 399 Qun
1603 349 1719 391 non
1759 350 2015 393 anninus
2053 350 2172 394 m.
2214 351 2460 401 ntum.
2945 338 3056 394 6255

241 460 556 531 singulari
600 459 952 517 successori
981 502 998 528 ‚
1038 460 1233 517 datur
1265 457 1331 533 ¹).
1357 462 1414 526 1)
1450 463 1590 519 Jam
1615 476 1769 518 vero
1800 461 1848 519 si
1880 461 1960 518 ab
1990 461 2283 519 omnibus
2311 460 2652 518 heredibus
2679 458 3061 534 relinquitur

241 560 689 632 praelegatum
720 554 789 629 ²),
822 573 897 615 ea
943 559 1204 630 quidem
1238 574 1420 632 pars,
1448 575 1616 631 quae
1640 562 1720 617 ad
1749 577 1933 618 suum
1960 561 2150 633 ipsius
2180 575 2344 619 onus
2378 561 2824 633 praelegatarii
2861 559 3060 634 perti-

240 661 385 721 net,
414 668 541 711 non
564 659 861 711 censetur
872 654 1020 727 jure
1043 655 1255 725 legati,
1289 655 1403 711 nisi
1427 662 1537 711 aut
1560 651 2042 727 collegatarium
2070 657 2173 713 ilie
2197 656 2387 713 habet
2410 652 2473 720 ⁸).
2506 663 2616 713 aut
2639 654 3061 716 hereditatem

243 750 551 823 repudiat
577 745 641 823 ⁴),
669 755 779 806 aut
809 750 864 805 ei
884 792 903 823 ,
934 755 1007 806 ut
1037 749 1296 821 indigno
1316 792 1332 817 ‚
1367 746 1687 808 hereditas
1718 752 1988 823 eripitur
2015 751 2083 817 ⁵).
2113 752 2172 815 2)
2206 747 2540 822 Quatenus
2567 759 2782 811 autem
2812 769 2848 808 a
2878 753 3065 812 cohe-

246 847 511 904 redibus
543 846 917 903 solvendum
941 851 1036 902 est
1066 846 1500 917 praelegatum
1521 884 1539 913 ‚
1566 861 1683 918 per
1709 847 1924 904 omnia
1957 848 2191 904 retinet
2233 848 2418 917 iegati
2450 854 2746 904 naturam
2773 844 2844 922 ⁶).
2878 865 3064 920 prae-

247 948 545 1013 terquam
603 942 776 1014 quod
811 941 1002 998 etiam
1054 940 1206 999 iam.
1252 957 1385 998 erc.
1429 942 1673 1014 judicio
1728 943 1857 1014 peti
1919 948 2126 1015 potest
2151 939 2216 1012 7).
2271 944 2333 1013 3)
2382 940 2567 1000 Unde
2613 939 2806 1001 etiam
2837 951 3065 1016 sponte

246 1037 545 1110 sequitur
566 1080 582 1105 ‚
625 1043 733 1110 ut,
781 1052 911 1109 quo
941 1037 1147 1110 major
1173 1045 1270 1095 est
1312 1035 1624 1113 cujusque
1656 1052 1800 1108 pars
1830 1037 1892 1093 in
1917 1037 2308 1112 hereditate,
2335 1053 2415 1096 eo
2458 1033 2536 1096 sit
2583 1038 2793 1096 minor
2826 1056 2972 1112 pars
2999 1040 3066 1097 in

249 1135 623 1207 praelegato
653 1126 720 1196 ⁸).
752 1134 810 1207 4)
846 1134 1074 1209 Quodsi
1094 1148 1247 1191 vero
1265 1148 1339 1190 ex
1366 1133 1790 1190 coheredibus
1810 1134 2033 1191 eadem
2066 1148 2168 1190 res
2192 1135 2441 1192 duobus
2465 1140 2713 1192 tantum
2744 1139 2842 1193 vei
2874 1136 3071 1208 piuri-

248 1234 409 1308 bus,
442 1233 589 1292 licet
617 1250 691 1291 ex
720 1232 954 1304 dispari
986 1239 1171 1306 parte
1195 1233 1496 1290 institutis
1517 1273 1535 1297 .
1569 1235 1777 1304 iegato
1807 1234 2190 1306 relinquitur
2210 1276 2226 1303 ‚
2256 1241 2390 1292 tum
2434 1250 2551 1307 pro
2575 1235 2735 1292 virili
2770 1237 3067 1308 portione

250 1328 425 1391 inter
478 1348 587 1391 eos
635 1333 952 1391 dividetur
995 1331 1084 1407 ⁹),
1132 1341 1398 1391 eatenus
1451 1329 1735 1408 scilicet,
1789 1341 2103 1406 quatenus
2157 1337 2239 1393 ab
2304 1335 2587 1408 ipsorum
2645 1338 3069 1396 coheredibus

254 1434 713 1504 praestandum
745 1439 839 1490 est
884 1433 1164 1503 legatum
1207 1430 1305 1505 ¹⁰).
1352 1437 1718 1509 Caeterum,
1764 1436 2053 1508 quamvis
2081 1436 2363 1494 conditio
2407 1437 2659 1495 heredis
2687 1433 3070 1496 institutioni

255 1534 576 1604 adscripta
617 1533 809 1591 etiam
841 1534 903 1591 in
936 1536 1302 1605 praelegato
1330 1535 1602 1607 repetita
1627 1550 1764 1591 esse
1792 1542 2093 1592 censetur
2134 1532 2171 1566 ¹¹
2202 1536 2249 1608 )‚
2275 1541 2494 1593 tamen
2524 1552 2656 1595 non
2679 1537 2967 1595 similiter
2986 1538 3069 1593 ad

258 1648 443 1703 eum,
472 1634 580 1708 qui
611 1635 988 1691 substitutus
1019 1642 1113 1691 est
1140 1629 1400 1705 heredi,
1428 1633 1708 1707 pertinet
1739 1637 2179 1707 praelegatum
2208 1631 2293 1702 ¹²).

774 1827 807 1909 §
838 1833 977 1891 726.
1004 1833 1066 1904 2)
1091 1832 1172 1888 De
1196 1828 1638 1910 fideicommissis
1658 1837 1931 1907 perpetuo
1954 1826 2211 1905 familiae
2232 1827 2445 1888 relictis
2469 1829 2557 1904 (Ἴ.

342 2023 549 2078 Potest
579 2020 770 2078 etiam
795 2022 1025 2103 jubere
1046 2029 1336 2092 testator,
1362 2027 1433 2077 ut
1461 2022 1762 2092 deinceps
1794 2019 1895 2078 aiii
1922 2022 2002 2077 ab
2026 2020 2152 2077 alio
2184 2019 2629 2089 restituantur,
2660 2034 2826 2091 quae
2852 2020 3071 2077 relicta

259 2127 446 2193 sunt3
486 2135 614 2193 quo
653 2122 715 2178 in
757 2137 994 2192 genere
1037 2123 1318 2195 inprimis
1361 2117 1683 2178 habentur
1727 2118 2254 2187 fideicommissa,
2297 2136 2465 2194 quae
2517 2127 2834 2192 perpetuo
2879 2120 3073 2177 relin-

262 2226 550 2290 quuntur
575 2218 874 2279 familiae.
909 2226 979 2278 Et
1014 2222 1286 2279 familiae
1315 2236 1549 2278 nomen
1586 2216 1802 2278 hocin
1839 2222 1983 2278 loco
2025 2219 2304 2277 refertur
2341 2236 2488 2277 cum
2515 2222 2593 2277 ad
2626 2235 2929 2292 personas
2962 2235 3069 2277 co-

262 2320 563 2389 gnatione
602 2320 766 2376 inter
798 2335 863 2376 se
884 2321 1140 2392 junctas
1163 2364 1179 2395 ‚
1213 2328 1347 2377 tum
1386 2336 1540 2378 vero
1566 2368 1581 2391 ‚
1616 2319 1710 2378 his
1756 2323 2014 2393 quidem
2044 2321 2521 2391 deficientibus,
2561 2320 2640 2376 ad
2672 2335 2974 2389 generum
3011 2327 3076 2378 et

264 2431 498 2472 nurum
526 2458 541 2482 ‚
577 2415 662 2473 ita
705 2415 1030 2486 videncet,
1058 2418 1106 2474 si
1144 2425 1351 2475 morte
1386 2413 1490 2473 filii
1523 2416 1611 2472 vei
1643 2416 1808 2473 filiae
1847 2416 2319 2474 matrimonium
2362 2415 2555 2473 suerit
2592 2413 2971 2474 dissolutum
3004 2414 3071 2491 ¹).

262 2516 403 2571 ,iam
431 2530 611 2580 vem,
648 2514 759 2572 nisi
782 2522 996 2573 certus
1023 2516 1402 2574 succedendi
1434 2518 1596 2574 ordo
1627 2532 1663 2572 a
1692 2523 2000 2574 testatore
2043 2519 2453 2587 praestitutus
2476 2522 2572 2573 est
2606 2556 2622 2582 ‚
2657 2531 2758 2572 res
2791 2513 3078 2573 defertur

266 2611 348 2666 ad
377 2610 727 2681 proximum
760 2627 1082 2684 quemque
1110 2628 1186 2669 ex
1209 2626 1433 2669 eorum
1465 2627 1762 2676 numero,
1798 2611 1906 2683 qui
1941 2613 2021 2668 ab
2046 2613 2348 2669 intestato
2372 2613 2725 2669 successuri
2756 2619 2900 2669 sunt
2932 2625 3076 2683 pos-

265 2711 491 2768 sessori
521 2705 604 2786 ²),
633 2711 756 2770 hoc
785 2719 1007 2783 pacto,
1046 2719 1154 2779 ut,
1189 2713 1296 2785 qui
1341 2712 1624 2785 ejusdem
1668 2718 1819 2771 sunt
1858 2713 2093 2784 gradus
2118 2755 2134 2785 ‚
2177 2713 2418 2784 pariter
2448 2712 2869 2769 admittantur
2891 2753 2908 2786 ‚
2939 2716 3076 2768 tum

267 2822 423 2865 vero
447 2808 675 2865 idonee
698 2815 999 2866 caveatur
1021 2811 1100 2867 de
1123 2825 1195 2867 re
1222 2810 1610 2882 quandoque
1635 2809 2029 2867 restituenda
2060 2804 2155 2879 iis,
2191 2809 2269 2865 ad
2301 2824 2463 2881 quos
2493 2808 2776 2882 proxime
2807 2823 3079 2881 perven—

339 3051 381 3102 1)
407 3052 616 3097 Vocatur
634 3054 779 3098 etiam
800 3052 1190 3109 praeceptionis
1207 3054 1636 3099 emolumentum.
1763 3050 1813 3107 7)
1845 3052 1897 3097 Ι..
1919 3048 1997 3096 17.
2024 3052 2051 3104 s
2069 3051 2117 3096 2.
2143 3049 2209 3096 de
2241 3051 2340 3109 leq.
2366 3052 2405 3096 1.
2440 3074 2499 3084 -
2534 3052 2610 3098 Cf.
2631 3056 2732 3097 not.
2758 3048 2806 3096 8.
2830 3054 2880 3095 et
2902 3049 2981 3096 10.
3021 3074 3075 3083 —

275 3116 329 3159 1..
355 3110 433 3157 10.
457 3115 508 3158 C.
534 3114 601 3160 de
618 3115 797 3170 fidele.
822 3117 836 3168 ζ
861 3118 915 3162 Vi
935 3148 950 3168 .
971 3116 1050 3161 42.
1076 3119 1091 3173 )
1135 3115 1219 3169 (cf.
1246 3115 1362 3171 Gafi
1402 3117 1518 3160 inst.
1564 3116 1600 3160 ΙΙ
1625 3148 1640 3171 ,
1705 3114 1816 3159 Vid.
1851 3120 1899 3158 et
1931 3113 2175 3160 Rosstzm
2208 3114 2241 3158 Ι.
2267 3115 2300 3159 Ι.
2341 3124 2390 3171 p.
2414 3110 2509 3158 285
2528 3126 2603 3173 sq.
2624 3120 2672 3158 et
2697 3113 2956 3160 Marezoll
2975 3116 3011 3161 Ι.
3037 3114 3074 3159 Ι.

273 3173 634 3231 ato—522.-g
654 3176 703 3223 2.
730 3178 766 3222 Ι.
790 3178 857 3223 de
879 3179 1087 3237 1499)-
1112 3177 1322 3232 Quorum
1348 3178 1550 3234 quidem
1579 3180 1643 3220 ie·
1707 3190 1752 3236 p.
1775 3172 2044 3221 286—2288.

274 3244 501 3294 gatorum
526 3229 673 3284 mutt'a
697 3241 870 3295 injure
888 3240 1378 3285 nostroiuveniuntur
1397 3242 1638 3295 exempta.
1767 3237 1815 3295 8)
1840 3239 1888 3283 1..
1911 3235 1973 3283 5⁴
2016 3239 2042 3293 S
2066 3235 2143 3282 12.
2169 3235 2237 3281 de
2259 3235 2356 3294 leq.
2384 3238 2421 3281 1.
2454 3235 2631 3283 -Jnde
2649 3237 2828 3283 dicitur
2852 3237 3080 3295 (not.3.)‚

271 3300 382 3343 vid.
408 3311 452 3344 v.
476 3313 519 3344 c.
537 3337 550 3356 ,
575 3310 766 3358 praeter
786 3313 842 3346 ea
867 3335 881 3358 ‚
907 3314 1033 3359 quae
1057 3313 1192 3359 seqq.
1218 3307 1324 3346 not.
1347 3312 1642 3346 commemo·
1705 3299 1752 3347 si
1771 3301 1882 3346 duo
1901 3301 2009 3346 sin!
2027 3297 2271 3358 heredes,
2297 3310 2420 3342 unns
2443 3310 2499 3343 ex
2526 3301 2695 3356 uncia,
2712 3302 2839 3344 aiter
2851 3311 2908 3344 ex
2936 3302 3083 3345 unde·

272 3366 462 3417 rantur,
483 3363 534 3409 L.
559 3362 638 3410 77.
660 3365 686 3417 S
708 3362 786 3409 19.
813 3366 864 3409 Ι..
882 3361 960 3409 88.
979 3376 1052 3421 pr.
1071 3365 1154 3417 St.
1177 3364 1221 3417 (u
1247 3367 1278 3408 Α
1306 3370 1352 3408 te
1379 3364 1644 3420 peto.Titi,
1708 3366 1803 3407 cim
1853 3364 2006 3407 unciis
2032 3397 2047 3414 ,
2082 3367 2128 3405 et
2162 3363 2231 3404 eis
2267 3361 2448 3406 Fundus
2482 3363 2670 3416 legatus
2721 3363 2783 3406 sit
2824 3362 3082 3407 unciarum

274 3424 488 3480 fldetque
513 3432 624 3471 tuae
645 3429 902 3471 committo
926 3460 942 3482 ,
966 3427 1037 3471 uti
1066 3436 1233 3471 curam
1268 3426 1508 3471 condendi
1530 3437 1641 3471 cor·
1704 3424 1934 3471 heredem
1956 3425 2181 3469 undecim
2205 3429 2365 3479 partes
2388 3423 2434 3467 in
2460 3423 2616 3468 fundo
2643 3423 2922 3469 habiturum
2950 3457 2964 3476 ,
2996 3435 3081 3469 co-

277 3498 410 3543 pom
433 3491 527 3531 mei
553 3490 865 3546 suscipias,et
875 3499 973 3542 pro
984 3487 1082 3534 hoc
1104 3490 1179 3533 tot
1199 3498 1397 3533 aureos
1419 3499 1450 3533 e
1473 3487 1642 3534 medio
1706 3488 1937 3533 heredem
1964 3487 2177 3531 unciam.
2200 3499 2225 3526 π
2246 3484 2337 3535 (Cf.
2365 3484 2651 3540 Westpnat
2667 3487 2697 3532 Ι.
2723 3487 2757 3531 Ι.
2788 3488 2823 3531 Ι.
2848 3485 2874 3539 S
2895 3483 2975 3532 84.
2999 3483 3079 3532 85.

273 3547 594 3605 praecipito.
620 3552 723 3606 n)-
750 3551 776 3605 S
797 3550 844 3595 2.
866 3548 915 3595 5.
937 3552 1007 3596 de
1039 3550 1138 3608 leq.
1161 3551 1338 3595 11.-Ι..
1359 3548 1441 3596 41.
1462 3552 1488 3606 S
1508 3552 1556 3595 3.
1581 3551 1649 3596 de
1713 3548 2020 3596 —Rosshire
2044 3550 2076 3593 Ι.
2108 3550 2140 3592 Ι.
2167 3559 2214 3603 p.
2236 3544 2330 3592 274
2350 3551 2452 3604 sq).

275 3612 377 3669 leq.
406 3611 604 3657 ΙΙΙ.-Ι..
629 3611 708 3659 27.
729 3613 754 3666 S
776 3613 824 3657 3.
850 3613 903 3657 Ι).
929 3614 998 3658 de
1019 3612 1173 3658 instr.
1200 3612 1297 3670 leq.
1326 3613 1552 3667 (ΧΧΧΙΙΙ,
1573 3611 1652 3669 7.)
1774 3611 1823 3670 9)
1849 3613 1898 3656 Ι..
1923 3609 2003 3657 67.
2036 3610 2062 3665 S
2086 3611 2131 3654 1.
2154 3608 2220 3654 de
2240 3609 2336 3668 leq.
2369 3611 2404 3654 Ι.
2442 3624 2466 3650 ιι
2489 3610 2538 3654 Si
2559 3621 2614 3654 ex
2640 3609 2861 3667 pluribus
2886 3609 3083 3656 heredi-

280 3696 338 3705 —-
364 3671 434 3717 CF.
462 3680 507 3718 et
530 3678 575 3731 a)
599 3676 650 3720 1..
672 3673 753 3720 28.
777 3680 822 3718 et
840 3676 922 3720 33.
948 3676 999 3720 D.
1022 3674 1151 3729 sam.
1175 3673 1359 3721 ercisc.
1385 3675 1440 3729 (X
1458 3707 1473 3727 ,
1497 3676 1564 3730 2.)
1587 3699 1647 3709 --
1712 3674 1802 3719 bus
1825 3708 1839 3728 ,
1864 3686 1921 3719 ex
1951 3671 2225 3729 disparibus
2247 3672 2470 3726 partibus
2495 3673 2730 3716 institutis
2756 3706 2770 3728 ‚
2788 3672 2980 3718 duobus
3000 3685 3088 3718 ea-

278 3740 332 3780 et
354 3732 405 3788 b)
428 3734 477 3780 Ι..
499 3735 578 3781 55.
613 3738 665 3781 D.
689 3735 817 3790 fam.
843 3748 951 3783 erc.
987 3762 1044 3770 -
1081 3737 1154 3782 Cf.
1177 3737 1230 3781 L.
1257 3733 1334 3782 1⁴.
1356 3737 1409 3780 D.
1435 3736 1502 3782 de
1525 3736 1650 3784 dote
1712 3738 1823 3781 dem
1864 3747 1940 3781 res
1981 3737 2138 3791 tegata
2160 3735 2222 3777 sit
2247 3767 2261 3784 .
2287 3733 2491 3778 heredes
2534 3746 2632 3780 non
2669 3745 2757 3791 pro
2790 3734 3083 3781 hereditaria

271 3798 449 3854 prael.
471 3799 487 3854 (
510 3799 696 3845 xxxin
716 3832 732 3854 ,
753 3797 801 3845 4.
828 3801 911 3855 >et
935 3799 1222 3855 Westphat
1260 3810 1353 3844 von
1391 3798 1650 3847 einzeinen
1715 3805 1957 3857 portione,
1976 3798 2057 3841 sed
2077 3807 2165 3853 pro
2186 3796 2311 3840 virili
2338 3796 2385 3841 id
2402 3799 2614 3852 iegatum
2637 3795 2818 3842 habere
2842 3797 3038 3844 debent.
3057 3812 3082 3839 n

281 3859 789 3906 Vermttchtnissarten
811 3858 959 3914 575⁴.
1707 3860 1797 3919 (Cf.
1820 3872 1962 3917 supra
1984 3856 2139 3914 3725.
2167 3870 2243 3902 nr.
2270 3858 2318 3902 2.
2344 3866 2391 3903 et
2418 3865 2520 3903 not.
2548 3859 2644 3914 18.)

345 3921 393 3975 2)
417 3923 482 3966 De
500 3936 600 3980 quo
618 3924 816 3980 quidem
844 3923 1137 3968 dubitationi
1161 3923 1297 3967 iocus
1316 3934 1421 3967 esse
1445 3924 1641 3980 poterit.
1771 3923 1852 3979 10)
1873 3924 1922 3968 Ι..
1948 3921 1996 3967 Ξ.
2024 3933 2096 3978 pr.
2124 3922 2177 3966 D.
2212 3919 2280 3966 de
2304 3919 2563 3967 instructo
2594 3920 2680 3967 vel
2704 3920 2952 3968 instrum.
2979 3923 3084 3981 leq.

278 3983 397 4028 vm.
418 3995 464 4029 v.
484 3996 528 4029 c.
567 3987 617 4030 ι..
642 3982 723 4030 25.
749 3985 775 4039 s
796 3983 876 4030 22.
904 3982 1649 4041 n.ram.erc.-1..54.‹51.et
1712 3986 1945 4042 (xxxin,
1969 3982 2039 4039 7.)

275 4042 330 4089 5.
354 4044 422 4091 de
445 4047 543 4105 leq.
566 4049 623 4094 ΙΙ.
661 4071 720 4079 -
755 4046 827 4092 Cf.
855 4047 1084 4092 Fer-andi
1105 4047 1418 4103 explication.
1463 4049 1479 4092 1
1502 4082 1515 4103 .‚
1565 4047 1647 4095 52.
1780 4046 1858 4104 11)
1881 4049 1931 4092 Ι..
1958 4043 2034 4091 18.
2060 4049 2084 4103 g
2110 4048 2153 4092 1.
2176 4048 2228 4092 D.
2253 4046 2322 4093 de
2342 4043 2537 4092 condit.
2566 4043 2732 4090 instit.
2752 4046 2995 4102 (xxviii,
3013 4042 3085 4101 7.)

277 4108 423 4160 (Ono
447 4108 572 4155 thes.
597 4111 654 4155 ΙΙ.
676 4121 725 4165 p.
746 4107 1027 4162 559.).-oe
1047 4110 1154 4155 aliis
1177 4111 1336 4154 causis
1358 4110 1651 4166 quibusdam
1716 4133 1772 4141 —
1795 4110 1846 4156 Ι..
1867 4106 1946 4156 77.
1972 4121 2044 4166 pr.
2071 4112 2123 4155 D.
2148 4108 2214 4155 de
2235 4107 2439 4156 condic.
2464 4109 2518 4153 et
2536 4108 2827 4154 demonstr.
2860 4114 2875 4158 t
2896 4108 3085 4162 xxxv,

277 4170 447 4277 dulgg
498 4173 598 4218 vid.
645 4171 930 4228 Westpltal
964 4183 1057 4216 von
1090 4169 1407 4218 Vermachtn.
1446 4173 1483 4217 1.
1529 4173 1555 4227 S
1589 4170 1652 4220 86
1715 4172 1759 4215 1.
1789 4171 1804 4226 )
1843 4196 1896 4204 -
1921 4171 1982 4279 4Ι..
2014 4168 2208 4226 mss.
2255 4174 2308 4217 Ι).
2350 4168 2546 4216 dedali
2566 4171 2693 4217 mati
2727 4172 2781 4216 et
2817 4174 2941 4216 met.
2963 4180 3082 4216 exc.

346 4291 396 4402 Z)
439 4295 492 4340 1..
513 4291 593 4342 3⁴.
630 4300 656 4353 3
689 4296 767 4340 11.
803 4297 856 4341 D.
892 4296 961 4343 de
993 4296 1092 4354 leq.
1135 4296 1172 4341 Ι.
1206 4319 1269 4328 ——
1303 4297 1355 4341 Ι..
1382 4292 1492 4341 116.
1532 4296 1557 4350 S
1602 4295 1647 4341 1.
1779 4297 1857 4349 12>
1881 4297 1932 4341 Ι..
1957 4294 2038 4340 32.
2064 4297 2118 4342 D.
2142 4295 2211 4343 de
2233 4297 2331 4355 leq.
2358 4296 2441 4341 ΙΙΙ.

280 4367 348 4403 eo
392 4389 403 4400 .
1273 4369 1274 4372 ¹

347 4416 396 4473 4)
417 4419 470 4463 Ι..
495 4417 573 4465 17.
600 4419 649 4464 in
672 4421 708 4465 f.
736 4422 785 4466 1..
812 4419 893 4466 91.
916 4423 942 4476 S
963 4419 1010 4465 ⁶2.
1037 4420 1084 4463 in
1098 4419 1132 4464 f.
1156 4419 1226 4466 de
1248 4419 1345 4478 leq.
1373 4420 1476 4464 1.-
1501 4418 1652 4468 1..12.
2313 4421 2340 4476 S
2372 4417 2487 4466 726.

283 4483 340 4526 C.
365 4482 433 4525 de
457 4481 614 4539 legat,
641 4483 738 4537 (vt.
761 4481 979 4534 37.)-1..
1005 4479 1087 4526 87.
1113 4483 1180 4527 de
1208 4482 1306 4541 169.
1330 4482 1435 4527 1.-
1462 4482 1649 4528 Caeter.

283 4543 366 4588 vid
404 4545 450 4598 a)
471 4544 519 4587 Ι..
540 4542 620 4589 88.
642 4545 760 4591 eod.
786 4545 907 4600 —h)
928 4545 979 4589 Ι..
1005 4543 1084 4590 55.
1110 4542 1202 4598 ςὸ.
1227 4545 1276 4588 in
1303 4545 1339 4589 t'.
1365 4546 1417 4589 D.
1442 4543 1519 4588 ad
1532 4544 1647 4591 See.
1778 4544 1838 4601 (⁴)
1861 4545 1978 4591 J.F.
2005 4545 2073 4590 de
2094 4546 2251 4591 Betes
2272 4545 2332 4590 de
2354 4545 2512 4589 fideic.
2540 4556 2676 4603 perp.
2700 4543 2857 4590 samii.
2882 4543 3086 4589 reiictis.

290 4603 442 4650 Treb.
478 4606 721 4664 (xxxvl,
743 4608 789 4652 1.
814 4608 831 4665 )
864 4608 909 4663 (S
929 4604 1043 4653 755.
1088 4613 1193 4653 not.
1214 4605 1333 4662 10.).
1370 4631 1430 4639 —
1463 4607 1573 4652 Vnd.
1600 4612 1650 4653 et
1714 4607 1948 4661 (Meet-m.
1973 4608 2099 4653 thes.
2124 4607 2218 4652 vii.
2244 4620 2296 4665 p.
2320 4605 2629 4664 625-6432.).

286 4667 418 4713 intra
441 4673 541 4713 not.
568 4669 643 4713 11.
1779 4670 1821 4724 1)
1853 4670 1902 4714 Ι..
1926 4667 2005 4716 69.
2027 4671 2051 4723 S
2070 4667 2118 4715 ⁴.
2163 4671 2231 4714 de
2271 4669 2369 4730 leq.
2395 4670 2455 4715 ΙΙ.
2491 4694 2550 4703 —-
2586 4672 2637 4714 Ι..
2661 4670 2750 4715 uit.
2776 4669 2829 4714 C.
2849 4669 2916 4716 de
2938 4670 3006 4715 V.
3035 4670 3086 4714 S.

351 4726 399 4784 5)
425 4730 474 4774 Ι..
504 4728 580 4774 18.
604 4729 694 4784 32.
720 4731 773 4777 Ι).
798 4731 866 4778 de
887 4730 987 4791 his,
1006 4740 1147 4789 quae
1166 4732 1226 4774 ut
1247 4729 1446 4788 indiqu.
1471 4728 1647 4784 auser.
1714 4732 1815 4787 (vt,
1835 4729 1934 4789 38.)

286 4790 597 4851 (xxxtv,t).)
1777 4792 1826 4844 2>
1851 4795 1966 4840 vid.
1986 4798 2088 4839 not.
2115 4805 2217 4851 seq.
2241 4800 2292 4838 et
2312 4804 2416 4851 arg.
2440 4794 2491 4839 L.
2517 4793 2565 4839 5.
2588 4805 2662 4851 pr.
2689 4794 2746 4839 D.
2769 4793 2975 4849 dejure
2995 4804 3086 4839 co·

350 4851 398 4908 6)
421 4856 468 4910 a)
489 4855 541 4900 Ι..
563 4852 643 4901 75.
666 4856 692 4908 S
716 4854 759 4901 Ι.
783 4855 852 4901 de
872 4856 970 4913 leq.
994 4855 1051 4899 ΙΙ.
1085 4879 1145 4887 -
1180 4855 1419 4900 Averan.
1445 4855 1649 4913 interpr.
1714 4855 1875 4902 dicia.
1899 4858 2081 4915 (xxix,
2101 4855 2172 4913 7.)
2196 4881 2251 4889 —
2271 4857 2347 4903 ef.
2372 4858 2512 4903 Voel
2530 4857 2591 4903 ad
2616 4857 2765 4903 Pand.
2787 4857 2974 4902 xxxvi
3002 4889 3015 4914 ,
3042 4857 3089 4900 1.

293 4915 370 4974 tv,
391 4913 438 4961 5.
463 4928 538 4963 nr.
559 4916 726 4972 3.—b)
750 4917 800 4963 Ι..
825 4917 872 4963 1.
897 4921 950 4963 C.
976 4916 1170 4965 sicet-t.
1189 4918 1354 4973 petae.
1380 4917 1478 4972 (tv.
1502 4917 1568 4974 2.)
1715 4919 1741 4972 s
1758 4915 1840 4964 ὅθ.
