3544 5506
510 325 626 384 566
1210 338 1363 381 uas
1399 338 1560 382 περ.
1600 337 1719 380 ιιι).
1760 337 1825 380 v.
1866 335 1944 380 ns
1979 332 2408 379 neumam
2445 331 2620 375 mu.

505 447 764 508 fuerant
790 447 1093 506 dissoluta
1112 491 1129 519 ‚
1161 448 1242 504 ad
1278 446 1442 505 idem
1480 450 1945 505 revocarentur
1965 442 2128 516 iuris
2150 456 2349 514 genus
2377 446 2688 515 certaque
2720 440 3334 513 constringerentur

519 545 799 602 ratione.
830 544 1045 616 Neque
1075 557 1230 600 vero
1256 542 1318 599 id
1344 541 1585 600 sactum
1614 538 1708 613 ¹⁰),
1734 540 1888 614 quin
1917 539 2131 614 potius
2153 545 2346 597 aucta
2374 543 2470 597 est
2495 537 2686 611 hujus
2713 537 2806 595 rei
2829 531 3181 596 difficultas
3208 553 3327 610 eo,

510 645 687 717 quod
701 637 1088 701 ‚lastinianus
1110 641 1286 711 iniis,
1306 656 1473 714 quae
1498 642 1579 699 de
1596 641 1897 699 universo
1918 637 2506 711 hereditatumjure
2541 636 2875 711 proposuit
2893 637 3324 712 sancivitque,

508 756 772 815 prorsus
800 742 1036 799 nullam
1055 780 1073 810 ‚
1104 747 1177 799 ut
1199 741 1484 811 videtur,
1506 742 1827 799 bonorum
1856 739 2264 814 possessionis
2293 738 2515 796 habuit
2539 739 2865 796 rationem
2888 735 2986 811 ιι).
3017 734 3167 812 Quo
3190 754 3330 796 ma·

504 838 615 911 jor
651 836 1011 895 adhibenda
1040 844 1137 896 est
1166 853 1324 896 cura
1349 852 1425 895 ac
1462 833 1790 908 diligentia
1808 877 1826 905 ‚
1853 851 1936 894 ne
1963 841 2206 894 temere
2241 833 2411 893 inter
2436 848 2505 892 se
2537 830 3119 904 commisceantur,
3158 849 3330 907 quae

510 948 643 992 non
680 933 795 990 nisi
826 935 908 990 ad
944 935 1329 991 alterutrum
1362 932 1702 991 reserenda
1731 926 1859 989 sint
1880 933 2124 1004 jurium
2153 945 2388 1002 genus,
2425 924 2669 987 scilicet
2695 928 2819 987 hoc
2859 927 3120 987 servato
3150 931 3329 988 velut

509 1029 820 1104 principio
840 1073 857 1105 ,
890 1036 997 1104 ut,
1031 1022 1198 1104 quae
1240 1030 1429 1090 etiam
1453 1025 1793 1088 novissimo
1808 1028 1958 1101 jnre
1990 1026 2370 1085 deteruntur
2396 1024 2787 1084 hereditates
2815 1040 2949 1083 non
2970 1032 3045 1083 ut
3070 1025 3324 1084 heredi-

506 1126 648 1196 bus,
662 1127 775 1182 sed
796 1132 869 1183 ut
885 1126 1201 1184 bonorum
1226 1125 1713 1199 possessoribus,
1728 1138 1844 1183 eae
1867 1123 2377 1194 aestimentur,ex
2398 1121 2721 1195 principiis
2742 1122 3139 1195 regulisque,
3159 1138 3326 1196 quae

509 1227 592 1285 de
620 1227 940 1284 bonorum
988 1225 1489 1299 possessionibus
1523 1219 1927 1299 acquirendis
1952 1229 2195 1284 statuta
2223 1236 2345 1281 nec
2382 1222 2562 1282 novis
2585 1222 3022 1294 legislatorum
3053 1223 3327 1282 decretis

508 1328 760 1387 sublata
789 1334 953 1386 sunt
981 1323 1073 1404 12).

1127 1543 1153 1616 5
1176 1543 1318 1601 690.
1346 1539 1416 1615 Β)
1444 1541 1737 1599 Bonorum
1750 1538 2111 1617 possessionis
2129 1555 2360 1600 summa
2372 1545 2700 1616 praecepta.

584 1736 695 1803 ,His
724 1741 940 1793 autem
983 1733 1081 1792 vel
1112 1732 1384 1791 maxime
1427 1731 1669 1803 legibus
1710 1729 2196 1803 praeceptisque
2225 1728 2471 1801 regitur
2515 1729 2886 1802 praetoriae
2911 1729 3326 1789 succoesionis

511 1830 718 1888 ratio:
744 1829 800 1904 1)
826 1833 1024 1887 Datur
1056 1830 1118 1887 b.
1147 1845 1208 1901 p.
1244 1842 1374 1885 non
1401 1828 1595 1885 modo
1625 1826 1728 1900 iis,
1762 1827 1846 1883 ad
1878 1840 2041 1899 quos
2066 1820 2352 1898 alioquin
2385 1825 2559 1884 bona
2597 1840 2731 1883 non
2767 1827 3192 1899 perveniant,
3224 1840 3326 1884 ve·

517 1945 665 1986 rum
687 1929 782 1986 his
810 1942 1105 2001 quoque,
1135 1927 1367 2001 quibus
1389 1927 1582 1984 etiam
1616 1926 1782 1985 civili
1797 1927 1945 1998 jure
1977 1924 2266 1984 defertur
2288 1926 2641 1995 hereditas,
2675 1940 2756 1984 eo
2786 1926 3053 1999 quidem
3084 1927 3322 2003 ordine,

524 2045 657 2101 quo
674 2030 943 2102 quisque
966 2034 1061 2087 est
1082 2034 1345 2086 vocatus
1376 2027 1588 2085 edicto
1622 2022 1679 2092 ι).
1720 2029 1929 2102 Quare
1966 2031 2079 2082 aut
2106 2025 2528 2084 confirmandi
2560 2031 2674 2082 aut
2702 2026 3100 2083 emendandi
3123 2032 3191 2084 et
3223 2027 3325 2083 im-

522 2126 847 2198 pugnandi
859 2125 1024 2199 ‚iuris
1036 2124 1231 2182 civilis
1251 2125 1452 2196 gratia
1474 2126 1736 2180 Praetor
1757 2119 1992 2180 dicitur
2010 2122 2430 2180 introduxisse
2442 2122 2763 2180 bonorum
2786 2117 3321 2194 possessionemn

515 2223 578 2295 2)
597 2225 702 2280 Est
717 2227 934 2280 autem
960 2221 1063 2278 hic
1090 2222 1251 2278 ordo
1274 2220 1592 2294 bonorum
1606 2219 2075 2291 possessionum
2097 2216 2596 2277 deterendarum
2619 2261 2636 2289 ,
2656 2224 2731 2275 ut
2749 2218 2960 2291 primo
2983 2220 3136 2277 loco
3149 2220 3323 2277 detur

512 2328 717 2379 contra
757 2317 1004 2388 tabulas,
1041 2321 1270 2379 deinde
1316 2316 1624 2376 secundum
1673 2314 1930 2385 tabulas,
1970 2323 2299 2390 postremo
2338 2315 2606 2375 intestati
2648 2316 2925 2373 bonorum
2957 2315 3233 2394 possessio
3259 2312 3318 2388 8).

514 2422 591 2479 At
610 2421 692 2479 de
717 2420 977 2493 singulis
1000 2421 1321 2479 bonorum
1343 2417 1755 2492 possessionis
1777 2418 2030 2477 delatae
2051 2418 2256 2476 causis
2273 2459 2291 2487 ,
2317 2423 2457 2474 tum
2478 2417 2558 2475 de
2579 2419 2869 2490 personis
2886 2458 2900 2483 ‚
2932 2424 3006 2474 et
3033 2431 3169 2489 quo
3191 2418 3319 2474 loco

521 2527 718 2593 atque
747 2500 970 2578 ordine
999 2521 1203 2578 altera
1230 2521 1499 2577 alteram
1526 2518 1799 2591 excipiat
1818 2560 1836 2593 ‚
1872 2513 2245 2586 ibi-demum
2272 2517 2557 2576 dicemus
2579 2563 2595 2587 ‚
2630 2515 2738 2574 ubi
2766 2517 3056 2588 singulas
3085 2507 3318 2574 heredi·

516 2620 660 2678 tarii
683 2620 846 2693 juris
873 2620 1281 2691 quaestiones
1311 2633 1704 2691 exponemus
1738 2614 1803 2690 ⁴).
1836 2619 1900 2690 5)
1936 2619 2217 2693 Debent,
2264 2613 2375 2692 qui
2405 2620 2487 2678 ad
2514 2619 2836 2677 bonorum
2864 2619 3317 2691 possessionem

519 2725 867 2787 vocantur,
893 2733 1013 2777 suo
1043 2720 1316 2792 quisque
1338 2725 1626 2790 tempore
1649 2733 1793 2777 eam
1820 2724 2065 2793 petere,
2097 2719 2488 2793 (agnoscere,
2518 2718 2884 2786 admittere,
2913 2718 3228 2791 accipere)
3247 2715 3311 2789 ὅ),

520 2821 698 2893 quod
739 2821 1002 2893 quidem
1031 2821 1188 2878 utile
1223 2820 1474 2893 tempus
1512 2826 1638 2887 est,
1673 2826 1736 2877 et
1787 2820 1852 2876 in
1900 2815 2249 2893 superioris
2276 2819 2721 2893 inferiorisque
2754 2819 3000 2877 ordinis
3042 2811 3310 2888 cognatis

519 2932 690 2974 anno
709 2963 725 2988 ‚
772 2918 837 2974 in
881 2917 1139 2991 reliquis
1183 2931 1340 2975 vero
1387 2923 1645 2976 centum
1691 2916 1912 2974 diebus
1942 2916 2202 2975 utilibus
2234 2917 2451 2975 finitur
2485 2915 2557 2990 ⁶).
2616 2903 2686 2990 4)
2733 2919 2873 2992 Quo
2923 2922 3125 2972 autem
3171 2914 3304 2970 loco

519 3017 835 3075 bonorum
883 3018 1198 3088 possessio
1244 3016 1564 3084 defertur,
1611 3032 1689 3074 ex
1725 3031 1807 3075 eo
1856 3017 2049 3075 etiam
2089 3023 2317 3089 sponte
2357 3023 2655 3089 apparet,
2706 3015 2815 3087 qui
2865 3017 3143 3088 potiores
3183 3006 3308 3069 aliis

519 3115 796 3173 habendi
825 3116 980 3184 sint,
1011 3115 1137 3174 hoc
1158 3123 1346 3188 pacto
1364 3160 1380 3185 ‚
1403 3124 1476 3175 ut
1494 3116 1761 3174 heredes
1780 3157 1797 3185 ‚
1822 3116 2052 3188 quibus
2074 3123 2186 3175 aut
2215 3116 2534 3190 posterior
2557 3121 2672 3173 aut
2690 3131 2811 3187 par
2833 3130 2990 3172 cum
3011 3101 3312 3172 bonorum
3403 3168 3412 3176 ,

518 3212 982 3288 possessoribus
1017 3218 1383 3289 adsignatus
1408 3223 1504 3276 est
1526 3219 1704 3276 locus
1727 3258 1742 3282 ,
1780 3224 1893 3274 aut
1928 3217 1994 3274 in
2022 3223 2230 3276 totum
2261 3224 2375 3277 aut
2410 3231 2529 3289 pro
2555 3221 2738 3289 parte
2777 3215 3216 3273 excludantur
3244 3211 3314 3269 ab

518 3314 872 3374 hereditate
895 3310 971 3390 ⁷).
998 3318 1265 3389 Oportet
1288 3332 1448 3375 vero
1471 3323 1538 3375 et
1559 3303 1866 3375 'heredem
1883 3356 1898 3384 ‚
1922 3317 2003 3375 ad
2018 3317 2171 3390 ,iura
2201 3317 2558 3377 obtinenda
2578 3318 2902 3376 bonorum
2925 3312 3312 3388 possessoris,

585 3486 668 3543 10)
705 3488 878 3535 Loehr
910 3490 944 3535 Ι.
979 3489 1013 3535 l.
1038 3503 1115 3536 nr.
1139 3487 1189 3537 4.
1216 3504 1268 3550 p.
1289 3488 1379 3537 233
1403 3503 1512 3549 sqq.
1557 3516 1616 3525 —
1651 3489 1888 3551 Saviqny
1959 3503 2011 3538 se
2039 3503 2084 3537 c.
2110 3490 2215 3539 tab.
2242 3491 2518 3537 testamenti
2557 3490 2608 3536 b.
2630 3501 2678 3547 p.
2724 3491 3009 3548 pollicetur,
3031 3491 3079 3537 sl
3101 3488 3324 3537 nemesi!

523 3551 760 3598 zeitschr.
782 3552 839 3597 V.
866 3563 914 3608 p.
940 3548 1019 3597 19.
1043 3552 1124 3597 90.
1962 3553 2040 3599 ad
2065 3564 2222 3611 quem
2266 3552 2333 3599 ab
2356 3554 2607 3601 intestato
2632 3553 2763 3607 jure
2807 3552 3043 3612 quitimo
3066 3553 3322 3610 pertineat

584 3613 661 3669 11)
687 3612 795 3658 Vid.
819 3624 865 3659 v.
889 3625 933 3660 c.
957 3615 1007 3660 1..
1037 3612 1115 3660 19.
1141 3619 1192 3658 et
1212 3613 1293 3661 99.
1335 3615 1388 3661 C.
1431 3613 1641 3671 dejure
1664 3614 1891 3662 deliber.
1955 3615 2243 3663 liet-eomas.
2286 3639 2348 3647 ——
2366 3640 2428 3648 ——
2458 3639 2514 3648 —
2535 3639 2592 3647 ——
2616 3615 2709 3660 Sed
2735 3637 2793 3646 —
2819 3639 2880 3648 -
2905 3636 2971 3648 -—
3002 3640 3059 3648 ——
3104 3617 3318 3671 rescripto

527 3675 645 3733 (Vl,
663 3672 742 3720 50.
767 3676 783 3727 )
804 3675 930 3729 (wid.
974 3676 1101 3723 intra
1134 3677 1251 3731 Cap.
1275 3678 1352 3722 lv.
1378 3676 1507 3722 sect.
1535 3679 1569 3722 l.
1596 3677 1621 3731 S
1644 3675 1798 3733 696)
1832 3700 1894 3710 -

530 3736 647 3783 Nov.
672 3734 922 3784 tls—cr.
943 3740 1096 3798 Huqo
1118 3738 1570 3796 Rechtsgeschichte
1591 3752 1641 3797 p.
1667 3738 1790 3785 1127
1812 3751 1887 3798 sq.

526 3799 626 3853 (ΝΡ.
642 3800 720 3854 11.)
741 3800 836 3854 (ed.
854 3801 954 3855 xl.)
1526 3839 1530 3845 .

586 3862 663 3917 19)
687 3861 857 3909 ιοεΙυ·
878 3864 914 3908 Ι.
940 3864 974 3909 1.
1000 3873 1076 3910 nr.
1094 3859 1145 3908 9.
1167 3867 1218 3909 et
1241 3862 1309 3908 ib.
1333 3873 1381 3921 p.
1404 3859 1498 3909 5⁴⁶
1520 3874 1628 3921 sqq.

1121 4052 1148 4106 S
1179 4046 1293 4096 020.

592 4169 637 4226 1)
672 4171 773 4229 Dig.
800 4172 1084 4229 (xxxvlll,
1106 4170 1218 4229 15.)
1238 4173 1360 4231 quis
1377 4171 1509 4219 ordo
1533 4171 1585 4219 tn
1604 4172 1896 4229 possessio-

528 4230 636 4280 nib.
661 4237 1022 4296 sarnetum-S
1046 4233 1092 4282 1.
1117 4236 1153 4281 i.
1174 4235 1227 4282 Ιι.
1250 4239 1286 4281 1.
1313 4260 1369 4268 —
1393 4235 1511 4291 Gaii
1532 4236 1644 4281 inst.
1667 4238 1751 4295 111,
1770 4233 1896 4282 5⁴—

529 4292 610 4341 37.
638 4296 962 4350 Quamobrem
988 4299 1279 4343 recentiores
1300 4310 1329 4344 a
1356 4296 1665 4345 necessaria
1710 4299 1884 4345 distin-

530 4363 688 4415 guunt
709 4358 890 4405 utilem
914 4361 964 4405 B.
988 4361 1038 4405 P.
1067 4360 1174 4406 vid.
1199 4367 1300 4406 not.
1331 4357 1406 4405 11.

590 4418 638 4475 9)
671 4421 697 4474 S
720 4419 766 4465 1.
796 4423 832 4466 1.
857 4420 908 4466 Ι).
935 4425 974 4467 1.
1000 4447 1060 4456 —-
1087 4421 1160 4467 Cf.
1186 4422 1311 4467 infra
1334 4427 1437 4467 not.
1465 4422 1543 4467 11.
1566 4422 1615 4467 in
1634 4421 1670 4466 t.

587 4480 635 4540 ὅ)
668 4482 742 4527 ef.
771 4482 976 4539 Ulpiani
996 4484 1073 4530 Fr.
1098 4484 1324 4543 (XXVffl,
1347 4483 1415 4540 1.)
1440 4498 1465 4525 ιι
1494 4486 1543 4531 Β.
1565 4484 1617 4530 P.
1642 4483 1788 4530 datur
1811 4489 1897 4530 aut

528 4552 699 4590 contu-a
725 4547 915 4593 tabutas
940 4547 1236 4603 testamenti,
1257 4552 1342 4592 aut
1363 4545 1626 4592 adversus
1648 4546 1862 4593 tabulas
1873 4579 1891 4607 ‚

527 4611 614 4652 aut
636 4608 868 4653 intestati.
893 4625 917 4651 n
941 4608 1065 4664 (vid.
1089 4615 1139 4653 et
1161 4610 1240 4653 Fr.
1266 4610 1348 4653 xx
1371 4643 1386 4665 ‚
1422 4605 1498 4654 1⁴.
1528 4610 1575 4654 in
1599 4609 1636 4655 f.
1658 4614 1706 4653 et
1738 4611 1893 4668 Huqo

532 4669 587 4714 R.
627 4673 683 4716 G.
725 4672 802 4717 ed.
834 4673 891 4716 X.
918 4684 967 4729 p.
1003 4668 1115 4716 528.
1159 4683 1234 4716 nr.
1275 4670 1322 4716 9.
1345 4672 1362 4726 )
1387 4694 1438 4702 -
1475 4671 1757 4726 (Fi-„xxm
1785 4706 1801 4729 ‚
1840 4670 1888 4718 6.

530 4745 556 4772 ιι
582 4732 778 4778 Praetor
814 4734 1007 4791 scriptis
1047 4734 1305 4779 heredibus
1334 4733 1500 4788 juxta
1524 4734 1732 4781 tabulas
1767 4735 1817 4780 b.
1840 4747 1888 4792 p.

527 4793 628 4839 dat.
655 4796 1021 4850 »)-t:aeterum
1042 4796 1121 4841 hic
1144 4795 1263 4841 ordo
1286 4798 1400 4841 otim
1424 4809 1525 4842 nou
1546 4807 1890 4854 usquequaque

528 4854 893 4903 observabatur.
918 4857 1023 4903 vid.
1050 4855 1166 4913 Gaji
1184 4858 1294 4903 inst.
1320 4858 1379 4914 tl,
1403 4858 1512 4905 119.
1540 4858 1680 4905 190.«ι
1693 4860 1892 4906 Praetor

532 4939 587 4949 —-
612 4919 801 4977 scriptis
822 4934 848 4961 n
868 4920 1004 4977 [scil.
1029 4919 1267 4966 inutiliter
1285 4918 1396 4974 jure
1417 4920 1564 4977 civili]
1586 4935 1611 4964 ιι
1633 4921 1892 4968 heredibus

1959 3702 2021 3710 —
2047 3703 2103 3711 —
2135 3702 2191 3710 —
2215 3679 2333 3735 imp.
2355 3677 2595 3724 Antonini
2618 3677 2920 3734 significatur
2943 3711 2959 3734 ‚
2983 3690 3071 3723 eos
3091 3711 3109 3731 ,
3130 3680 3215 3736 qui
3233 3687 3316 3721 sec.

1954 3740 2059 3787 tab.
2109 3742 2389 3787 testamenti
2441 3752 2539 3785 non
2581 3740 2694 3794 jure
2735 3740 2889 3784 tactas
2912 3740 2963 3785 1).
3005 3753 3058 3797 p.
3106 3740 3316 3797 petierint

1955 3814 2093 3860 posse
2113 3803 2340 3849 adversus
2361 3814 2464 3859 eos,
2485 3802 2570 3859 qui
2589 3801 2651 3846 ab
2674 3800 2909 3847 intestato
2929 3801 3187 3847 vindicant
3197 3801 3318 3847 here·

1955 3865 2177 3919 ditatem,
2198 3864 2469 3911 defendere
2489 3875 2541 3909 se
2574 3875 2660 3920 per
2678 3864 3019 3921 exceptionem
3043 3865 3148 3909 doli
3169 3862 3315 3909 mati.-

1960 3951 2020 3961 -
2040 3927 2114 3973 Cf.
2137 3925 2403 3973 Schrader
2423 3928 2457 3973 1.
2483 3928 2517 3972 l.
2540 3926 2584 3981 (3
2606 3921 2718 3972 619.
2737 3932 2840 3971 not.
2862 3926 2936 3982 3.)
2954 3939 3005 3983 p.
3030 3924 3112 3971 3¹.
3144 3949 3200 3959 -
3219 3928 3318 3971 Au·

1955 3989 2117 4037 cteris
2139 3999 2318 4034 comm.
2341 3987 2539 4036 Gtuckit
2560 3988 2743 4034 contin.
2764 3989 2971 4033 xxxvl.
2997 3989 3120 4045 p.21
3131 3984 3317 4035 s—ztr.

1959 4052 2213 4107 xxxviii.
2237 4063 2286 4108 p.
2311 4048 2406 4096 568
2429 4064 2500 4108 sq.
2521 4056 2622 4096 not.
2648 4050 2729 4095 93.

2017 4112 2067 4172 4)
2101 4115 2210 4159 Vid.
2236 4124 2284 4158 v.
2305 4126 2350 4159 c.
2370 4111 2524 4169 5690.
2545 4109 2657 4158 697.
2677 4109 2791 4158 030.
2818 4123 2834 4169 3
2873 4116 2982 4158 tum
3007 4124 3132 4161 vero
3172 4114 3317 4159 loe-n

1956 4177 2018 4222 de
2051 4187 2158 4233 aeq.
2183 4175 2288 4221 her.
2312 4176 2382 4231 (C.
2410 4177 2487 4223 tv.
2509 4175 2559 4221 S.
2585 4176 2661 4230 1.).
2686 4174 2748 4219 de
2768 4179 2941 4220 contra
2993 4176 3191 4224 tabulas
3212 4176 3314 4233 b.p.

1958 4244 2009 4285 et
2034 4238 2096 4284 de
2120 4250 2216 4283 sec.
2243 4236 2344 4283 tab.
2370 4238 2419 4283 1).
2444 4250 2492 4296 p.
2517 4237 2587 4294 (C.
2612 4235 2713 4292 Vl.)

2018 4297 2069 4355 5)
2102 4300 2179 4348 Cf.
2201 4301 2355 4358 Huqo
2378 4301 2433 4346 R.
2454 4302 2510 4349 G.
2534 4300 2614 4345 ed.
2631 4299 2712 4343 tx,
2732 4310 2779 4355 p.
2801 4295 2920 4344 500.
2945 4305 3053 4346 not.
3075 4302 3126 4346 9.

2021 4359 2071 4419 6)
2105 4371 2126 4421 ς
2165 4359 2214 4407 9.
2259 4362 2295 4406 l.
2336 4361 2387 4408 Ιι.
2413 4366 2451 4408 e.
2478 4384 2536 4393 —
2562 4361 2613 4406 t..
2655 4360 2703 4404 1.
2725 4362 2751 4415 s
2775 4361 2854 4405 19.
2901 4362 2957 4406 D.
2979 4360 3051 4408 de
3075 4360 3314 4410 moad.

1956 4425 2232 4482 (xxxviii,
2251 4419 2322 4477 9.)
2347 4447 2398 4455 -
2428 4425 2480 4469 L.
2502 4424 2553 4469 9.
2576 4434 2650 4481 pr.
2674 4423 2701 4477 ς
2722 4424 2768 4468 1.
2791 4425 2842 4469 5.
2867 4424 2923 4469 D.
2947 4424 3073 4482 quis
3103 4426 3238 4473 omo
3268 4425 3315 4471 in

1958 4500 2014 4545 p.
2039 4498 2180 4533 serv.
2208 4510 2263 4520 -
2289 4484 2382 4539 58.
2408 4485 2515 4533 lde.
2537 4489 2574 4532 t.
2600 4510 2653 4518 —
2685 4487 2736 4533 t..
2763 4488 2808 4531 1.
2849 4497 2923 4543 pr.
2966 4486 3039 4534 de
3060 4499 3206 4536 succ.
3239 4485 3314 4533 ed.

1961 4551 2238 4609 (xxxviii,
2259 4548 2329 4604 9.)

2023 4610 2074 4668 7)
2109 4612 2228 4669 Gaij
2246 4614 2355 4657 inst.
2380 4611 2463 4665 lli,
2483 4607 2679 4657 3⁴.-1..
2706 4607 2784 4656 13.
2830 4622 2906 4667 pr.
2944 4611 2999 4656 1..
3030 4609 3110 4659 15.
3135 4613 3187 4658 in
3211 4612 3245 4657 f.
3268 4612 3315 4656 D.

1959 4672 2030 4720 de
2047 4673 2096 4719 b.
2119 4686 2174 4730 p.
2194 4688 2240 4723 ο.
2268 4677 2306 4720 t.
2329 4669 2664 4729 (xxxmae.)
2687 4696 2742 4705 —
2768 4673 2922 4719 1..1o.
2947 4674 3005 4719 D.
3048 4673 3116 4721 de
3149 4674 3314 4720 conat.

1957 4735 2296 4791 (xxxvtt.6.)
2316 4758 2377 4768 ·-
2400 4733 2638 4783 Vinnius
2673 4733 2734 4779 ad
2776 4747 2853 4792 pr.
2888 4738 2924 4782 t.
2950 4735 3217 4796 dqexher.
3241 4735 3314 4780 ns.

1960 4809 2038 4843 nr.
2062 4795 2112 4844 7.
2138 4824 2197 4833 -
2221 4797 2368 4846 Koch
2380 4799 2429 4843 Β.
2454 4799 2507 4843 P.
2531 4809 2580 4854 p.
2604 4794 2880 4844 227-229.
2905 4803 2958 4844 et
2981 4811 3031 4855 p.
3051 4795 3311 4846 303-338.

1954 4881 2015 4894 -—
2052 4862 2223 4908 Loelw
2245 4863 2279 4908 l.
2304 4863 2338 4906 l.
2362 4872 2412 4917 p.
2433 4857 2527 4907 504
2557 4881 2619 4892 —
2651 4858 2764 4910 559.
2790 4884 2851 4895 -
2872 4863 3029 4921 Huqo
3048 4863 3103 4910 tt.
3128 4866 3186 4910 G.
3209 4859 3315 4918 (xl.)

1964 4935 2013 4984 p.
2033 4921 2129 4972 605
2149 4923 2433 4983 sqq—vid,
2456 4928 2561 4970 not.
2588 4919 2667 4972 13.
