3544 5506
477 354 589 410 418

475 479 636 534 tium
679 476 1072 533 voluntatem
1102 489 1279 532 suam
1321 476 1740 533 confirmarat
1783 476 2063 535 donator
2082 476 2154 548 6).
2203 480 2362 535 Tota
2407 484 2625 535 autem
2665 476 2759 535 rei
2787 477 2979 537 facies
3019 480 3286 540 subinde

476 576 810 633 immutata
841 581 969 644 est,
1002 580 1141 631 tum
1166 590 1288 632 usu
1312 581 1376 632 et
1403 571 1907 647 consuetudine,
1943 583 2081 633 tum
2121 591 2276 634 vero
2299 576 2571 634 maxime
2599 576 2793 650 impp.
2823 579 3287 639 constitutioni·

472 672 591 728 bus
620 672 691 738 ⁷).
733 673 882 727 Nam
906 686 1070 742 quae
1097 685 1212 727 usu
1248 670 1523 742 primum
1553 670 1914 728 invaluerat
1937 713 1953 739 ,
1987 677 2169 729 certe
2194 672 2258 727 in
2277 670 2629 743 majoribus
2653 672 2867 740 rebus,
2889 672 3121 742 forma,
3147 690 3285 732 eam

471 777 797 841 tamquam
836 769 1260 826 necessariam
1301 770 1748 826 solennitatem
1789 765 2217 842 imperatores
2267 770 2716 845 sanciverunt,
2760 772 2895 830 scil.
2935 779 3008 829 ut
3045 774 3288 847 scriptis

471 867 703 924 fierent
727 859 1139 939 donationes,
1182 868 1318 920 tum
1355 864 1516 921 actis
1543 859 2028 922 insinuarentur
2050 866 2134 938 ⁸),
2184 871 2437 924 remota
2465 874 2881 939 exceptarum
2911 875 2977 925 et
3016 884 3151 927 non
3181 885 3288 927 ex·

470 969 803 1035 ceptarum
841 977 1266 1034 personarum
1290 961 1653 1020 differentia
1671 962 1752 1037 θ),
1779 964 1991 1022 donec
2009 1005 2024 1032 ‚
2065 970 2207 1036 post
2235 965 2509 1022 aliorum
2539 961 3004 1038 imperatorum
3024 961 3287 1025 innova·

470 1064 680 1121 tiones
706 1058 767 1136 ¹⁰)
820 1077 857 1119 a
895 1061 1250 1120 Justiniano
1287 1064 1704 1119 constitutum
1731 1071 1865 1137 est,
1910 1069 1983 1119 ut
2009 1063 2202 1120 etiam
2244 1060 2431 1121 nudis
2480 1061 3017 1123 conventionibus
3064 1067 3287 1124 fierent

473 1159 853 1218 donationes
876 1154 976 1235 ¹¹),
1030 1159 1293 1231 insuper
1340 1159 1699 1217 adhibenda
1760 1167 2086 1231 gestorum
2137 1161 2520 1219 solennitate
2561 1204 2576 1232 ,
2626 1177 2673 1220 s.
2725 1162 3185 1236 insinuatione,
3239 1165 3285 1222 si

472 1253 974 1330 quingentorum
1017 1256 1363 1313 solidorum
1398 1271 1714 1312 summam
1746 1257 2170 1327 egrederetur
2196 1258 2460 1315 donatio
2484 1244 2577 1329 ¹²).
2620 1254 3034 1331 Excipiuntur
3072 1266 3286 1318 tamen

471 1358 553 1414 ab
579 1354 1021 1415 insinuationis
1051 1355 1431 1414 necessitate
1465 1362 1529 1412 et
1546 1356 1912 1427 imperiales
1936 1357 2315 1415 donationes
2342 1356 2433 1430 ¹³),
2461 1363 2529 1414 et
2551 1372 2715 1429 quae
2742 1365 2855 1415 aut
2874 1373 2992 1430 pro
3014 1359 3288 1430 captivo-

470 1469 615 1511 rum
639 1453 1033 1511 redemtione
1057 1446 1220 1509 fiunt
1251 1448 1316 1523 ¹⁴)
1334 1495 1349 1521 ‚
1384 1458 1496 1508 aut
1524 1468 1559 1508 a
1589 1451 1902 1521 magistris
1950 1448 2218 1509 militum
2250 1450 2395 1526 ipsis
2426 1449 2684 1525 quidem
2712 1454 3014 1511 militibus
3042 1441 3151 1529 ¹⁵),
3179 1461 3288 1512 aut

470 1555 534 1610 in
564 1555 869 1611 domuum
903 1552 1000 1610 vel
1031 1552 1325 1609 incendio
1357 1552 1455 1609 vel
1492 1552 1674 1608 ruina
1721 1559 2179 1623 corruptarum
2219 1552 2636 1611 resectionem
2668 1538 2772 1623 ¹⁶),
2804 1560 2869 1610 et
2902 1552 3099 1611 futuri
3130 1558 3286 1611 tem-

469 1653 642 1726 poris
664 1667 1001 1710 usurarum
1026 1652 1402 1708 donationes
1427 1666 1477 1710 s.
1510 1650 1909 1708 remissiones
1934 1645 2026 1724 ¹⁷),
2053 1658 2189 1707 tum
2217 1668 2372 1710 vero
2391 1696 2407 1721 ‚
2443 1669 2519 1710 ex
2544 1654 3005 1711 nonnullorum
3034 1653 3287 1725 quidem

471 1752 799 1826 opinione,
831 1757 895 1808 et
919 1766 1085 1823 quae
1110 1752 1225 1823 piis
1241 1752 1617 1823 corporibus
1644 1753 1971 1809 donantur
1989 1746 2079 1822 ¹⁸).
2110 1755 2449 1810 Praeterea
2471 1752 2631 1808 haee
2655 1753 2848 1809 etiam
2880 1753 3286 1809 observanda

469 1858 663 1908 sunt:
703 1851 758 1922 1)
806 1853 1070 1908 Fructus
1102 1850 1165 1907 in
1204 1851 1564 1909 donationis
1609 1852 1925 1908 rationem
1961 1866 2089 1907 non
2120 1865 2257 1909 esse
2298 1852 2771 1922 computandos
2804 1847 2913 1925 ¹⁹);
2956 1851 3018 1923 2)
3062 1849 3287 1924 quodsi

471 1951 610 2022 quis
641 1966 755 2022 per
783 1949 1033 2007 diversa
1057 1956 1350 2020 tempora
1375 1952 1591 2022 plures
1614 1950 1991 2008 donationes
2026 1951 2087 2007 in
2114 1953 2386 2008 eandem
2417 1951 2712 2009 conserat
2736 1965 3099 2023 personam,
3127 1965 3288 2023 quae

469 2050 727 2123 quidem
770 2050 1157 2123 conjunctae
1198 2051 1511 2108 excedant
1552 2051 1977 2121 quantitatem
2022 2051 2365 2122 legitimam
2391 2094 2406 2121 ,
2454 2066 2618 2122 opus
2665 2066 2797 2109 non
2842 2065 2979 2108 esse
3007 2050 3291 2108 insinua-

468 2150 644 2208 tione
675 2144 743 2223 ²⁰)
772 2169 788 2223 3
834 2148 892 2223 5)
941 2151 1036 2207 sin
1079 2149 1390 2223 ejusmodi
1424 2150 1504 2207 sit
1527 2151 1793 2209 donatio
1818 2198 1833 2222 ‚
1861 2156 1934 2207 ut
1973 2152 2366 2222 quantitates
2391 2157 2805 2223 praestentur
2828 2150 3021 2208 certis
3042 2156 3293 2222 tempo-

468 2246 644 2302 ribus
672 2244 1078 2314 redeundae,
1111 2260 1240 2302 non
1272 2260 1409 2303 esse
1432 2245 1859 2303 neeessariam
1890 2246 2387 2303 insinuationem
2411 2288 2425 2312 ‚
2472 2240 2591 2302 nisi
2620 2252 2731 2302 aut
2756 2241 2817 2302 in
2848 2245 3121 2303 heredes
3151 2261 3292 2318 por-

476 2345 724 2416 rigatur
753 2344 1014 2401 donatio
1039 2387 1052 2410 ‚
1086 2351 1198 2401 aut
1227 2350 1477 2402 certum
1506 2345 1583 2401 sit
1604 2344 2053 2418 praestationis
2084 2352 2336 2417 tempus
2369 2345 2734 2412 delinitum,
2765 2345 2853 2402 ita
2898 2344 3195 2415 quidem,
3226 2351 3292 2401 ut

475 2440 734 2514 singulis
765 2444 1148 2515 computatis
1178 2440 1645 2516 quantitatibus
1673 2444 1997 2518 legitimus
2028 2445 2257 2502 modus
2286 2445 2636 2501 excedatur
2663 2441 2762 2517 ²¹).
2795 2447 3135 2501 Caeterum
3179 2458 3294 2500 nee

470 2558 703 2600 causae
741 2539 1025 2614 cognitio
1061 2544 1420 2601 necessaria
1451 2551 1547 2601 est
1589 2545 1651 2600 in
1687 2540 2141 2603 donationibus
2189 2545 2611 2615 insinuandis,
2646 2559 2766 2603 nec
2799 2542 2860 2600 id
2903 2543 3289 2616 requiritur,

473 2644 546 2694 ut
578 2643 950 2709 competens
980 2639 1058 2695 sit
1079 2638 1277 2712 judex
1299 2680 1315 2707 ‚
1342 2641 1514 2713 apud
1544 2656 1736 2712 quem
1768 2642 1876 2698 fiat
1902 2640 2262 2699 aestimatio
2286 2636 2385 2715 22).
3364 2633 3369 2636 ’

1213 369 1362 408 PARS
1402 367 1558 408 SPEC.
1603 368 1720 408 Lm.
1764 368 1862 409 nl.
1906 368 1982 408 DE
2020 368 2540 409 OBLIGA'nommJS.

1459 2821 1484 2893 §
1514 2820 1651 2878 445.
1688 2822 1783 2884 IV)
1815 2819 2158 2877 Donationis
2199 2819 2304 2877 vis.

560 3006 643 3060 Ex
689 3007 878 3073 pacto
907 2999 1194 3058 nascitur
1242 2998 1412 3059 actio
1460 3000 1542 3057 ad
1583 2999 1972 3072 implendam
2024 2995 2476 3059 donationem:
2528 3004 2799 3057 vocatur
2851 2993 3175 3058 condictio
3222 3012 3301 3055 ex

476 3166 721 3223 explicant
740 3167 912 3210 Hasse
928 3164 965 3211 1.
989 3166 1015 3219 S
1034 3163 1112 3209 25.
1134 3161 1217 3210 24.
1240 3162 1317 3210 26.
1342 3162 1422 3211 27.
1448 3166 1528 3211 111.
1553 3177 1602 3223 p.
1625 3162 1716 3213 174
1739 3177 1846 3222 sqq.
1915 3164 2040 3211 uber
2064 3164 2144 3209 die
2170 3165 2470 3210 insinuation
2511 3165 2560 3210 d.
2589 3164 2943 3222 Sebenkungen
2963 3163 2979 3220 (
3001 3160 3232 3209 zeitschr.
3261 3159 3299 3204 f.

478 3233 528 3275 et
559 3227 947 3274 Unterholzner
968 3228 1049 3273 111.
1074 3241 1122 3285 p.
1144 3224 1236 3271 158
1258 3239 1362 3286 sqq.
1914 3228 2081 3274 Civilr.
2106 3239 2154 3272 ιι.
2177 3228 2315 3273 Proc.
2344 3228 2379 3271 1.
2407 3229 2488 3272 Nr.
2515 3229 2589 3283 l.).

541 3290 592 3340 6)
615 3292 723 3335 Vnt.
747 3291 823 3335 Fr.
849 3293 875 3346 3
897 3287 1008 3335 259.
1031 3290 1079 3333 in
1102 3288 1136 3334 t.
1162 3292 1188 3345 S
1209 3287 1321 3336 266.
1357 3290 1382 3342 S
1405 3287 1514 3334 272.
1536 3288 1588 3333 in
1612 3287 1648 3334 f.
1686 3291 1712 3345 S
1732 3285 1847 3334 294.
1980 3287 2057 3345 13)
2083 3290 2133 3332 Ι..
2158 3286 2238 3334 54.
2266 3302 2337 3346 pr.
2364 3290 2413 3335 in
2438 3290 2474 3334 f.
2498 3290 2551 3334 C.
2577 3287 2627 3333 Ιι.
2655 3289 2877 3333 1.-Νον.
2912 3285 2993 3333 52.
3020 3298 3069 3332 c.
3091 3286 3142 3330 2.

479 3352 592 3400 512.
635 3349 746 3397 315.
784 3375 844 3384 -
877 3352 950 3397 Cf.
992 3354 1166 3397 Hasse
1199 3353 1237 3396 l.
1282 3353 1307 3406 S
1347 3351 1397 3399 6.
1432 3356 1481 3397 et
1525 3350 1603 3397 12.
1640 3376 1699 3384 -
1741 3352 1852 3397 Un·
1981 3349 2058 3408 14)
2084 3352 2135 3396 L.
2160 3349 2245 3397 56.
2278 3363 2353 3409 pr.
2378 3353 2428 3397 C.
2455 3351 2509 3398 ἡ.
2536 3356 2573 3397 t.
2601 3351 2705 3398 (cf.
2734 3349 2997 3396 Mat-ezel!
3024 3350 3062 3394 Ι.
3090 3348 3124 3393 l.
3166 3344 3303 3406 p.25

485 3414 788 3463 terlzolzner
808 3414 886 3458 111.
925 3425 972 3471 p.
1000 3411 1092 3460 165
1115 3426 1187 3472 sq.
1225 3414 1251 3468 S
1272 3415 1347 3458 12.
1379 3439 1433 3447 -
1478 3413 1856 3472 Warnlroeniq
1920 3425 1994 3472 sq.
2020 3426 2097 3458 nr.
2121 3414 2207 3469 2.).

482 3491 533 3537 p.
557 3475 651 3524 256
675 3489 749 3534 sq.
1987 3473 2063 3532 15)
2084 3477 2136 3520 L.
2161 3474 2241 3522 36.
2276 3478 2301 3532 ς
2324 3477 2368 3522 1.
2408 3475 2461 3522 C.
2485 3476 2538 3523 Ιι.
2561 3479 2597 3521 t.
2622 3474 2720 3532 (cf.
2746 3473 3009 3521 Mat-ezel!
3038 3474 3072 3520 l.
3093 3475 3129 3520 l.
3172 3487 3221 3533 p.
3239 3472 3307 3521 24

547 3539 596 3596 7)
635 3536 922 3594 Argumenti
963 3528 1219 3583 historiam
1262 3544 1490 3586 accurate
1534 3541 1859 3596 persequutus
1924 3551 1997 3596 sq.
2022 3550 2098 3582 nr.
2127 3539 2215 3586 1.).

483 3607 556 3648 est
576 3600 786 3648 Wenck
804 3600 839 3644 l.
862 3601 897 3643 1.
914 3600 966 3653 §S
983 3600 1085 3645 xlv
1110 3601 1323 3646 —XXll.
1340 3601 1517 3647 —Vid.
1535 3606 1583 3646 et
1604 3599 1865 3646 Marezoll
1989 3598 2065 3654 16)
2085 3601 2134 3645 Ι..
2159 3598 2238 3647 56.
2275 3602 2301 3656 s
2323 3597 2374 3645 2.
2399 3600 2452 3646 C.
2477 3600 2529 3646 Ιι.
2558 3602 2594 3645 t.
2622 3597 2724 3657 (cf.
2752 3598 3065 3645 Marezolll.
3091 3599 3129 3644 l.
3148 3611 3197 3657 p.
3218 3597 3304 3647 26.

485 3667 537 3710 in
562 3661 833 3710 Grolmcmi
856 3659 1157 3719 Loelzriique
1179 3662 1365 3718 Magaz.
1392 3666 1470 3709 tv.
1512 3675 1559 3720 p.
1587 3660 1858 3709 175—203.
1925 3674 2002 3708 ur.
2025 3662 2114 3718 3.).

487 3728 586 3780 (nr.
609 3727 677 3784 5.)
705 3749 759 3757 —
801 3721 1155 3770 Klinklmmer
1174 3725 1206 3769 l.
1229 3726 1261 3771 l.
1299 3738 1348 3783 p.
1386 3723 1478 3771 154
1511 3737 1616 3783 sqq.
1655 3727 1668 3770 (
1693 3727 1718 3779 S
1750 3721 1782 3769 5
1806 3748 1860 3757 -
1991 3722 2067 3781 17)
2093 3726 2143 3770 1..
2165 3723 2245 3770 23.
2272 3736 2348 3781 pr.
2374 3725 2429 3770 D.
2454 3724 2507 3770 Ιι.
2531 3728 2569 3770 t.
2598 3748 2653 3756 —
2697 3723 2806 3768 Vid.
2830 3725 2897 3768 11.
2923 3725 2982 3768 G.
3006 3724 3194 3768 Bauer
3215 3724 3311 3767 Re·

486 3787 536 3835 7.
560 3790 594 3845 ).
633 3815 689 3823 -
752 3785 1139 3833 Πηιενήοιτηει·
1190 3788 1221 3832 l.
1267 3788 1300 3833 l.
1356 3789 1435 3834 111.
1492 3799 1542 3844 p.
1601 3785 1691 3833 167
1747 3798 1852 3844 sqq.

491 3853 507 3910 (
551 3910 601 3966 8)
625 3914 697 3958 Cf.
725 3914 777 3957 1..
803 3912 825 3954 1
852 3935 913 3945 —-
935 3907 983 3955 6.
1006 3910 1098 3957 Th.
1120 3911 1173 3956 C.
1202 3912 1270 3957 de
1289 3911 1473 3958 donat.
1499 3910 1644 3972 (vul,
1668 3909 1766 3967 12.)
1804 3934 1857 3944 --

491 3976 545 4021 1..
569 3974 649 4022 25.
674 3980 722 4021 et
742 3972 821 4020 27.
844 3973 1022 4020 Justin.
1043 3973 1097 4017 C.
1123 3973 1175 4019 Ιι.
1195 3979 1231 4020 t.

555 4036 604 4093 9)
623 4040 759 4084 Caet.
785 4036 883 4082 vid.
913 4035 1124 4083 Wenclc
1149 4037 1181 4082 l.
1210 4040 1246 4082 l.
1267 4037 1408 4090 SXV.

557 4099 637 4156 10)
661 4100 769 4145 vid.
797 4100 847 4143 L.
872 4097 1018 4144 29.οῑ
1049 4097 1127 4143 50.
1152 4102 1206 4145 C.
1231 4099 1282 4144 Ιι.
1305 4102 1342 4143 t.
1365 4097 1559 4156 (quibus
1577 4098 1726 4144 etiam
1748 4096 1863 4143 seri—

493 4163 590 4223 ptis
613 4161 1018 4221 perficiendarum
1042 4161 1364 4208 donationum
1384 4162 1644 4208 necessitas
1666 4159 1865 4208 remissa

494 4231 607 4279 est}-
637 4226 687 4269 1..
714 4223 794 4269 51.
819 4228 868 4269 et
887 4220 969 4268 32.
992 4223 1109 4268 eod.

560 4258 646 4342 1²1)
673 4287 721 4331 ld
744 4286 877 4332 enim
900 4285 1050 4331 dubio
1077 4290 1243 4344 caret,
1276 4286 1315 4330 si
1349 4285 1548 4343 quidem
1579 4297 1638 4331 ex
1681 4297 1732 4331 se
1755 4298 1866 4343 spe-

498 4354 695 4397 ctantur
716 4350 834 4408 legis
851 4348 995 4395 verba
1029 4349 1045 4405 (
1068 4348 1117 4394 L.
1139 4346 1218 4395 35.
1240 4348 1266 4402 S
1287 4346 1335 4394 5.
1357 4351 1409 4394 C.
1433 4346 1484 4394 Ιι.
1510 4351 1580 4403 t.,·
1602 4348 1667 4393 cf.
1706 4351 1732 4404 S
1755 4349 1803 4395 2.
1829 4351 1865 4395 l.

499 4412 637 4468 eod.)
654 4446 667 4466 ,
690 4423 844 4469 eaque
867 4414 939 4458 est
960 4411 1231 4456 communis
1250 4411 1479 4456 JCtorntn
1499 4414 1738 4457 sententia
1764 4409 1862 4463 (ef.

500 4473 852 4522 Klmklmmer
890 4488 938 4532 p.
988 4469 1077 4520 167
1122 4486 1227 4531 sqq.
1263 4473 1289 4527 S
1333 4475 1419 4530 2.).
1455 4497 1514 4505 -
1547 4475 1735 4519 caeter.
1763 4473 1864 4521 vid.

502 4539 572 4582 Η.
597 4537 802 4584 Donell.
826 4541 1092 4583 comment.
1126 4536 1227 4590 jur.
1251 4535 1379 4581 civil.
1414 4535 1538 4580 xltl.
1582 4549 1625 4582 c.
1647 4535 1729 4582 22.
1757 4537 1805 4580 in
1828 4535 1863 4582 f.

503 4604 565 4644 At
590 4601 746 4645 multo
767 4600 915 4645 etiam
940 4600 1093 4655 magis
1112 4598 1396 4644 acommuni
1420 4600 1658 4645 sententia
1684 4599 1869 4644 recedit

504 4662 761 4708 Mar-ezel!
779 4663 903 4720 Mag.
930 4660 1006 4706 tv.
1032 4672 1079 4718 p.
1105 4659 1163 4706 91
1186 4672 1295 4718 sqq.
1310 4684 1364 4692 —·
1385 4661 1448 4705 De
1468 4672 1524 4706 ea
1540 4667 1703 4708 autem
1726 4671 1872 4719 quae-

505 4726 693 4770 stione:
722 4736 837 4769 num
863 4727 911 4770 in
936 4724 1240 4769 donationib.
1263 4723 1534 4779 acceptatio
1571 4725 1772 4770 omnino
1810 4724 1873 4769 sit

504 4787 776 4832 necessaria
789 4788 809 4830 7
822 4787 921 4832 vid.
937 4788 992 4831 C.
1010 4787 1065 4830 G.
1083 4787 1163 4833 W
1160 4784 1394 4832 enckleri
1404 4786 1570 4841 Progr.
1583 4788 1709 4846 Lips.
1732 4783 1871 4831 1770.

505 4873 569 4884 --
624 4848 831 4894 Omnino
871 4849 937 4894 cf.
988 4852 1037 4893 et
1101 4847 1167 4894 de
1227 4845 1523 4905 Meyer-feld
1568 4848 1600 4894 l.
1647 4852 1678 4896 l.
1734 4849 1759 4903 S
1794 4848 1872 4895 12.

501 4912 587 4957 ’Nm
608 4909 673 4956 24
694 4922 800 4968 sqq.

1927 3788 2213 3833 missionem
2231 3787 2383 3832 debiti
2408 3787 2445 3832 si
2468 3786 2659 3832 excedit
2675 3786 2969 3841 quingentos
2990 3785 3175 3832 solidos
3196 3786 3309 3830 exi-

1929 3862 2042 3906 gere
2086 3850 2464 3895 insinuationem
2517 3848 2819 3904 judicialem.
2891 3849 3019 3905 Lips.
3064 3845 3209 3896 1763.
3248 3871 3307 3879 -

1927 3913 2075 3969 Negat
2110 3911 2395 3970 Μαι-83011,
2421 3911 2549 3956 hanc
2589 3922 2691 3955 esse
2726 3909 3067 3955 donationem.
3108 3912 3165 3955 At
3204 3913 3312 3967 ipse

1928 3976 2174 4032 respondit
2195 3973 2489 4019 Modestinus
2516 3989 2528 4018 ε
2562 3975 2648 4018 «in
2667 3985 2722 4019 ea
2746 3973 3015 4018 donatione
3033 3988 3059 4012 a»
3086 3971 3208 4019 nibil
3229 3976 3311 4018 in·

1928 4048 2032 4082 esse
2050 4037 2174 4083 vitii.

1993 4096 2070 4158 18)
2091 4098 2177 4144 Cui
2201 4102 2364 4144 tamen
2385 4097 2601 4155 opinioni
2639 4098 2802 4155 legum
2848 4096 2999 4142 verba
3042 4096 3316 4143 manifesto

1930 4161 2255 4218 refragantur.
2284 4160 2389 4205 Vid.
2414 4163 2462 4205 t..
2490 4158 2561 4207 19.
2579 4161 2631 4204 C.
2649 4162 2716 4206 de
2728 4160 3102 4205 sacrosanctis
3120 4161 3315 4207 eccles.

1932 4224 1989 4281 (l,
2009 4222 2078 4278 2.)
2097 4229 2146 4268 et
2167 4225 2221 4267 Ι..
2242 4221 2408 4280 54.ῃι·.
2434 4228 2483 4267 et
2504 4222 2530 4276 S
2554 4223 2597 4267 1.
2618 4223 2671 4269 C.
2697 4221 2748 4267 Ιι.
2769 4226 2806 4266 t.
2822 4246 2879 4254 -
2900 4220 3169 4268 Mares-011
3187 4221 3317 4280 puio

1932 4298 2038 4345 sqq.
2064 4287 2158 4344 (nr.
2182 4285 2269 4342 2.).

1999 4347 2076 4404 19)
2096 4350 2146 4394 l..
2170 4345 2218 4393 9.
2244 4345 2331 4402 §¹-
2359 4348 2409 4391 L.
2434 4346 2511 4392 11.
2539 4348 2593 4391 D.
2618 4346 2670 4392 Ιι.
2698 4351 2736 4392 t.

1990 4410 2069 4467 20)
2092 4411 2143 4455 L.
2164 4408 2262 4516 ⁰3⁴.
2306 4411 2331 4464 S
2371 4411 2418 4454 5.
2462 4410 2516 4454 C.
2549 4408 2601 4454 Ιι.
2624 4409 2665 4454 t.
2701 4431 2760 4440 —
2795 4408 2870 4453 Cf.
2913 4409 3183 4455 Mat-ezel!
3202 4410 3235 4454 l.
3277 4412 3317 4456 1.

1932 4488 1962 4533 p
1992 4534 2071 4588 21)
2094 4533 2246 4581 us«.
2269 4534 2295 4587 S
2317 4531 2363 4580 4.
2390 4534 2444 4578 C.
2467 4532 2581 4578 1ι.ι.
2621 4557 2676 4566 —-
2713 4534 2788 4579 Cf.
2815 4532 3004 4578 Glossa
3026 4533 3092 4579 ad
3116 4534 3168 4579 b.
3190 4535 3225 4579 Ι.
3252 4558 3320 4568 -

1932 4598 2189 4643 Mar-ezod
2208 4599 2239 4641 1.
2263 4597 2296 4640 1.
2321 4608 2369 4653 p.
2392 4595 2600 4644 20-25.
2624 4596 2719 4653 (nr.
2745 4594 3186 4650 1—3.).—Caeter.
3208 4598 3321 4644 vid.

1940 4659 2188 4716 enjacius
2208 4659 2314 4704 obs.
2340 4659 2439 4710 XV,
2462 4657 2541 4704 22.

2000 4725 2080 4780 22)
2102 4724 2212 4769 Vid.
2236 4719 2547 4774 Putet-edors
2554 4721 2660 4767 obs.
2682 4721 2761 4776 lv,
2782 4718 3190 4766 121.-Τ1ιίὁαυ1
3207 4722 3325 4778 tog.

1937 4787 2125 4843 Ausleg.
2151 4797 2196 4843 p.
2223 4782 2302 4829 55.
2328 4786 2434 4828 not.
2459 4785 2514 4827 x.
2539 4790 2587 4829 et
2611 4795 2659 4841 p.
2683 4780 2743 4827 57
2766 4794 2840 4838 sq.
2858 4805 2913 4814 —-
2940 4783 3201 4829 Mat-ezel!
3218 4784 3257 4829 Ι.
3286 4788 3328 4830 Ι.

1941 4861 1988 4907 p.
2015 4849 2068 4893 11
2096 4860 2202 4906 sqq.
2225 4848 2268 4904 (3
2287 4843 2374 4903 3.).
2410 4847 2488 4892 cf.
2522 4846 2640 4892 ibid.
2664 4857 2714 4902 p.
2736 4842 2914 4890 6—11.
2943 4869 3005 4877 —
3027 4846 3219 4890 caeter.
3248 4847 3329 4892 ef.

1940 4912 2004 4958 A.
2032 4911 2222 4956 Einert
2244 4909 2259 4966 (
2283 4910 2360 4954 Pr.
2382 4910 2502 4954 Rau
2525 4910 2541 4964 )
2564 4910 2619 4953 Ι).
2655 4907 2717 4952 de
2738 4906 3005 4954 donatione
3047 4906 3334 4954 immodica

571 4974 650 5030 12)
678 4973 724 5020 L.
750 4970 830 5020 54.
853 4983 927 5030 pr.
972 4972 1021 5020 L.
1046 4969 1127 5018 56.
1170 4975 1195 5027 S
1217 4973 1265 5019 3.
1292 4975 1344 5020 C.
1373 4972 1423 5018 Ιι.
1453 4976 1488 5018 t.
1530 4998 1584 5006 -
1623 4973 1883 5020 Marezoll
1941 4984 2108 5020 eoram
2131 4976 2441 5030 competente
2459 4971 2621 5025 judice
2643 4968 2956 5017 insinuanda.
2984 4969 3114 5027 Lips.
3138 4967 3295 5016 1805.
