3544 5506
931 347 1068 390 cn.
1108 347 1199 391 vx.
1241 348 1317 392 nn
1352 347 1719 392 »tammus
1755 348 1829 390 m·
1866 347 2269 392 nno-runcis.
2916 338 3021 395 511

205 459 628 531 exstinguitur
644 502 665 534 ‚
690 474 957 533 quoquo
1005 460 1202 520 modo
1219 500 1236 531 ‚
1262 460 1434 535 juste
1454 467 1673 520 tamen
1691 475 1769 519 ac
1800 455 2102 532 legitime,
2134 454 2537 531 obligationis
2567 458 2734 519 tacta
2760 460 3027 523 dissolu·-

207 560 400 619 tione.
427 560 669 636 Quodsi
699 575 858 619 vero
890 575 1015 633 res,
1066 576 1235 633 quae
1270 557 1581 620 creditori
1611 561 1822 634 primo
1850 557 2148 630 debetur,
2180 575 2257 618 ex
2298 556 2734 633 corporalium
2755 578 3028 624 numero

210 662 320 726 est,
351 651 683 715 solutione
712 656 977 714 secundi
1027 656 1364 714 creditoris
1400 656 1506 728 ,ius
1561 656 1792 714 transit
1824 655 1887 712 in
1913 656 2204 728 corporis
2230 655 2457 727 pignus
2484 651 2551 727 ⁹).
2590 657 2666 712 At
2693 672 2851 716 vero
2872 658 2933 731 5)
2958 661 3023 719 in

212 751 486 824 pignoris
516 747 788 824 pignore
816 749 864 825 (ὅ
884 751 1030 809 505.
1079 758 1217 810 not.
1243 752 1331 823 4.)
1356 752 1591 824 duplex
1616 753 1781 809 inest
1803 751 1929 822 Jus.
1964 754 2115 808 Nam
2147 758 2211 808 et
2236 751 2466 824 pignus
2494 751 2768 811 debitori
2798 757 3027 815 consti-

212 855 414 908 tutum
445 852 775 908 secundus
812 851 1092 909 creditor
1131 845 1559 923 persequitur,
1591 850 1725 908 scil.
1751 850 1972 907 iisdem
1996 849 2379 919 actionibus,
2412 849 2642 923 quibus
2666 850 2773 910 ille
2802 853 3025 925 utitur,

210 956 268 1009 et
287 952 474 1010 simul
500 952 702 1024 ipsius
724 967 960 1010 nomen
983 952 1335 1025 obligatum
1365 952 1581 1021 habet,
1605 952 1912 1026 quoniam
1936 952 2060 1010 hoc
2099 952 2266 1011 inter
2289 952 2745 1012 contrahentes
2768 950 2869 1025 agi
2890 971 3029 1015 cre-

209 1050 394 1110 dibile
423 1057 523 1110 est
555 1047 662 1124 ¹⁰).
689 1055 785 1110 Ac.
802 1051 902 1109 vix
930 1058 1052 1123 est,
1080 1053 1255 1126 quod
1282 1052 1736 1121 admoneatur,
1767 1046 1963 1111 etiam
2001 1046 2283 1124 pignoris
2313 1053 2541 1126 pignus
2563 1051 2796 1126 prioris
2822 1057 3026 1115 nomi-

210 1148 301 1212 nis
322 1152 734 1213 exsolutione
762 1147 900 1212 tolli
924 1152 1014 1220 ιι).

761 1354 786 1427 5
818 1351 963 1409 525.
1006 1345 1085 1423 11)
1116 1344 1477 1407 Creditorum
1494 1344 2015 1423 piqnsratitiorum
2036 1362 2339 1405 concursus
2366 1343 2469 1423 (*).

286 1539 605 1616 Quoniam
629 1540 727 1598 rei
752 1535 1004 1599 alienae
1027 1537 1230 1595 invito
1260 1534 1524 1595 domino
1550 1528 1781 1606 pignus
1802 1531 2047 1606 imponi
2066 1533 2289 1607 nequit
2304 1533 2353 1609 (§
2370 1533 2516 1592 508.
2542 1549 2646 1594 nr.
2666 1532 2781 1609 5.),
2815 1537 3025 1611 sequi-

213 1644 333 1706 tur,
361 1647 436 1698 ut
458 1655 586 1699 nec
617 1639 705 1712 hi,
732 1640 842 1713 qui
872 1639 935 1695 in
964 1636 1312 1696 vendendis
1338 1635 1527 1693 rebus
1552 1633 1906 1692 dominium
1935 1633 2049 1692 sibi
2074 1639 2508 1706 reservarunt,
2533 1649 2654 1693 nec
2685 1635 2725 1691 ii
2743 1675 2761 1702 ‚
2800 1637 3031 1708 quibus

215 1734 501 1807 eiusdem
531 1736 625 1794 rei
652 1742 719 1794 et
746 1726 1100 1794 dominium
1128 1739 1192 1790 et
1221 1727 1447 1805 pignus
1467 1729 1828 1802 quaesitum
1851 1735 1969 1800 est,
1996 1729 2267 1802 pignora
2294 1729 2358 1787 in
2390 1744 2468 1787 ea
2498 1745 2569 1789 re
2593 1731 2861 1804 posthac
2883 1747 3033 1791 con·

209 1835 429 1894 stituta
457 1850 819 1908 agnoscere
847 1848 1109 1893 necesse
1128 1833 1409 1892 habeant
1440 1827 1506 1904 ¹).
1535 1830 1716 1906 Quod
1754 1829 2014 1901 quidem
2033 1828 2139 1902 jus
2168 1828 2360 1886 tribui
2389 1830 2614 1902 nequit
2636 1826 2752 1900 his,
2778 1827 2887 1904 qui
2913 1838 3027 1891 aut

212 1932 647 2006 hypothecam
673 1932 1123 1991 tantummodo
1145 1930 1207 1988 in
1234 1944 1452 1987 rerum
1479 1927 1948 1985 venditionibus
1965 1925 2080 1983 sibi
2107 1934 2521 1985 reservarunt
2532 1923 2600 2001 ²),
2621 1934 2731 1986 aut
2754 1944 3030 2002 quorum

201 2026 333 2100 jam
355 2044 439 2087 eo
465 2036 764 2102 tempore
785 2023 998 2102 coepit
1019 2023 1269 2101 pignus,
1296 2039 1427 2097 quo
1458 2024 1742 2081 nondum
1765 2028 1910 2080 erat
1939 2037 2042 2079 res
2070 2021 2134 2078 in
2163 2021 2301 2099 ejus
2322 2019 2628 2091 dominic,
2649 2038 2687 2081 a
2712 2039 2843 2096 quo
2876 2040 3027 2083 cae-

207 2125 324 2180 teri
364 2123 470 2202 jus
504 2141 698 2183 suum
743 2132 1049 2199 repetunt
1078 2120 1164 2201 ³),
1191 2119 1481 2195 quamvis
1526 2118 1662 2176 fleri
1691 2124 1934 2190 potest,
1972 2123 2045 2174 ut
2075 2114 2463 2190 posteriores
2502 2114 2628 2176 sint
2656 2118 2718 2176 hi
2740 2161 2756 2188 ‚
2781 2126 2921 2178 tum
2943 2122 3030 2180 ob

208 2227 518 2299 temporis
541 2228 1082 2300 praerogativam,
1117 2231 1253 2283 tum
1281 2227 1647 2297 propterea,
1679 2220 1858 2292 quod
1881 2218 2200 2291 antiquius
2222 2213 2504 2293 quidem,
2526 2226 2593 2277 at
2614 2219 2876 2292 simplex
2892 2227 3034 2279 tan-

208 2331 346 2382 tum
370 2327 602 2399 pignus
634 2329 720 2385 ab
743 2342 823 2385 eo
843 2330 1259 2399 acceperunt,
1292 2317 1395 2381 cui
1429 2326 1651 2394 postea
1692 2321 1954 2376 demum
1980 2317 2268 2391 quaesita
2300 2324 2397 2375 est
2414 2332 2517 2376 res
2544 2313 2611 2392 ⁴).
2649 2313 2896 2377 Ordinis
2914 2334 3029 2379 au-

213 2429 343 2482 tem
372 2427 575 2497 ratio,
614 2443 749 2500 quo
771 2423 888 2500 ipsi
916 2427 1083 2484 inter
1111 2441 1178 2484 se
1209 2422 1564 2482 creditores
1590 2418 1947 2477 collocandi
1973 2423 2124 2475 sunt
2144 2458 2160 2486 ,
2192 2422 2303 2475 aut
2332 2432 2407 2475 ex
2432 2418 2739 2490 temporis
2765 2433 3029 2491 praero-

217 2517 430 2590 gativa
453 2524 818 2582 dennienda
842 2529 971 2598 est,
998 2527 1111 2579 aut
1133 2535 1207 2579 ex
1234 2511 1585 2593 privilegio,
1621 2513 1669 2587 1)
1702 2517 1792 2572 Ex
1827 2512 2140 2586 temporis
2171 2514 2615 2586 praerogativa
2644 2513 2767 2572 hoc
2798 2521 2987 2586 pacto
3013 2556 3032 2588 ,

220 2626 323 2688 ut,
349 2637 481 2695 quo
505 2623 823 2697 cujusque
851 2630 951 2682 est
970 2621 1296 2695 antiquius
1318 2618 1458 2693 jus,
1489 2630 1570 2674 eo
1593 2616 1972 2688 plerumque
2000 2613 2079 2671 sit
2108 2612 2430 2685 potentius
2454 2610 2524 2686 ⁵).
2544 2617 2755 2686 anue
2782 2620 3033 2688 tempo-

216 2719 299 2777 ris
325 2720 492 2779 ratio
523 2717 699 2779 inter
723 2734 946 2779 omnes
969 2718 1101 2777 fere
1130 2715 1180 2791 θ)
1205 2717 1418 2775 locum
1442 2711 1636 2770 habet
1662 2709 2036 2779 creditores,
2064 2708 2234 2767 inter
2258 2723 2369 2767 eos
2390 2723 2674 2783 quoque,
2710 2711 2818 2785 qui
2845 2710 3031 2785 privi-

218 2820 391 2892 legiis
414 2828 698 2880 utuntur
717 2865 735 2898 ,
765 2821 998 2880 talibus
1035 2820 1292 2892 quidem
1316 2860 1333 2888 ,
1361 2829 1638 2889 quorum
1673 2827 1802 2871 non
1826 2827 1941 2870 sua
1975 2811 2035 2868 vi
2067 2824 2145 2869 ac
2180 2816 2502 2883 potestate
2530 2812 2804 2870 alterum
2825 2813 3032 2873 altero

217 2922 546 2992 potentius
572 2929 670 2981 est
697 2919 764 2998 7).
788 2922 1017 2998 Quodsi
1040 2920 1293 2979 duobus
1320 2918 1421 2976 vel
1449 2913 1736 2989 pluribus
1760 2913 1990 2972 eodem
2019 2911 2153 2983 die,
2197 2907 2329 2969 sive
2350 2909 2694 2985 separatim
2714 2910 2844 2970 sive
2875 2927 3031 2971 con-

274 3108 323 3170 9)
346 3113 402 3159 l..
428 3110 513 3161 18.
540 3125 618 3172 pr.
646 3115 703 3162 D.
737 3114 806 3161 de
822 3115 967 3175 piqn.
994 3116 1103 3160 ace.
1126 3135 1186 3145 -
1214 3111 1266 3157 1..
1293 3107 1373 3157 15.
1413 3109 1439 3163 S
1461 3109 1510 3155 2.
1536 3108 1595 3153 D.
1658 3101 1927 3150 creditores
1955 3106 2178 3149 utantur.
2206 3104 2315 3150 Jam
2339 3103 2487 3162 igitur
2509 3115 2652 3161 uxor,
2677 3105 2920 3162 quatenus
2940 3105 3032 3152 do-

221 3172 291 3220 de
313 3175 470 3235 pfyn,
516 3200 582 3209 .-.
632 3179 881 3226 macne
919 3180 954 3224 ι,
989 3179 1022 3223 1,
1068 3177 1094 3231 ς
1124 3172 1207 3222 20,
1248 3178 1296 3219 οι
1347 3169 1598 3220 Auctor-1⁹3
1661 3166 1834 3211 talium
1868 3175 2032 3211 rerum
2071 3166 2358 3212 dominium
2383 3168 2718 3225 persequitur,
2740 3170 2911 3224 utique
2933 3167 3025 3214 erit

220 3238 412 3284 (lession
454 3251 504 3297 p,
542 3235 643 3287 340
675 3252 750 3299 η,
798 3263 859 3272 -.
912 3242 1046 3288 (2202,
1094 3236 1160 3286 cf,
1214 3234 1455 3285 Stnoenis
1488 3234 1526 3281 1.
1561 3237 1595 3281 1.
1663 3226 1914 3286 potentior
1934 3228 2070 3284 fisco,
2092 3233 2439 3286 praeterquam
2461 3228 2510 3274 in
2536 3228 2834 3286 obligations
2853 3228 3028 3275 Primi-

220 3309 267 3357 ρ,
293 3298 356 3345 25
376 3313 488 3359 um,
1662 3290 1782 3348 pili3
1804 3300 1903 3347 quo
1924 3290 2122 3349 quidem
2147 3292 2347 3337 nomine
2367 3295 2416 3336 et
2437 3291 2540 3348 ipsa
2558 3291 2645 3337 dos
2666 3292 3028 3350 quodammodo

284 3361 438 3419 1o)1,‚
467 3364 517 3409 1,
541 3362 667 3410 (251
692 3362 838 3423 ρῑρη,
876 3361 1086 3425 ρὶρηοή
1106 3360 1217 3410 dat.
1240 3356 1508 3418 (mmm.)
1544 3384 1599 3392 -
1662 3352 1880 3408 obligata
1898 3358 1971 3398 est
1990 3353 2061 3407 (1..
2099 3349 2146 3398 4.
2171 3353 2226 3397 C.
2263 3352 2316 3399 in
2346 3351 2499 3424 quib.
2548 3364 2701 3401 caus.
2738 3353 2883 3414 piqn.
2920 3357 3027 3400 tac.

223 3422 273 3468 1..
294 3423 372 3472 is.
398 3428 425 3480 s
445 3425 498 3472 2.
526 3427 582 3472 n.
607 3425 751 3484 dep}
783 3437 900 3473 nor.
930 3453 988 3463 -
1005 3429 1072 3473 ne
1094 3437 1190 3483 quo
1209 3425 1317 3471 loeo
1341 3423 1456 3469 wid.
1485 3426 1602 3470 Au·
1664 3417 1841 3462 contr·-
1864 3415 1989 3472 vul,
2026 3411 2143 3474 15.).
2170 3417 2324 3472 Atque
2345 3415 2393 3461 1d
2415 3415 2612 3473 quidem
2636 3420 2708 3462 0⁸¹
2728 3451 2743 3476 ‚
2776 3417 2907 3475 quod
2929 3416 3029 3473 prt-

221 3487 381 3534 eton’s
399 3488 607 3536 Cession
632 3502 682 3547 p.
820 3514 880 3522 —
900 3485 1014 3536 335.
1042 3514 1102 3527 —
1119 3489 1195 3535 cf.
1230 3486 1480 3533 Huschke
1501 3487 1537 3533 1.
1566 3486 1601 3532 l.

223 3560 271 3606 p.
290 3548 505 3597 27-31.
532 3558 583 3598 et
609 3554 800 3611 Gaupp
820 3553 855 3597 1.
880 3552 915 3597 l.
940 3563 989 3609 p.
1014 3548 1246 3610 «lo—48„
1262 3560 1383 3608 quos
1402 3549 1601 3609 quidem

228 3623 320 3658 nou
343 3625 549 3671 prorsus
570 3614 735 3661 habeo
761 3614 1139 3660 consentientes.

1666 3477 1903 3535 mipilaris
1938 3477 2145 3523 nominis
2185 3478 2490 3535 privilegium
2529 3489 2705 3525 vocare
2737 3481 2927 3538 solent;
2958 3478 3027 3526 cl'.

1668 3540 1936 3587 Meissner
1957 3538 2204 3585 stillschw.
2230 3540 2524 3586 Pfandrecbt
2543 3553 2592 3598 p.
2612 3541 2674 3587 82
2698 3552 2772 3599 sq.
2786 3539 3025 3588 ——Glaeick

1665 3603 1793 3648 xlx.
1822 3615 1870 3660 p.
1894 3599 1955 3647 ’14
1978 3613 2085 3659 sqq.
2105 3624 2165 3634 —-
2188 3601 2463 3648 Zlmmern
2488 3604 2539 3649 in
2563 3605 2628 3659 ej.
2652 3607 2701 3650 et
2718 3599 3027 3651 Neustelelil

1666 3665 1911 3712 Abhandl.
1937 3677 1984 3722 p.
2009 3662 2121 3710 500.
2148 3663 2195 3709 in
2222 3663 2258 3710 f.
2279 3677 2354 3723 sq.

287 3675 334 3721 tl
352 3684 365 3728 J
385 3678 438 3722 L.
470 3674 555 3722 40.
576 3678 602 3731 S
627 3679 676 3722 2.
702 3679 756 3723 D.
782 3675 1011 3737 depiqn.
1037 3674 1143 3723 oct.
1170 3699 1231 3709 —
1251 3675 1305 3721 1..
1331 3675 1378 3719 1.
1405 3677 1454 3721 et
1474 3672 1524 3721 2.
1544 3674 1600 3720 C.

224 3734 270 3782 u·
286 3736 431 3798 piqn.
451 3738 676 3801 piqnori
698 3738 814 3787 dal.

851 3900 877 3954 S
907 3898 1018 3945 523.

288 4036 347 4093 (“)
369 4036 476 4094 mg.
500 4036 627 4093 (xx,
653 4033 724 4090 4.)
751 4038 800 4082 et
822 4035 944 4083 cod.
966 4033 1111 4094 (vnl,
1133 4032 1233 4094 18.)
1257 4034 1353 4094 qul
1365 4035 1610 4093 potiores

226 4098 279 4145 in
296 4098 523 4159 pignore
543 4099 882 4146 habeantur.
916 4122 977 4132 -
1012 4099 1079 4145 A.
1112 4100 1181 4147 A.
1209 4100 1277 4145 de
1314 4099 1603 4146 Buchlzollz

227 4163 303 4218 qui
344 4162 562 4220 potiores
594 4164 648 4207 in
690 4162 893 4219 pignore
924 4161 1022 4205 sint
1055 4166 1324 4208 comment.
1385 4162 1598 4219 Regiom.

228 4221 360 4270 ¹829.
396 4220 446 4270 8.
485 4224 503 4280 (
525 4223 596 4270 ef.
642 4231 694 4270 et
728 4236 875 4280 supra
930 4224 957 4278 s
994 4219 1107 4268 175.
1130 4226 1166 4282 ).
1217 4249 1272 4257 -
1330 4224 1601 4270 Goesclren

227 4286 484 4332 Grundriss
516 4289 545 4342 S
578 4283 877 4333 abo—352.
914 4297 964 4344 p.
1001 4283 1094 4331 179
1119 4312 1175 4319 -
1196 4285 1307 4333 188.
1345 4311 1403 4319 -
1437 4287 1512 4332 Cf.
1548 4290 1599 4331 et

225 4350 251 4403 ε
284 4348 388 4396 175.

289 4414 331 4469 1)
349 4411 425 4459 Cf.
449 4420 602 4468 supra
627 4410 656 4465 S
673 4408 793 4458 305.
813 4415 916 4457 not.
940 4410 1241 4469 11.-1811111·
1262 4414 1492 4459 adversus
1509 4420 1598 4456 an-

229 4475 457 4532 tiquiom
469 4473 751 4519 creditores
772 4473 989 4534 pignoris
1007 4474 1306 4533 persecutio,
1328 4471 1600 4520 dummodo

227 4538 435 4594 pignoris
469 4534 590 4591 jure
635 4535 770 4581 vinci
798 4542 1031 4594 possunt,
1052 4537 1287 4582 adversus
1311 4536 1603 4594 posteriores

227 4599 423 4645 dominii
444 4597 726 4645 vindicatio
761 4598 920 4644 locum
954 4597 1123 4644 habet.
1148 4600 1327 4654 Quodsi
1347 4600 1438 4643 isto
1459 4598 1603 4643 modo

226 4664 336 4708 utile
381 4667 586 4708 tantum
633 4666 688 4706 et
740 4664 876 4708 velut
933 4661 1281 4708 subsidiarium
1332 4660 1605 4707 dominium

230 4726 503 4781 quaesitum
529 4722 647 4778 est(
669 4726 725 4767 ut
747 4724 796 4769 in
824 4724 979 4769 causis
1002 4724 1028 4776 S
1049 4721 1161 4769 505.
1186 4729 1289 4769 not.
1317 4721 1393 4770 11.
1414 4734 1459 4767 c.
1483 4722 1533 4780 ),
1555 4726 1607 4769 at

226 4790 478 4842 pecuniam
500 4785 727 4835 malunt.
751 4788 835 4844 qui
858 4786 951 4830 tale
971 4781 1152 4831 habent
1170 4787 1251 4841 jus
1274 4819 1289 4841 ‚
1316 4796 1463 4844 quam
1499 4796 1602 4831 rem

226 4852 366 4904 ipsam
402 4855 581 4907 petere
605 4880 622 4904 ‚
660 4847 784 4893 nihil
821 4848 1024 4905 impedit
1047 4882 1062 4901 ,
1104 4860 1202 4906 quo
1245 4849 1407 4894 minus
1453 4848 1602 4894 etiam

228 4913 473 4970 privilegio
491 4945 507 4971 ,
537 4909 580 4956 sl
605 4912 746 4969 quod
778 4909 962 4958 habent
987 4945 1003 4969 ‚
1034 4910 1266 4959 adversus
1305 4912 1597 4971 posteriores

1728 3728 1778 3786 2)
1808 3725 2026 3773 Thibaue
2045 3726 2167 3772 uber
2189 3726 2667 3783 Prandaeparatisten
2694 3739 2770 3774 nr.
2793 3725 2845 3774 2.
2869 3726 3026 3784 (civi-

1667 3788 1769 3835 list.
1795 3790 1914 3835 Abh.
1940 3790 2022 3835 Nr.
2046 3789 2170 3835 ΧΙΙΙ.
2192 3800 2241 3845 p.
2263 3786 2571 3848 316—320.).

1732 3854 1782 3908 5)
1804 3851 2028 3898 Tln‘bcmt
2050 3852 2082 3896 l.
2109 3851 2144 3897 1.
2163 3862 2241 3897 nr.
2261 3852 2309 3897 1.
2325 3852 2391 3909 (p.
2416 3849 2506 3898 511
2525 3876 2583 3884 -
2600 3848 2752 3907 516).
2788 3874 2849 3885 -
2865 3852 3032 3908 Span-

1666 3914 1899 3976 9enberq
1921 3915 1970 3959 in
1995 3912 2137 3959 Arch.
2183 3912 2219 3959 1.
2239 3914 2333 3959 civ.
2379 3914 2457 3960 Pr.
2495 3914 2558 3959 Τ.
2587 3915 2647 3958 x.
2690 3915 2810 3959 Diss.
2833 3915 2957 3961 xtx.
2980 3918 3031 3961 et

1671 3978 1729 4022 T.
1758 3978 1880 4024 xlv.
1908 3977 2030 4021 Diss.
2048 3975 2129 4021 Vl.
2146 3990 2210 4011 —⁴
2230 3977 2380 4032 Hepp
2401 3976 2449 4022 in
2473 3974 2706 4021 Zeitschr.
2727 3973 2764 4020 f.
2782 3976 2951 4022 civilr.
2975 3988 3027 4023 u.

1671 4039 1812 4085 Proz.
1840 4042 1898 4086 Τ.
1920 4038 2000 4084 lv.
2024 4037 2142 4082 Diss.
2168 4037 2249 4083 111.
2287 4061 2342 4069 -
2378 4037 2549 4083 Loelu·
2569 4036 2710 4082 Arch.
2750 4036 2787 4085 t'.
2819 4038 2912 4085 civ.
2949 4039 3029 4085 Pr.

1668 4102 1860 4149 1le.
1884 4114 1931 4159 p.
1959 4096 2166 4156 toosqq.
2190 4096 2809 4146 not.16.—Tleibautibid.
2831 4101 2951 4148 Diss.
2967 4104 3026 4149 Χ.

1670 4162 2029 4210 ——Waecltter
2050 4160 2169 4206 ibid.
2197 4161 2314 4205 Diss.
2340 4162 2440 4209 XV.

1729 4221 1779 4281 ⁴2
1807 4225 2030 4274 Tkibaut
2051 4224 2084 4268 1.
2107 4223 2140 4267 l.
2167 4233 2214 4278 p.
2236 4218 2330 4268 514
2365 4247 2420 4255 -
2455 4219 2570 4279 516.
2591 4220 2686 4280 (ci'.
2708 4233 2851 4282 supra
2872 4221 3029 4280 3506.

1668 4291 1772 4332 not.
1803 4288 1879 4333 12.
1900 4298 1946 4333 a.
1973 4290 2018 4330 et
2039 4288 2065 4341 ς
2085 4281 2197 4329 508.
2219 4289 2325 4330 not.
2351 4282 2466 4342 15.).

1728 4346 1777 4403 5)
1798 4349 1873 4395 cf.
1898 4350 1923 4403 3
1947 4344 2056 4393 169.
2080 4357 2157 4391 nr.
2183 4347 2231 4392 3.
2253 4351 2354 4392 not.
2379 4344 2427 4393 5.
2451 4351 2499 4393 et
2517 4347 2633 4395 add.
2671 4347 2723 4393 1..
2752 4348 2829 4393 12.
2853 4350 2879 4404 ς
2900 4346 2949 4395 5.
2969 4350 3027 4397 D.

1664 4410 1719 4457 Ιι.
1740 4413 1842 4456 t.—-
1856 4412 1908 4456 1..
1935 4411 1983 4456 2.
2009 4405 2058 4454 4.
2081 4406 2128 4452 8.
2155 4408 2210 4453 C.
2234 4407 2286 4453 12.
2313 4410 2350 4453 t.
2377 4410 2460 4465 (cl'.
2484 4411 2534 4457 L.
2557 4410 2635 4455 11.
2663 4422 2737 4468 pr.
2761 4411 2852 4466 ΒΞ.
2874 4416 2924 4457 et
2948 4409 3027 4460 10.

1666 4475 1721 4519 D.
1742 4473 1798 4520 Ιι.
1824 4475 1902 4531 L).
1922 4498 1976 4505 —
1998 4470 2065 4517 de
2085 4469 2370 4518 Buchholtz
2393 4473 2427 4521 Ι.
2452 4473 2487 4519 l.
2511 4486 2557 4520 c.
2579 4473 2682 4520 Vll.
2707 4475 2775 4531 (p.
2800 4470 2864 4520 56
2881 4476 3029 4532 sqq.).

1728 4533 1780 4591 6)
1801 4537 1920 4582 Nam
1961 4533 2061 4579 vid.
2101 4532 2127 4587 S
2164 4533 2276 4580 512.
2314 4538 2418 4580 not.
2452 4531 2502 4581 8.
2544 4560 2599 4568 -
2634 4536 2704 4583 de
2742 4535 3030 4584 Buchltollz

1668 4610 1716 4656 p.
1736 4596 1818 4645 56.
1841 4601 1944 4644 not.
1965 4593 2074 4643 169.

1728 4653 2932 4719 7)a)1..2.n.1..6.c.11.1.—l›)1..8.n.11.e.
2972 4690 3029 4698 -

1669 4724 1717 4782 c)
1736 4725 1789 4769 1..
1816 4720 2084 4775 12.§1.in
2122 4717 2160 4765 f.
2201 4720 2253 4765 C.
2278 4719 2333 4765 Ιι.
2359 4722 2582 4769 t.—Nov.
2605 4722 2686 4771 91.
2709 4735 2754 4771 c.
2777 4721 2824 4770 1.
2855 4726 3030 4784 (Quod

1666 4786 1862 4844 quidem
1901 4794 2040 4830 secus
2068 4785 2140 4828 est
2175 4781 2224 4826 in
2253 4783 2478 4841 exigendi
2512 4786 2872 4843 privilegiorum
2913 4801 3027 4837 con·

1664 4861 1828 4895 cursu.
1854 4849 1904 4892 t..
1930 4845 2011 4893 53.
2036 4845 2091 4893 D.
2134 4846 2203 4892 de
2222 4842 2330 4893 reb.
2354 4850 2502 4893 auct.
2530 4849 2655 4907 jud.
2672 4860 2817 4907 poss.
2840 4851 2991 4910 (XLll
3014 4883 3030 4911 ‚

1664 4908 1877 4970 5.)-cf.
1900 4914 1952 4957 et
1973 4919 2119 4968 supra
2142 4910 2169 4965 S
2193 4905 2299 4956 175.
2327 4920 2376 4969 p.
2396 4905 2511 4958 518.
