3544 5506
1079 364 1211 407 mr.
1254 363 1323 407 u.
1364 365 1442 407 nr.
1477 365 1935 409 omcanonun
1975 367 2205 411 musis.
2931 363 3043 417 343

237 477 319 534 ad
347 476 414 534 id
431 477 815 549 plerumque
846 478 1143 548 tenetur,
1162 484 1237 535 ut
1269 474 1581 536 damnum
1599 516 1620 547 ,
1651 480 1941 552 quamvis
1975 481 2096 539 levi
2132 481 2323 555 culpa
2348 483 2569 541 datum
2592 526 2611 558 ‚
2634 486 2942 564 resarciat
2959 484 3005 561 ⁸)
3021 509 3039 566 ;

237 576 352 635 nisi
383 578 559 652 quod
588 584 654 636 et
687 584 936 636 tutores
980 584 1427 648 curatoresve,
1460 584 1529 636 et
1570 579 1648 650 ii,
1692 579 1800 652 qui
1849 580 2222 640 necessitate
2258 576 2539 654 quadam
2584 584 2788 642 coacti
2824 601 3041 647 rerum

237 678 592 736 alienarum
616 693 837 736 curam
877 684 1294 750 susceperunt
1312 721 1328 747 ‚
1355 692 1498 737 eam
1521 680 1970 737 tantummodo
1994 695 2255 739 necesse
2279 681 2519 739 habent
2549 690 2876 755 praestare
2900 687 3039 744 dili-

239 773 545 844 gentiam,
573 789 768 846 quam
796 772 1065 847 quisque
1091 774 1218 830 suis
1245 773 1437 847 ipsius
1458 774 1650 832 rebus
1673 774 1979 833 adhibere
2007 775 2173 832 solet
2192 772 2257 842 ⁹).
2291 778 2451 852 Quid
2475 777 2504 832 t
2535 780 2706 850 quod
2731 779 3000 840 heredes
3021 825 3039 857 ,

237 884 386 927 cum
419 876 709 928 tutorum
725 913 743 945 ,
769 875 906 926 tum
932 865 1420 942 magistratuum
1436 912 1453 940 ,
1485 865 1753 928 omnino
1781 883 1912 927 non
1939 875 2240 928 tenentur
2264 886 2340 928 ex
2357 871 2809 932 defunctorum
2827 883 3039 954 culpa,

238 969 353 1026 nisi
398 969 710 1043 ejusmodi
757 969 837 1027 sit
879 970 1105 1042 culpa,
1139 984 1307 1041 quae
1349 969 1503 1028 dolo
1544 969 1835 1042 proxima
1876 976 1972 1028 est
1999 965 2094 1042 ¹⁰).
2126 967 2544 1044 caeteroquin
2573 980 2639 1031 et
2657 980 3044 1036 testamento

236 1066 492 1133 caveri,
524 1071 589 1123 et
610 1070 803 1138 pacto
834 1065 1165 1124 conveniri
1197 1072 1264 1124 et
1290 1076 1475 1123 mora
1503 1065 1774 1123 admissa
1800 1064 1940 1123 fieri
1979 1071 2192 1138 potest
2218 1111 2233 1134 ‚
2264 1072 2337 1123 ut
2359 1067 2517 1125 alius
2539 1108 2557 1138 ,
2581 1071 2681 1128 vel
2711 1070 2915 1146 major
2939 1075 3039 1132 vel

238 1162 439 1222 levior
458 1207 477 1241 ,
503 1165 733 1238 culpae
760 1164 994 1237 gradus
1019 1164 1454 1239 suscipiendus
1483 1157 1596 1232 sit,
1626 1171 1822 1238 atque
1841 1177 1880 1223 e
1903 1165 2044 1237 lege
2072 1171 2371 1240 oporteat
2397 1167 2489 1241 ¹¹).

519 1404 545 1476 §
566 1404 710 1463 354.
740 1402 792 1479 φ)
827 1405 1042 1462 Contra
1060 1419 1147 1461 eos
1167 1402 1529 1481 disputatur,
1556 1402 1658 1481 qui
1672 1402 1865 1482 plures
1890 1420 2001 1462 esse
2023 1402 2221 1483 culpae
2244 1404 2459 1484 qradus
2484 1414 2771 1467 statuant.

315 1601 516 1671 Sunt,
548 1600 655 1671 qui
701 1600 1135 1666 contendant,
1167 1598 1384 1671 plures
1429 1611 1567 1656 esse
1608 1597 1842 1670 culpae
1880 1598 2156 1674 gradus,
2202 1612 2398 1672 quam
2440 1601 2522 1659 de
2572 1601 2799 1676 quibus
2843 1608 3036 1666 modo

227 1700 536 1769 diximus,
583 1707 715 1757 tres
740 1701 819 1756 ad
857 1680 1191 1756 minimum
1222 1715 1240 1753 ε
1273 1698 1468 1755 latam
1488 1739 1506 1768 ‚
1543 1694 1781 1774 levem,
1826 1695 2200 1757 levissimam
2226 1701 2481 1773 culpam
2508 1698 2574 1774 ¹).
2600 1698 2840 1762 Contra
2875 1723 3039 1779 quos

231 1799 394 1861 haee
416 1816 682 1859 monere
697 1792 964 1858 sufficiat
995 1817 1012 1855 ε
1045 1799 1354 1873 Primum,
1385 1813 1597 1871 neque
1622 1808 1769 1856 cum
1814 1798 2009 1857 civilis
2049 1799 2431 1871 prudentiae
2478 1801 2627 1870 fine,
2652 1818 2862 1876 neque
2890 1812 3036 1864 cum

233 1900 574 1975 aequitatis
599 1900 850 1957 ratione
879 1913 1261 1969 congruere,
1291 1897 1354 1956 in
1377 1891 1596 1956 officiis
1617 1898 2040 1970 negotiisque,
2067 1899 2295 1971 quibus
2322 1895 2491 1958 vitae
2521 1900 2840 1961 humanae
2870 1907 3037 1965 actio

230 1998 640 2071 continetur,
665 1997 835 2053 ultra
866 1994 1056 2053 etiam
1088 2000 1375 2053 exactam
1428 1993 1599 2051 illam
1634 1993 2057 2065 diligentiam,
2096 2011 2288 2067 quam
2332 1996 2614 2068 prudens
2656 2014 2733 2058 ac
2769 1995 3034 2072 diligens

230 2096 425 2156 homo
453 2101 784 2170 praestare
809 2093 1041 2168 soleat,
1076 2108 1465 2167 quemquam
1500 2089 1768 2166 obligari
1789 2089 1829 2167 2)
1847 2112 1865 2170 3
1904 2094 2166 2165 deinde,
2205 2096 2594 2167 diligentiam
2621 2097 2794 2155 illam
2818 2115 2854 2156 a
2875 2101 3037 2173 juris

230 2192 434 2251 nostri
465 2191 834 2249 auctoribus
858 2196 923 2249 et
948 2190 1098 2248 dolo
1129 2204 1205 2247 ac
1233 2190 1402 2247 latae
1439 2189 1702 2261 culpae,
1735 2195 1802 2246 et
1840 2190 2045 2264 casui,
2072 2191 2390 2248 constanti
2415 2190 2549 2249 sere
2583 2193 2886 2265 loquendi
2916 2212 3033 2255 usu

228 2288 471 2363 opponi
502 2289 711 2346 solere
737 2282 815 2364 ³);
859 2285 1137 2358 denique
1157 2328 1173 2356 ‚
1211 2279 1569 2357 promiscue
1591 2284 1843 2358 saepius
1869 2288 2168 2359 usurpari
2191 2288 2505 2345 vocabula
2525 2331 2541 2359 ‚
2571 2304 2738 2360 quae
2776 2292 3032 2363 quidem

232 2406 270 2447 a
301 2382 664 2446 contrariae
706 2385 1064 2444 sententiae
1094 2384 1464 2442 auctoribus
1507 2384 1588 2441 ad
1626 2379 1912 2443 diversos
1943 2387 2172 2458 culpae
2207 2364 2441 2458 gradus
2482 2387 2652 2445 trahi
2690 2404 3037 2450 consueve-

232 2487 367 2544 rint
388 2481 470 2559 ⁴),
498 2486 796 2558 quodque
819 2484 967 2542 huic
1009 2482 1601 2556 conjunctissimum
1628 2489 1721 2541 est
1738 2526 1758 2555 ‚
1788 2479 1955 2542 inter
1976 2499 2045 2542 se
2076 2486 2438 2556 comparari
2465 2488 2822 2561 eodemque
2846 2490 3035 2562 plane

231 2587 384 2645 loco
433 2581 653 2644 haberi
698 2576 955 2656 negotia
1000 2578 1368 2658 officiaque,
1400 2584 1465 2640 in
1501 2582 1729 2656 quibus
1775 2584 1963 2655 longe
2007 2583 2323 2643 diversam
2365 2584 2554 2644 fuisse
2594 2588 2822 2659 culpae
2853 2591 3036 2648 aesti-

229 2683 504 2740 mandae
526 2682 1082 2756 praestandaeque
1105 2674 1422 2737 rationem
1442 2680 1633 2750 vulgo
1663 2679 2027 2737 existimant
2056 2680 2124 2749 ⁶).
2152 2682 2233 2737 Ex
2256 2680 2482 2753 quibus
2495 2680 2631 2755 ¹iam
2660 2697 2773 2740 sua
2801 2692 3033 2758 sponte

227 2783 545 2854 elucebit,
596 2781 971 2839 levissimam
1004 2776 1190 2837 istam
1232 2783 1524 2854 culpam,
1551 2778 1734 2853 cujus
1768 2780 1832 2836 in
1861 2773 2034 2838 libris
2058 2780 2292 2838 nostris
2326 2795 2460 2839 uno
2483 2787 2659 2840 certe
2686 2781 2832 2842 loco
2858 2799 3034 2843 men-

224 2882 317 2941 tio
354 2883 423 2939 flt
449 2878 491 2952 ⁶)
513 2922 528 2948 ‚
558 2881 713 2939 nihil
745 2896 881 2967 esse
906 2923 924 2955 ,
971 2880 1089 2936 nisi
1116 2879 1678 2952 amplificationem
1705 2879 2026 2953 quandam
2056 2880 2365 2939 orationis
2403 2880 2803 2941 extollendae
2829 2884 3031 2955 gratia

226 2984 310 3041 ab
349 2982 621 3055 Ulpiano
648 2986 1025 3054 usurpatam
1048 3026 1064 3052 ,
1101 2978 1413 3053 similique
1441 2981 1692 3039 ratione
1721 2976 1877 3039 alias
1906 2982 2098 3039 etiam
2142 2981 2441 3054 loquendi
2477 2981 2819 3058 ior-mulas,
2853 2986 3033 3044 velut

225 3079 337 3137 has
364 3097 377 3136 :
429 3083 651 3137 exacta
678 3084 744 3135 et
786 3072 1181 3136 exactissima
1212 3076 1535 3147 diligentia
1559 3119 1575 3145 ,
1626 3071 1950 3148 diligentia
1976 3092 2171 3150 quam
2209 3078 2508 3150 diligens,
2543 3094 2738 3150 quam
2766 3078 3032 3150 diligen-

223 3174 501 3232 tissimus
541 3171 993 3247 paterfamilias
1024 3172 1215 3229 rebus
1244 3171 1371 3229 suis
1394 3171 1649 3229 adhibet
1668 3217 1685 3245 ,
1720 3179 1786 3230 et
1822 3187 1989 3244 quae
2017 3186 2243 3231 eorum
2275 3179 2421 3230 sunt
2451 3173 2715 3243 similes,
2763 3173 2931 3232 inter
2959 3191 3029 3236 se

221 3266 598 3344 permisceri
622 3271 831 3327 solere
853 3269 925 3343 7).
952 3272 1165 3342 Neque
1194 3282 1352 3326 vero
1382 3262 1446 3325 id
1478 3266 1660 3325 nobis
1688 3263 2017 3338 negotium
2048 3266 2335 3336 facessit,
2370 3268 2543 3343 quod
2570 3274 2901 3341 praeterea
2925 3285 3028 3330 oc-

223 3375 550 3432 curritur:
597 3387 742 3430 cum
799 3387 837 3428 a
863 3357 1050 3442 dolo,
1082 3376 1217 3428 tum
1246 3386 1286 3428 a
1315 3366 1504 3442 culpa
1526 3412 1543 3439 ‚
1587 3368 1825 3427 scilicet
1862 3363 2020 3443 levi,
2055 3374 2120 3427 et
2146 3368 2505 3427 custodiam
2548 3376 2614 3428 ct
2643 3371 3026 3442 diligentiam

223 3477 561 3546 tamquam
604 3471 882 3529 diversas
923 3471 1152 3543 culpae
1185 3469 1429 3542 species
1457 3464 1758 3542 separari.
1805 3469 1983 3546 Quod
2027 3471 2356 3544 quomodo
2401 3469 2883 3542 intelligendum
2917 3473 3027 3540 sit,

288 3678 335 3736 8)
367 3685 394 3740 ς
414 3685 463 3729 1.
487 3682 538 3730 in
559 3684 596 3730 1.
627 3684 666 3729 1.
690 3683 756 3731 de
776 3683 902 3743 obl„
946 3692 1088 3741 quae
1129 3680 1289 3740 quasi
1322 3692 1395 3727 ex
1420 3684 1599 3730 contr.
1664 3676 1941 3726 Zeitschrift
1961 3677 2043 3723 fur
2062 3678 2220 3736 gesch.
2245 3682 2300 3727 R.
2324 3680 2403 3725 W.
2427 3679 2506 3725 lv.
2549 3691 2598 3739 p.
2628 3677 2721 3729 198
2743 3704 2803 3715 —-
2826 3678 2940 3726 900.
2967 3699 3024 3715 -—·

226 3755 379 3791 πασς.
403 3771 465 3779 —-
489 3747 543 3792 1..
567 3745 648 3792 91.
670 3748 696 3802 ς
714 3744 761 3793 3.
785 3748 838 3792 D.
863 3745 929 3792 de
949 3747 1120 3803 neqol.
1140 3746 1275 3802 qest.
1298 3743 1316 3800 (
1338 3745 1418 3802 ΙΙΙ,
1452 3742 1521 3805 5.)
1545 3768 1601 3777 -
1664 3743 1737 3789 cf.
1763 3747 1813 3788 et
1839 3740 2378 3790 Goesclzencrundriss
2400 3743 2426 3797 S
2446 3738 2559 3789 393.

224 3807 279 3853 Ι..
317 3806 394 3854 11.
420 3812 471 3853 et
491 3806 639 3855 13.c.
662 3807 916 3855 ιηαηάαιὶ.
942 3805 1046 3867 (lv,
1065 3804 1170 3862 35.)
1189 3830 1248 3839 —
1273 3808 1325 3853 1..
1349 3805 1398 3854 0.
1439 3807 1495 3853 D.
1536 3806 1604 3853 de
1727 3802 1777 3862 3)
1802 3805 1945 3853 Velut
1968 3805 2021 3849 L.
2044 3801 2123 3850 39.
2148 3816 2222 3861 pr.
2244 3805 2379 3852 D.de
2413 3810 2584 3864 neqot.
2613 3807 2747 3866 qest.
2783 3829 2840 3838 —
2864 3805 2916 3850 L.
2943 3804 3023 3851 30.

224 3869 462 3930 magistr.
487 3883 646 3918 conv.
668 3872 874 3928 (xxvll,
894 3867 964 3926 8.)
1668 3867 1723 3912 Ι).
1748 3867 1815 3915 de
1842 3865 1990 3926 piqn.
2026 3868 2251 3914 ach—L.
2275 3865 2355 3915 59.
2376 3868 2402 3921 S
2420 3867 2467 3912 3.
2491 3869 2545 3913 D.
2565 3880 2662 3925 pro
2680 3878 2849 3914 soc.—
2865 3868 2918 3912 1..
2941 3864 3024 3914 08.

287 3932 336 3990 9)
369 3936 426 3980 1..
449 3931 497 3979 1.
523 3946 598 3991 pr.
626 3936 680 3981 D.
714 3933 781 3980 de
798 3935 897 3980 tut.
921 3933 979 3978 et
998 3934 1102 3977 rae.
1127 3927 1278 3979 distr.
1301 3932 1509 3993 (xxvii,
1531 3921 1610 3990 3.)
1663 3941 1736 3987 pr.
1765 3931 1820 3976 D.
1846 3928 1913 3976 de
1931 3932 2102 3977 contr.
2126 3933 2245 3976 emt.
2283 3955 2339 3963 —-
2374 3930 2426 3976 Ι..
2448 3928 2503 3975 9.
2538 3932 2564 3986 ς
2583 3931 2629 3975 1.
2666 3930 2721 3974 D.
2742 3928 2810 3976 de
2825 3940 2945 3984 per.
2970 3933 3026 3978 et

221 4019 286 4030 —
311 3996 364 4042 1..
389 3995 438 4043 3.
463 3997 490 4051 S
510 3996 561 4042 9.
584 3997 640 4042 D.
667 3997 922 4056 deneqot.
947 3996 1079 4052 qest.
1104 3993 1203 4052 (ill,
1220 3991 1289 4051 5.)
1663 3992 1932 4039 commodo
1953 3990 2033 4036 rei
2046 3990 2203 4038 vend.
2229 3991 2410 4047 (ΧῊΙΙ,
2428 3987 2497 4048 0.)
2534 4015 2588 4024 -
2625 3992 2678 4036 L.
2698 3991 2775 4036 13.
2802 3991 2854 4036 C.
2876 4003 3027 4041 man·

289 4056 384 4116 10)
417 4060 469 4105 Ι..
523 4057 571 4105 4.
626 4060 679 4107 D.
734 4059 804 4106 de
857 4057 1089 4115 maqistr.
1145 4056 1495 4104 convenienti.
1543 4079 1600 4088 —
1665 4054 1797 4101 dati.
1832 4051 2521 4111 (lV,35.)—§3.l.de!eqe
2544 4053 2773 4112 Aquilia.

221 4121 276 4166 Ι..
301 4119 379 4168 17.
407 4123 461 4169 C.
484 4121 554 4168 de
573 4121 746 4181 neqot.
767 4124 901 4181 qest.
929 4121 1006 4179 (ΙΙ,
1031 4117 1130 4178 19.)
1156 4145 1220 4154 —·
1247 4121 1421 4167 Haste
1451 4115 1602 4177 Culpa
1727 4113 1777 4173 4)
1795 4118 1851 4164 V.
1872 4128 1915 4162 c.
1943 4118 1999 4165 L.
2038 4112 2114 4160 18.
2142 4118 2168 4172 ς
2189 4114 2237 4162 9.
2268 4118 2320 4161 D.
2345 4115 2413 4161 de
2433 4115 2627 4162 damno
2645 4112 2738 4171 int.
2763 4113 2981 4170 (xxxix
3007 4151 3023 4177 ,

220 4186 247 4239 s
265 4175 342 4229 73.
364 4181 446 4230 75.
1664 4178 1733 4235 9.)
1752 4187 1802 4224 et
1816 4180 1868 4224 L.
1888 4177 1970 4225 35.
1996 4181 2022 4234 ε
2043 4175 2090 4223 4.
2112 4177 2165 4225 Ι).
2190 4177 2259 4224 de
2278 4180 2445 4225 coner.
2469 4179 2588 4222 emt.
2611 4203 2668 4211 —
2690 4179 2739 4223 Ι..
2764 4179 2810 4223 1.
2850 4179 2876 4232 S
2892 4175 2940 4224 4.
2965 4182 3020 4228 D.

287 4246 368 4306 11)
403 4247 457 4292 Ι..
475 4243 655 4301 79.ς3.
680 4248 733 4292 D.
753 4245 818 4291 de
840 4243 996 4294 cond.
1016 4247 1072 4290 et
1090 4242 1380 4292 demonstr.
1399 4243 1602 4301 (xxxv,
1664 4242 1734 4288 de
1756 4242 1815 4287 0.
1837 4245 1892 4287 et
1914 4243 1983 4288 A.
2004 4239 2182 4300 (Xle,
2202 4239 2271 4297 7.)
2294 4243 2342 4284 et
2360 4239 2416 4285 Ι..
2444 4236 2520 4286 16.
2548 4241 2601 4285 D.
2625 4239 2692 4286 de
2712 4240 2870 4287 cond.
2885 4239 3021 4294 furt.

223 4307 292 4363 1.)
320 4335 376 4344 -
403 4310 454 4355 Ι..
478 4307 526 4356 5.
548 4310 575 4363 S
597 4310 646 4356 9.
690 4310 743 4354 D.
789 4305 1043 4355 commod.
1070 4332 1131 4341 -
1153 4309 1205 4354 Ι..
1231 4309 1278 4353 1.
1299 4310 1325 4363 ς
1345 4304 1393 4352 0.
1418 4304 1498 4352 10.
1520 4302 1599 4352 35.
1665 4304 1809 4359 (Xlll,
1830 4304 2015 4361 1.)-Ι..
2037 4299 2118 4348 44.
2140 4304 2192 4348 Ι).
2218 4302 2292 4348 ad
2310 4301 2429 4360 leq.
2451 4300 2629 4360 Aquil.
2655 4306 2704 4347 et
2724 4304 2775 4350 Ι..
2797 4300 2882 4348 31.
2903 4303 3019 4350 eod.

221 4370 280 4416 D.
305 4372 550 4429 depos.—-
567 4372 621 4416 L.
647 4369 726 4416 17.
750 4371 804 4415 D.
827 4370 895 4415 de
911 4379 1027 4424 per.
1050 4373 1105 4417 el
1122 4381 1306 4418 comm.
1333 4365 1413 4415 rei
1430 4366 1592 4414 vend.
1658 4390 1714 4399 -
1750 4368 1777 4421 ς
1799 4365 1844 4409 1.
1871 4368 1907 4412 1.
1940 4366 2007 4412 de
2037 4365 2160 4425 obl„
2185 4375 2327 4423 quae
2347 4361 2503 4421 quasi
2517 4375 2589 4410 ex
2607 4369 2779 4411 contr.
2802 4375 2951 4411 nasc.
2975 4372 3026 4411 ct

218 4434 411 4494 (ΧΥΙΙΙ,
430 4431 501 4493 0.)
525 4458 579 4467 -
604 4436 660 4482 L.
683 4430 733 4479 9.
757 4433 810 4479 D.
836 4431 934 4477 sol.
955 4436 1113 4480 matr.
1137 4432 1320 4491 (xxiv,
1340 4428 1410 4487 3.)
1659 4427 1712 4474 Ι..
1733 4427 1815 4473 90.
1838 4429 1890 4474 C.
1917 4428 1985 4475 de
2025 4432 2197 4486 neque.
2229 4430 2362 4485 qest.
2389 4426 2405 4476 (
2426 4427 2463 4471 ΙΙ
2484 4460 2499 4485 ,
2527 4425 2601 4474 19.
2627 4426 2646 4484 )
2680 4452 2736 4460 -
2769 4439 2819 4473 υ.
2856 4427 3026 4474 Loelu·

1661 4490 2058 4549 Theor.d.Culpa
2080 4488 2160 4544 88.
2177 4501 2226 4548 p.
2244 4486 2506 4535 43—57.et
2539 4489 2680 4535 Beitr.
2709 4501 2758 4547 p.
2782 4485 3019 4537 58-116.

837 4558 863 4612 S
894 4552 1005 4603 354.
1723 4551 1771 4609 5)
1796 4552 1940 4599 Velut
1962 4555 2015 4599 L.
2038 4550 2087 4598 5.
2113 4549 2132 4599 S
2157 4549 2235 4597 15.
2263 4553 2313 4597 D.
2335 4550 2725 4598 commodati.—-
2737 4553 2788 4599 L.
2809 4549 2855 4599 3.
2878 4552 2934 4599 D.
2954 4552 3023 4600 de

1656 4626 1774 4671 per.
1801 4618 1856 4661 el
1875 4613 2143 4662 commodo
2166 4612 2245 4661 rei
2264 4613 2421 4660 vend.

286 4680 332 4740 1)
358 4684 528 4729 Plures
551 4693 661 4727 esse
682 4680 1007 4726 defenderunt
1035 4683 1085 4726 et
1108 4680 1467 4728 Schoemanus
1498 4679 1532 4724 l.
1553 4690 1598 4727 c.
1725 4676 1772 4736 0)
1791 4678 1842 4722 Ι..
1867 4674 1946 4724 44.
1973 4679 2026 4723 D.
2054 4676 2130 4724 ad
2142 4678 2261 4734 Ley.
2297 4676 2474 4735 Aquil.

218 4745 336 4802 (vid.
355 4751 518 4792 tamen
537 4743 726 4801 musci.
747 4744 908 4798 jnrist.
932 4744 1123 4801 fragm.
1145 4754 1194 4800 p.
1210 4741 1273 4788 99
1295 4742 1421 4800 sqq.)
1437 4745 1484 4787 et
1502 4751 1596 4786 nu·-
1723 4737 1772 4798 7)
1800 4740 1913 4785 vid.
1932 4742 2054 4787 Jac.
2081 4738 2401 4786 Raevardus
2443 4738 2504 4784 ad
2539 4737 2591 4785 L.
2627 4735 2706 4784 93.
2747 4739 2801 4786 Ι).
2824 4738 2891 4786 de
2913 4749 3020 4799 req.

217 4820 306 4865 per
322 4810 474 4854 etiam
501 4807 729 4855 Gensler
746 4806 909 4864 (Beitr.
935 4818 1015 4851 zu.
1043 4806 1095 4852 d.
1121 4805 1275 4851 Lehre
1295 4816 1340 4850 v.
1367 4803 1454 4850 der
1476 4804 1592 4850 Dili-
1649 4805 1770 4859 J'ur.
1813 4803 1941 4861 (opp.
1968 4816 2013 4861 p.
2036 4800 2130 4849 900
2151 4801 2413 4860 sq.).-B.
2436 4801 2685 4847 Donellus
2705 4801 2741 4847 l.
2769 4802 2804 4848 l.
2838 4814 2886 4860 p.
2908 4800 3018 4848 379.

216 4882 338 4927 gent
356 4885 406 4916 u.
430 4872 608 4929 Culpa.
627 4868 841 4914 Heidelb.
869 4866 1031 4925 1819.)
1661 4871 1712 4912 ct
1742 4861 1853 4911 381.
1880 4898 1895 4921 ,
1920 4865 2142 4925 inprimis
2174 4867 2337 4912 autem
2361 4863 2601 4924 praefatio
2635 4863 2769 4924 operi
2790 4864 3028 4913 Bassiano

275 4934 324 4994 9)
349 4936 528 4982 Haste
560 4933 715 4991 Culpa
753 4931 780 4986 S
802 4927 879 4978 15.
904 4944 959 4992 p.
979 4928 1038 4979 91
1065 4955 1125 4964 -
1142 4927 1225 4982 95.
1247 4930 1274 4985 ς
1291 4927 1372 4979 96.
1409 4952 1468 4962 -
1502 4929 1591 4977 Id.
1658 4927 1937 4988 praemissa.
