3544 5506
1090 379 1224 421 ear.
1268 380 1340 421 11.
1386 379 1460 420 nn
1499 378 1951 421 camentorum
1992 379 2216 420 cwsts.
2943 372 3047 426 321

250 506 431 560 ratus
464 499 649 569 adsit,
688 507 917 576 sponte
943 509 1280 575 appareat,
1313 502 1467 558 dum
1494 496 1558 558 in
1588 501 1916 560 nudorum
1952 506 2339 558 tractatuum
2363 542 2379 568 ‚
2432 508 2504 558 ut
2536 510 2789 575 vocant,
2829 500 3053 564 linibus

251 615 354 658 res
410 601 621 659 adhuc
649 607 970 670 versatur.
997 604 1274 660 alterum
1300 602 1603 660 adversus
1630 602 1905 659 alterum
1963 617 2153 672 agere
2183 615 2312 659 non
2339 616 2544 673 posse,
2584 609 2657 659 ut
2687 605 3053 675 perficiatur

253 692 861 768 contractu82).Nec
888 692 937 754 si
966 714 1083 771 per
1110 697 1330 756 literas
1354 697 1543 755 alteri
1573 697 1655 753 ab
1683 697 1890 754 altero
1914 696 2306 755 conditiones
2328 698 2691 769 propositae
2712 707 2882 767 sunt,
2902 710 3052 762 ante

255 802 349 854 est
370 796 656 868 perfecta
685 798 1053 870 conventio,
1081 812 1275 870 quam
1307 797 1597 870 acceptio
1622 796 1791 855 facta
1820 797 1885 853 in
1907 797 2196 854 notitiam
2230 796 2519 870 pervenit
2547 797 2707 871 ejus,
2734 799 2842 872 qui
2862 802 3054 859 obtu-

253 890 322 948 lit
343 887 740 951 conditiones
761 892 833 966 ⁸).
864 887 1023 969 Quid
1048 899 1073 951 ἐ’
1101 894 1274 966 quod
1303 888 1549 951 etiamsi
1578 894 1659 951 de
1680 909 1751 952 re
1769 893 1905 966 ipsa
1928 894 2116 966 plene
2141 894 2307 951 inter
2329 908 2397 951 se
2419 902 2882 954 consenserunt
2906 913 3050 969 par·

252 994 371 1059 tes,
402 996 622 1047 tamen
661 990 967 1049 recedere
991 1005 1029 1047 a
1060 986 1304 1063 placitis
1331 990 1694 1061 cuicunque
1728 985 1941 1047 licebit
1967 990 2348 1047 solennitate
2382 991 2670 1048 nondum
2693 992 3053 1065 observata,

254 1079 303 1143 si
333 1100 501 1159 quae
524 1092 620 1143 est
653 1085 893 1157 legibus
926 1085 1345 1159 praescripta,
1372 1092 1444 1142 ut
1473 1085 1804 1143 hominum
1830 1091 2287 1143 occurreretur
2316 1081 2555 1142 levitati
2588 1092 2782 1159 atque
2810 1088 3054 1162 impru-

254 1187 534 1261 dentiae,
564 1187 664 1244 vel
697 1185 889 1244 etiam
935 1186 1104 1244 inter
1142 1186 1596 1244 contrahentes
1638 1185 1965 1250 convenit,
1999 1191 2074 1242 ut
2100 1181 2347 1258 seriptis
2380 1180 2561 1243 fieret
2588 1193 2959 1248 contractus
2981 1185 3050 1263 ⁴).

256 1285 469 1355 Neque
505 1297 660 1340 vero
710 1282 773 1339 in
821 1282 1341 1355 imperfectarum
1381 1277 1879 1340 conventionum
1909 1297 2181 1340 numero
2234 1282 2564 1341 habendae
2588 1289 2755 1352 sunt,
2786 1302 2953 1358 quae
2973 1288 3053 1346 de

255 1379 475 1441 mturo
493 1388 834 1441 contractu
857 1382 1200 1457 ineuntur3
1236 1389 1473 1441 vocant
1486 1387 1665 1459 pacta
1689 1379 1757 1438 de
1786 1378 2038 1438 ineundo
2062 1385 2364 1439 contractu
2385 1378 2455 1454 ⁵).

1075 1604 1101 1676 S
1143 1591 1287 1661 532.
1335 1598 1404 1674 B)
1429 1601 1511 1658 De
1525 1599 1937 1677 paciscentium
1960 1601 2241 1677 personis.

341 1816 516 1888 Quae
537 1813 618 1871 de
645 1814 1102 1886 paciscentium
1140 1811 1427 1884 personis
1457 1810 1729 1868 dicenda
1753 1816 1903 1868 sunt
1927 1853 1943 1882 ‚
1984 1811 2258 1883 primum
2282 1812 2539 1884 quidem
2577 1814 2658 1870 ad
2689 1813 3056 1874 facultatem

261 1920 550 1986 spectant
580 1913 1081 1972 conventionum
1113 1911 1578 1975 ineundarumz
1620 1910 1854 1968 deinde
1882 1911 1963 1967 ad
1992 1925 2307 1983 personae
2349 1913 2663 1971 rationem
2690 1930 2764 1971 ac
2788 1916 3058 1986 qualita-

263 2018 388 2071 tem
409 2057 424 2078 ,
450 2030 579 2086 qua
604 2014 744 2085 quis
765 2012 1054 2084 fungitur
1083 2011 1146 2068 in
1171 2009 1601 2069 conventione
1624 2009 1924 2068 ineunda.
1966 2014 2167 2083 Atque
2196 2012 2454 2084 utrique
2478 2011 2626 2072 loco
2646 2014 2779 2087 ¹iam
2804 2015 3063 2074 abunde

261 2124 299 2167 a
329 2112 511 2168 nobis
539 2109 933 2167 satisfactum
963 2115 1061 2167 est
1094 2106 1158 2180 ¹).
1209 2107 1491 2179 Denique
1534 2107 1614 2163 ad
1645 2120 1957 2178 quasnam
1988 2121 2293 2179 personas
2338 2109 2643 2179 obligatio
2676 2112 2954 2181 pertinet
2981 2130 3056 2172 ex

262 2207 795 2265 conventionibus
838 2205 1113 2264 oriunda
1138 2248 1154 2275 ‚
1187 2198 1546 2278 quaeritur.
1575 2206 1649 2260 Et
1688 2203 1770 2261 de
1796 2202 1917 2261 hac
1942 2219 2199 2277 quoque
2230 2203 2606 2278 quaestione
2634 2206 2720 2263 ita
2743 2205 2925 2267 nobis
2954 2225 3063 2269 su·

263 2322 379 2378 pra
405 2305 455 2376 (§
488 2305 655 2378 151.)
687 2313 829 2365 erat
850 2307 1307 2380 disputandum
1329 2349 1346 2378 ‚
1379 2311 1452 2362 ut
1484 2302 1612 2380 jam
1638 2304 2015 2376 paucissima
2061 2311 2313 2362 tantum
2350 2306 2667 2378 supersint
2687 2349 2703 2376 ‚
2743 2313 2909 2379 quae
2937 2310 3059 2370 hoc

263 2407 327 2462 in
349 2407 494 2464 loco
533 2408 955 2477 attingantur.
988 2406 1283 2483 Quamvis
1311 2406 1504 2476 igitur
1532 2406 1885 2462 secundum
1908 2404 2013 2478 jus
2040 2405 2222 2463 civile
2244 2405 2456 2463 alieno
2479 2406 2735 2464 nomine
2763 2411 3061 2468 contrahi

264 2504 491 2575 nequit
512 2499 557 2575 ²)
583 2550 600 2574 ‚
651 2518 772 2561 nec
803 2504 920 2561 nisi
966 2504 1047 2559 ad
1077 2517 1259 2569 eum,
1304 2503 1412 2574 qui
1445 2500 1941 2560 conventionem
1985 2497 2153 2571 iniit,
2193 2502 2275 2558 ad
2322 2502 2667 2560 heredesve
2702 2502 2927 2578 ipsius,
2953 2508 3061 2580 jus

266 2611 465 2677 atque
508 2601 812 2677 obligatio
864 2620 938 2663 ex
981 2603 1408 2663 conventione
1448 2602 1728 2676 pertinet
1753 2598 1837 2674 ³),
1877 2602 2012 2660 lieri
2057 2608 2274 2660 tamen
2321 2607 2565 2676 potest,
2610 2608 2683 2661 ut
2729 2602 3060 2670 solutionis

263 2716 458 2760 causa
495 2710 844 2761 extraneus
887 2702 1222 2776 adjiciatur
1251 2696 1297 2773 ⁴)
1321 2744 1337 2767 ,
1377 2700 1417 2759 i.
1469 2715 1527 2759 e.
1575 2699 1638 2757 id
1667 2699 2097 2758 constituatur
2136 2706 2364 2773 pacto,
2403 2706 2475 2759 ut
2521 2699 2773 2760 debitor
2812 2702 2913 2761 alii
2942 2709 3060 2765 sol·

261 2801 474 2856 vendo
501 2800 809 2857 liberetur
854 2793 972 2871 ⁴⁰).
1004 2802 1220 2869 Neque
1244 2812 1438 2864 vero,
1489 2797 1596 2869 qui
1631 2792 1717 2853 ita
1760 2798 2139 2867 stipulatur,
2175 2810 2367 2868 agere
2404 2801 2656 2870 potest,
2686 2805 2763 2856 ut
2801 2800 3060 2877 adjecto

265 2897 377 2953 fiat
399 2896 633 2954 solutio
652 2939 670 2964 ‚
702 2895 817 2952 nisi
843 2901 954 2952 aut
991 2894 1126 2966 ipse
1165 2900 1432 2966 propter
1459 2907 1602 2951 eam
1631 2907 1766 2949 rem
1792 2887 1898 2949 alii
1924 2893 2241 2964 obligatus
2271 2894 2350 2951 sit
2372 2890 2440 2965 ⁵),
2475 2901 2586 2952 aut
2627 2889 2736 2967 qui
2764 2897 3060 2969 adjicitur

265 2993 328 3048 in
359 2987 883 3049 descendentium
916 3005 1186 3048 numero
1207 2985 1289 3047 sit
1308 2984 1669 3062 stipulatori
1688 2985 1758 3061 ὅ),
1790 2995 1903 3045 aut
1924 3002 2175 3061 poenae
2203 2987 2613 3063 stipulatione
2641 2990 3060 3055 confirmetur

326 3190 373 3247 2)
406 3186 717 3247 Lanqsdort'
742 3189 774 3233 l.
809 3189 844 3233 l.
886 3188 912 3242 S
931 3184 1010 3232 5⁴.
1036 3187 1139 3244 [De
1161 3198 1240 3241 co,
1259 3188 1389 3244 quod
1414 3185 1626 3231 interest
1692 3189 1766 3231 tas
1791 3220 1805 3242 ‚
1824 3197 1917 3243 qua
1952 3188 2063 3243 quis
2087 3188 2135 3233 in
2178 3188 2515 3237 contrahendo
2561 3195 2741 3251 utitur,
2768 3194 2952 3250 duplici
2998 3208 3057 3243 ex

266 3253 394 3299 inter
416 3256 654 3298 tractatus
679 3255 727 3294 et
744 3252 1086 3308 punctationes
1106 3249 1203 3294 vid.
1228 3249 1435 3295 Puclcla
1460 3248 1626 3293 Hand·
1690 3246 2034 3301 disjunctionis
2058 3252 2249 3297 ratione
2287 3253 2588 3300 aestimanda
2628 3260 2718 3300 est.
2759 3256 2974 3315 Namque
3009 3266 3060 3304 et

266 3314 391 3362 buch
411 3315 498 3361 des
519 3313 748 3370 gerichtl.
771 3312 1064 3358 Vertabrens
1100 3314 1150 3357 in
1172 3311 1361 3357 Sachen
1400 3311 1487 3355 der
1515 3310 1628 3356 1τεί-
1690 3312 1777 3368 qui
1800 3312 2140 3369 principaliter
2170 3314 2468 3361 contrahunt
2512 3316 2570 3361 iis
2605 3323 2947 3378 opponuntur,
2973 3322 3057 3377 qui

266 3379 478 3435 willigeu
499 3374 932 3421 Gerichtsbarkeit.
955 3372 1013 3420 Τ.
1040 3376 1074 3419 l.
1091 3376 1116 3429 5
1135 3371 1342 3420 79-81,
1360 3374 1459 3429 (ed.
1485 3370 1594 3429 2.).]
1691 3372 1978 3427 adiumento
2003 3380 2193 3422 tantum
2218 3381 2330 3421 sunt
2352 3377 2746 3425 contrahentibus
2769 3414 2784 3436 .,
2820 3383 2950 3426 velut
2983 3384 3057 3428 in-

326 3441 377 3493 3)
399 3440 508 3485 Vid.
541 3440 714 3483 Hasce
755 3437 926 3483 Rhcin.
966 3438 1086 3482 Mus.
1129 3438 1188 3482 ll.
1228 3448 1277 3493 p.
1318 3435 1403 3482 571
1436 3448 1542 3492 sqq.
1570 3460 1628 3468 —-

265 3502 476 3549 Dissent.
501 3499 571 3546 de
597 3500 835 3557 Wem'nq
879 3500 1022 3546 Arch.
1048 3500 1085 3545 l'.
1109 3501 1202 3545 civ.
1228 3499 1304 3544 Pr.
1330 3500 1400 3555 ll,
1421 3497 1502 3555 25,
1528 3496 1632 3555 [qui

265 3567 340 3618 ei,
361 3566 440 3610 eui
458 3564 522 3608 ab
544 3565 702 3608 altero
723 3561 1028 3609 conditiones
1069 3561 1342 3619 propositae
1383 3562 1480 3605 sint
1501 3596 1516 3614 ,
1552 3560 1633 3614 jus

267 3627 439 3674 tribuit
475 3624 765 3683 accipiendi.
787 3625 928 3671 Certe
952 3625 1092 3670 nobis
1129 3625 1305 3669 rationi
1345 3624 1634 3669 conveniens

265 3702 372 3737 esse
386 3690 601 3743 videtur,
622 3686 993 3734 conventionem
1013 3699 1116 3732 esse
1131 3686 1399 3744 perlectam
1427 3720 1442 3742 .,
1466 3686 1637 3732 simul-

268 3757 416 3811 atque
436 3751 654 3807 acceptio
687 3750 1019 3796 intervenerit.
1040 3750 1148 3795 vid.
1175 3748 1348 3795 Archiv
1374 3749 1411 3795 1.
1432 3750 1525 3795 civ.
1552 3749 1633 3795 Pr.

327 3875 377 3934 4)
402 3878 454 3922 t..
478 3872 556 3921 17.
576 3873 835 3931 (λάεῇᾰε
854 3870 1102 3921 instrum.
1129 3871 1449 3929 (tV.21.)(cf.
1474 3870 1631 3927 3103.

267 3942 316 3985 ln
339 3941 418 3996 1.).
447 3961 504 3969 -
529 3939 684 3984 Aliter
703 3938 752 3983 h.
778 3938 810 3982 l.
834 3938 1186 3995 interpretatur
1206 3935 1374 3982 Glt'e'ck
1389 3935 1633 3981 Pand.lv.

269 4002 295 4056 S
314 4000 429 4047 292.
456 4013 507 4058 p.
532 3999 645 4047 107.

326 4062 376 4119 5)
393 4065 561 4121 Neque
582 4064 737 4118 enim,
759 4065 818 4106 ut
835 4060 1031 4119 quidem
1054 4072 1081 4105 a
1104 4059 1345 4117 plerisque
1362 4061 1633 4109 existimari

267 4127 489 4172 videmus
510 4158 526 4181 ,
560 4137 620 4171 ex
642 4138 701 4171 eo
730 4126 912 4181 pendet
934 4123 1110 4169 harum
1140 4123 1515 4171 conventionum
1535 4126 1631 4183 vis,

264 4189 394 4247 quod
418 4200 478 4233 ex
503 4189 648 4247 patrii
666 4186 793 4245 iuris
813 4187 976 4232 indole
996 4185 1138 4231 nudis
1153 4184 1457 4241 pactionibus
1477 4188 1631 4232 actio-

265 4263 352 4297 nes
386 4248 698 4301 efficiantur.
720 4247 1114 4306 quandoquidem
1139 4251 1272 4294 nullo
1292 4253 1509 4303 tempore
1539 4251 1633 4295 du-

266 4313 413 4360 bitari
439 4314 619 4372 potuit,
642 4314 764 4370 quin
785 4323 940 4368 aeque
960 4320 1019 4355 va
1031 4317 1173 4356 erent
1195 4310 1546 4356 conventiones
1574 4312 1635 4357 de

264 4376 432 4422 futuro
455 4378 712 4422 contractu
756 4374 847 4418 rite
891 4374 1074 4430 initae,
1099 4379 1246 4431 atque
1285 4375 1345 4419 de
1380 4383 1432 4417 re
1455 4374 1632 4418 danda.

269 4440 405 4485 ——ct
422 4439 493 4484 A.
509 4441 566 4483 G.
593 4440 921 4484 Peter-mann
941 4438 1003 4482 de
1023 4438 1188 4481 valore
1211 4441 1466 4493 pactorum
1491 4469 1506 4491 ‚
1530 4435 1641 4493 qui·-

263 4502 356 4549 bus
434 4505 738 4609 agparantur
755 4498 1194 4556 contractus.Lips.
1221 4496 1644 4545 imm—Pactam

855 4690 880 4743 S
901 4684 1014 4735 532.

324 4817 372 4871 1)
397 4815 519 4861 Nam
541 4814 589 4867 a)
608 4811 671 4857 de
690 4813 1003 4869 negotiorum
1026 4811 1468 4858 contr-‘theudorum
1492 4811 1643 4858 facul—

267 4884 367 4924 tate
389 4876 494 4922 vid.
518 4877 545 4932 S
569 4873 650 4922 st.
687 4876 713 4929 S
734 4874 844 4922 102.
872 4881 978 4923 not.
997 4876 1111 4921 1.—
1133 4873 1209 4920 Cf.
1234 4878 1284 4919 et
1306 4875 1333 4930 ς
1353 4871 1463 4921 178.
1488 4881 1593 4921 not.
1610 4872 1642 4920 8

264 4942 405 4987 -10,
428 4943 456 4996 ς
480 4937 593 4986 181.
625 4944 729 4984 not.
765 4939 814 4984 3.
834 4937 1002 4993 4.—-b)
1037 4939 1275 4984 Personae
1293 4941 1457 4983 autem
1481 4938 1639 4995 quali-

1697 3436 1982 3493 ternuntiis,
2005 3439 2300 3497 proxenetis‚
2325 3441 2522 3486 arbitris
2540 3443 2583 3496 (3
2608 3440 2718 3488 150.
2743 3448 2846 3489 not.
2868 3443 3059 3505 3—5.);

1695 3504 1823 3544 etex
1843 3499 1993 3555 priori
2020 3501 2105 3548 illo
2124 3513 2302 3558 genere
2323 3503 2405 3547 alii
2426 3515 2511 3548 sua
2534 3503 2624 3549 sibi
2648 3507 2841 3562 negotia
2863 3512 3060 3564 gerunt,

1697 3561 1782 3605 alii
1819 3573 1917 3606 non
1939 3562 2030 3608 nisi
2061 3564 2336 3610 alienorum
2372 3566 2675 3623 negotiorum
2716 3569 2884 3615 vicarii
2926 3574 3056 3615 sunt.

1699 3622 1743 3677 (S
1770 3621 1880 3669 130.
1904 3624 2162 3684 815151).

1763 3686 1812 3742 2)
1835 3688 1860 3739 S
1878 3683 1989 3733 151.
2015 3693 2118 3735 not.
2146 3687 2195 3735 5.
2220 3694 2271 3735 et
2284 3688 2333 3736 4.
2374 3689 2469 3744 (cf.
2494 3701 2620 3749 quae
2642 3692 2691 3738 in
2713 3692 2810 3740 tine
2832 3695 3058 3752 leguntur

1700 3745 1859 3801 ejusd.
1884 3750 1926 3804 S.
1956 3761 2034 3797 ur.
2056 3752 2143 3805 1.).

1763 3811 1813 3866 3)
1839 3812 1889 3857 L.
1911 3808 1991 3857 58.
2017 3814 2043 3868 ς
2063 3811 2141 3860 17.
2166 3814 2222 3859 D.
2258 3812 2325 3859 de
2350 3815 2421 3861 V.
2451 3816 2777 3874 0.(xt.v‚1.)
2811 3845 2869 3852 —
2904 3820 2957 3863 L.
2976 3817 3059 3867 27.

1698 3874 1726 3927 3
1746 3869 1794 3919 4.
1826 3874 1874 3919 in
1899 3874 1934 3921 l'.
1959 3876 2014 3919 D.
2040 3875 2109 3922 de
2134 3879 2279 3931 pace.
2303 3875 2403 3928 (cf.
2428 3878 2480 3923 1..
2504 3876 2584 3924 7⁴.
2612 3879 2666 3923 D.
2692 3879 2760 3925 de
2780 3883 3057 3940 re9.jur.).

1699 3936 1874 3981 -vid.
1898 3937 1924 3990 S
1950 3935 2058 3983 151.
2080 3944 2182 3983 not.
2202 3936 2235 3984 4
2251 3937 2395 3985 -10,
2422 3946 2475 3985 et
2497 3941 2688 3997 quaein
2712 3942 2810 3986 fine
2834 3946 3061 4000 leguntur

1700 4007 1776 4042 nr.
1805 3999 1852 4043 2.
1876 3996 1924 4044 5.
1942 4025 1993 4032 -
2016 4000 2090 4046 Ct'.
2112 4007 2162 4045 et
2184 3998 2204 4049 S
2223 4012 2323 4058 seq.
2349 4007 2452 4049 not.
2476 3998 2506 4046 3
2530 4014 2636 4060 sqq.
2658 4026 2714 4035 —-
2751 4005 2815 4048 De
2826 4005 3061 4052 heredum

1698 4062 1916 4116 personis
1940 4061 2036 4107 vid.
2059 4073 2086 4107 a
2107 4064 2123 4117 )
2143 4064 2194 4107 L.
2216 4061 2292 4108 15.
2317 4065 2369 4109 C.
2410 4065 2478 4111 de
2506 4069 2679 4110 contr.
2720 4077 2770 4110 v.
2813 4067 3059 4117 commin.

1697 4120 1876 4177 stipuc.
1900 4124 2040 4181 (xlii,
2062 4122 2165 4180 38.)
2188 4125 2203 4179 (
2224 4125 2291 4170 ef.
2315 4128 2367 4172 L.
2394 4130 2442 4173 9.
2464 4129 2518 4173 D.
2553 4125 2621 4173 de
2650 4127 2859 4184 probae.
2902 4132 3023 4177 ΧΧΙΙ
3047 4166 3062 4184 ,

1695 4183 1838 4239 5.).-
1854 4184 1918 4239 1))
1942 4188 1991 4231 L.
2021 4199 2104 4231 un.
2125 4188 2179 4233 C.
2202 4190 2264 4232 ut
2280 4188 2516 4235 actiones
2537 4194 2592 4234 et
2616 4190 2686 4236 ab
2710 4189 2996 4239 lter-edibus
3010 4196 3065 4239 et

1696 4249 1888 4354 aaran?
1913 4248 2137 4363 kgrgdss‘
2155 4248 2428 4305 incipiant.
2454 4251 2551 4307 (tv,
2574 4253 2743 4308 11.)--
2776 4254 2987 4301 Bne-het·
3009 4258 3058 4302 d.

1743 4340 1756 4353 .
1820 4340 1833 4354 .
1884 4321 1941 4355 or
1982 4341 1992 4355 .
2132 4344 2145 4357 .

1764 4367 1813 4426 4)
1839 4372 1865 4424 S
1883 4369 1931 4419 4.
1956 4374 1992 4417 l.
2014 4371 2081 4417 de
2103 4371 2330 4422 inutilis».
2353 4375 2592 4431 stipulae.
2618 4400 2673 4409 —-
2708 4375 2857 4424 1..56.
2886 4379 2912 4432 S
2933 4380 2978 4423 1.
3004 4380 3057 4426 D.

1705 4432 1772 4479 de
1797 4437 1867 4480 V.
1897 4436 1955 4480 0.
1982 4437 2033 4479 et
2055 4435 2183 4493 leges
2207 4442 2310 4484 not.
2332 4449 2469 4496 seqq.
2494 4439 2724 4485 laudand.
2750 4464 2811 4472 —
2827 4438 3063 4487 Brandis

1706 4496 1830 4604 tiber
1849 4498 2221 4604 den2sg;utionis
2240 4511 2384 4546 causa
2407 4501 2625 4556 adjectus
2659 4501 2709 4546 in
2740 4502 2912 4549 Rhein.
2936 4504 3055 4550 Mus.

1772 4620 1856 4679 4α)
1873 4620 1959 4677 3⁴.
1980 4621 2016 4668 l.
2043 4622 2111 4669 de
2132 4622 2308 4670 tuum.
2330 4622 2721 4680 stipate—tho.
2744 4629 2797 4676 D.
2822 4630 3064 4681 desolat.

1709 4687 1887 4743 (val,
1909 4683 2278 4740 5.)—Brandis
2295 4688 2327 4733 Ι.
2353 4688 2387 4734 Ι.
2408 4689 2433 4742 S
2454 4687 2533 4736 25.

1771 4746 1819 4805 5)
1844 4751 1870 4805 3
1887 4746 1967 4794 20.
1995 4749 2031 4795 l.
2056 4748 2124 4795 de
2142 4748 2313 4795 inum.
2336 4749 2513 4808 stipul.
2554 4774 2613 4784 —
2648 4753 2701 4799 L.
2722 4751 2803 4801 38.
2828 4753 3059 4816 swam.

1707 4813 1775 4860 de
1808 4813 1877 4859 V.
1918 4812 1976 4857 0.
1999 4810 2142 4857 -ct
2167 4812 2414 4860 Auctoris
2430 4814 2627 4861 Cession
2651 4828 2698 4873 p.
2724 4814 2805 4863 92.
2826 4823 2929 4865 not.
2949 4818 3062 4870 104.

1766 4874 1816 4931 6)
1859 4875 1910 4919 L.
1950 4870 2031 4920 ⁴5.
2072 4876 2128 4919 D.
2161 4875 2260 4920 sol.
2300 4879 2455 4923 mutr.
2487 4878 2585 4925 dos
2617 4881 2918 4937 quemadm.
2950 4886 3063 4943 pet.

1705 4938 1885 4997 (niv,
1909 4934 1977 4993 5.)
2002 4936 2086 4993 (cf.
2114 4943 2218 4983 not.
2246 4933 2332 4992 8.).

2668 5046 2733 5101 4¹
