3544 5506
771 334 907 380 cn.
953 338 1041 381 tv.
1083 340 1158 381 nn
1194 340 1365 383 sums
1403 343 1809 394 russonum
1850 343 2283 398 peramoenum.
2323 346 2466 388 nn.
2935 335 3046 393 159

254 450 567 524 ejusmodi,
608 466 770 523 quas
811 453 1002 524 vulgo
1029 463 1263 514 vocant
1286 456 1589 524 hominis,
1634 473 1684 516 s.
1727 458 2066 530 simplices,
2101 473 2293 531 quae,
2328 459 2479 519 licet
2529 476 2646 534 per
2673 477 2743 520 se
2785 463 3043 536 quidem

254 544 506 614 singulae
538 559 673 602 non
695 542 1042 606 conficiant
1063 548 1526 622 probationem,
1550 548 1617 606 in
1640 549 2019 622 gravissimis
2049 558 2265 612 tamen
2297 554 2616 625 probandi
2642 554 3042 615 adminiculis

256 658 418 715 saepe
442 642 780 703 habendae
799 653 948 705 sunt
979 648 1070 721 1⁵).

745 842 772 914 §
813 843 943 900 147.
987 847 1042 911 5)
1083 843 1313 921 Quibus
1351 843 1600 901 omnino
1638 843 1959 901 incumbat
1985 844 2308 913 probandi
2338 862 2519 905 onus.

320 1039 387 1094 Et
406 1037 472 1094 in
520 1039 805 1110 agendo,
837 1044 904 1098 et
935 1039 1000 1096 in
1030 1038 1405 1113 excipiendo
1432 1054 1578 1098 suas
1618 1039 1890 1112 quisque
1924 1039 2337 1112 allegationes
2377 1057 2638 1102 necesse
2667 1044 2861 1102 habet
2892 1061 3041 1117 pro-

250 1137 410 1206 bare,
445 1144 524 1195 ut
562 1141 1102 1210 quemadmodum
1132 1146 1316 1198 actor
1343 1140 1425 1198 de
1445 1140 1801 1198 intentione
1841 1155 1981 1212 sua,
2008 1139 2098 1198 sic
2118 1140 2203 1209 is,
2238 1157 2519 1213 quocum
2543 1140 2752 1215 agitur
2774 1187 2791 1218 ,
2818 1144 2900 1204 de
2931 1160 3041 1205 ex-

245 1235 624 1306 ceptionibus
663 1238 859 1311 iudici
905 1234 1095 1296 fidem
1149 1234 1341 1297 saciat
1374 1236 1437 1311 ¹).
1486 1238 1674 1313 Cujus
1725 1241 1989 1311 regulae
2029 1239 2169 1312 quis
2211 1241 2292 1299 sit
2333 1257 2485 1300 usus
2534 1250 2600 1302 et
2648 1244 2711 1300 in
2746 1258 3039 1303 errorum

249 1332 706 1402 quaestionibus
727 1378 743 1405 ‚
791 1340 857 1393 et
892 1335 958 1391 in
985 1334 1306 1393 factorum
1331 1334 1721 1404 illicitorum,
1756 1340 1826 1393 et
1862 1336 1926 1391 in
1958 1335 2048 1405 iis,
2080 1350 2248 1408 quae
2282 1337 2362 1394 de
2387 1339 2656 1410 negotiis
2699 1340 3041 1412 probandis

248 1424 452 1495 agitari
470 1418 707 1499 solent,
744 1426 934 1502 (quae
959 1427 1219 1499 quidem
1258 1427 1473 1486 omnia
1503 1428 1585 1484 ad
1616 1432 1818 1485 totam
1849 1426 1983 1486 sere
2000 1427 2163 1501 juris
2198 1429 2592 1503 disciplinam
2622 1432 2947 1504 pertinent
2969 1474 2986 1504 ,
3021 1432 3039 1504 )

248 1537 399 1581 nunc
425 1523 802 1583 videbimus.
827 1525 889 1597 1)
914 1525 974 1584 Si
992 1525 1133 1597 quis
1158 1525 1348 1596 igitur
1375 1530 1489 1582 aut
1522 1524 1858 1582 scientiam
1887 1524 2120 1599 allegat
2137 1568 2154 1595 ,
2186 1531 2300 1583 aut
2327 1542 2640 1599 errorem,
2676 1531 2776 1588 vel
2803 1545 2992 1588 suum
3014 1575 3032 1602 ‚

244 1624 330 1680 vel
348 1623 650 1694 alienum,
677 1625 805 1683 sive
830 1624 977 1684 facti
1005 1625 1089 1683 sit
1116 1639 1339 1692 error,
1361 1625 1492 1682 sive
1501 1623 1686 1696 juris,
1714 1623 1847 1681 sive
1868 1624 1933 1680 id
1962 1623 2075 1681 fiat
2095 1624 2521 1685 intentionum
2560 1628 2690 1686 sive
2714 1629 3036 1701 exceptio-

248 1732 381 1775 num
419 1721 1012 1779 conssrmandarum
1059 1734 1285 1787 causa,
1319 1719 1370 1777 is
1411 1717 1798 1792 plerumque
1845 1720 2164 1792 probandi
2201 1717 2480 1780 officium
2509 1724 2834 1797 suscipere
2859 1730 3039 1784 tene·

246 1817 342 1869 tur
356 1810 422 1888 ²),
452 1815 575 1873 nisi
597 1817 807 1887 legum
825 1815 1138 1874 beneflcio
1166 1829 1247 1873 eo
1275 1829 1476 1873 onere
1504 1815 1749 1878 levatus
1772 1814 1854 1871 sit
1881 1809 1955 1886 ³).
1982 1816 2059 1883 11)
2092 1818 2246 1873 Item
2279 1817 2386 1890 qui
2419 1818 2500 1876 de
2522 1819 2864 1877 adversarii
2888 1822 3039 1880 dolo

249 1909 536 1983 veiculpa
565 1917 679 1968 aut
700 1912 850 1983 agit,
882 1918 995 1969 aut
1014 1910 1266 1985 excipit,
1286 1909 1571 1982 judicem
1593 1910 1675 1967 de
1697 1908 2152 1981 allegationum
2176 1913 2444 1971 veritate
2469 1920 2718 1972 certum
2741 1914 2934 1973 faciat
2962 1916 3036 1991 ⁴),

246 2004 349 2063 nisi
368 2015 476 2066 aut
514 2011 701 2069 dolus
722 2011 838 2082 ipsi
865 2010 1069 2068 inesse
1097 2009 1355 2067 videtur
1382 2008 1551 2067 facto
1570 2049 1588 2078 ‚
1615 2010 1695 2067 de
1727 2024 1855 2081 quo
1883 2011 2219 2081 quaeritur
2240 2008 2286 2085 ⁵)
2306 2053 2322 2081 ,
2356 2019 2468 2069 aut
2488 2026 2565 2069 ea
2593 2009 2760 2072 inter
2787 2015 3035 2087 litigan-

244 2099 384 2163 tium
403 2124 717 2181 personas
737 2109 1094 2168 intercedat
1100 2109 1267 2183 juris
1290 2108 1477 2177 ratio,
1494 2123 1672 2180 ⁴quae
1699 2107 1955 2179 efficiat,
1982 2115 2054 2166 ut
2075 2110 2157 2166 ad
2174 2109 2562 2181 diligentiam
2587 2116 3037 2185 praestandam

244 2211 391 2269 alter
407 2210 593 2268 alteri
634 2215 955 2268 teneatur.
998 2214 1172 2267 Tunc
1200 2209 1370 2267 enim
1387 2250 1407 2283 ,
1433 2207 1540 2281 qui
1562 2208 1953 2279 diligentiam
1985 2208 2180 2268 debet
2198 2252 2215 2280 ‚
2242 2203 2450 2268 officio
2479 2225 2596 2268 suo
2630 2225 2763 2269 non
2788 2207 2909 2270 rite
2927 2214 3036 2272 de—

247 2309 559 2381 fungetur,
598 2310 720 2368 nisi
748 2315 862 2368 aut
886 2325 1041 2368 casu
1080 2324 1260 2368 mere
1297 2307 1566 2368 fortuito
1594 2308 1901 2366 damnum
1943 2303 2244 2367 accidisse
2265 2308 2548 2382 judicem
2577 2311 2880 2378 edoceat,
2921 2318 3037 2371 aut

247 2405 385 2463 dolo
408 2406 612 2478 ipsum
636 2419 903 2481 carere,
947 2405 1271 2477 talemque
1311 2419 1380 2462 se
1418 2399 1778 2462 adhibuisse
1801 2404 2199 2462 demonstret
2222 2402 2645 2478 diligentiam,
2684 2406 2940 2478 qualem
2969 2408 3033 2465 in

253 2515 325 2559 eo
346 2501 590 2573 negotio
621 2507 953 2574 praestare
974 2495 1271 2560 debuerit
1298 2496 1366 2574 ⁶).
1400 2498 1513 2573 111)
1545 2498 1779 2575 Quodsi
1816 2498 1957 2572 quis
1986 2499 2313 2571 negotium
2351 2500 2611 2573 aliquod
2637 2506 2750 2559 aut
2782 2503 3035 2573 agendo

248 2608 355 2658 aut
372 2597 732 2674 excipiendo
759 2601 1040 2659 tuiturus
1063 2606 1181 2674 est,
1216 2606 1375 2668 tum,
1405 2604 1479 2656 ut
1504 2614 1581 2657 ea
1610 2604 2024 2672 peractorum
2055 2599 2261 2658 forma
2294 2606 2636 2673 appareat,
2664 2616 2856 2674 quam
2876 2601 3030 2676 jura

247 2701 532 2775 legesque
576 2700 978 2771 desiderant,
1022 2695 1411 2776 requiritur3
1460 2714 1590 2772 quo
1619 2700 1879 2773 quidem
1921 2697 2093 2758 sacto
2131 2705 2192 2757 et
2226 2699 2475 2773 reliqua
2503 2700 2717 2760 omnia
2747 2701 3023 2774 legitime

241 2812 374 2856 esse
401 2804 573 2870 gesta
601 2803 669 2857 et
691 2797 991 2856 idoneam
1019 2803 1133 2855 aut
1164 2810 1586 2872 personarum
1604 2803 1716 2854 aut
1742 2810 1960 2855 rerum
1986 2809 2123 2854 esse
2144 2796 2515 2872 qualitatem
2537 2792 3021 2857 existimandum

232 2898 321 2950 est
343 2891 414 2968 ⁷).

769 3071 797 3144 ς
823 3072 955 3131 148.
997 3072 1051 3141 4)
1090 3070 1377 3130 Sub-sidia
1399 3074 1584 3143 atque
1607 3069 1990 3129 adminicula
2003 3071 2469 3142 probationum.

287 3212 457 3273 Licet
484 3216 746 3287 omnia,
781 3231 1205 3289 quaecunque
1253 3218 1312 3276 ei
1343 3216 1688 3275 inserviant
1713 3216 1821 3274 ssni
1851 3257 1867 3284 ‚
1922 3223 1996 3275 ut
2034 3217 2127 3276 rei
2157 3216 2390 3275 dubiae
2427 3216 2662 3274 veritas
2708 3221 2979 3274 eruatur
3003 3257 3022 3287 ,

214 3315 380 3368 recte
411 3311 717 3370 dieantur
744 3312 1021 3371 subsidia
1063 3312 1191 3371 sive
1221 3311 1606 3372 adminicula
1650 3311 1965 3385 probandi
1994 3305 2032 3385 ‚‘
2060 3318 2279 3370 tamen
2322 3326 2443 3386 pro
2485 3317 2707 3370 nostro
2756 3310 3027 3371 consilio

209 3484 299 3532 vim
333 3488 647 3547 probationis
691 3500 789 3536 non
828 3489 1027 3550 babeat,
1067 3501 1167 3537 non
1211 3490 1304 3536 nisi
1340 3491 1445 3548 lege
1468 3490 1577 3536 fleri
1638 3490 2128 3550 R.W.u.Gesetzgeb.
2152 3489 2335 3538 Bd.1v.
2357 3491 2427 3537 St.
2452 3491 2489 3537 l.
2513 3502 2563 3548 p.
2586 3485 3028 3538 49—55.—Arebiv

205 3557 337 3603 posse
376 3557 602 3599 constat.
649 3553 909 3599 Caeterum
949 3555 1048 3601 vid.
1091 3554 1118 3608 S
1151 3550 1246 3599 205
1285 3557 1391 3598 not.
1431 3550 1482 3599 θ.
1515 3575 1579 3586 -
1643 3552 1725 3599 t‘ur
1743 3555 1941 3602 civilist.
1961 3555 2042 3600 Pr.
2063 3555 2148 3600 Bd.
2175 3555 2233 3599 ll.
2263 3565 2313 3611 p.
2339 3553 2449 3600 451.

204 3612 349 3670 ια]
1713 3602 1937 3670 4)1..1'8.
1972 3618 1999 3673 ς
2028 3615 2375 3663 1.ι).1ι.ε.-
2416 3616 2468 3662 1..
2504 3613 2552 3663 4.
2594 3615 2648 3661 e.
2694 3615 2763 3663 ae
2799 3613 3024 3661 edendo.

262 3672 334 3732 15)
367 3674 444 3723 Cf.
465 3677 524 3722 1..
549 3673 634 3722 26.
681 3677 738 3726 D.
759 3677 810 3726 h.
836 3680 874 3725 t.
895 3681 944 3724 et
964 3677 1123 3726 Gch
1155 3676 1311 3724 Pand.
1341 3676 1426 3722 nd.
1465 3676 1585 3723 xxl.
1654 3680 1733 3737 (ll
1750 3713 1764 3735 ,
1789 3678 1874 3738 1.)

199 3745 243 3790 p.
262 3736 423 3786 391-
448 3735 575 3786 396.
1714 3739 1999 3798 5)Velut1..
2026 3738 2076 3788 7.
2096 3751 2171 3798 pr.
2210 3740 2267 3786 D.
2306 3739 2375 3786 de
2396 3738 2538 3786 adm.
2583 3743 2685 3786 tue.
2719 3740 2912 3797 (xxvi,
2953 3736 3024 3795 7.)

1652 3805 1669 3861 (
1698 3821 1721 3847 u
1744 3804 1918 3858 Tutor,
1938 3802 2024 3862 qul
2055 3802 2381 3860 repertorium
2411 3812 2510 3848 non
2533 3802 2649 3850 fecit
2669 3836 2684 3861 ,
2725 3825 2788 3837 —
2808 3801 2922 3847 dolo
2945 3801 3025 3847 te—

842 3867 870 3920 ς
917 3860 1032 3913 147.
1650 3867 1771 3912 cisse
1795 3868 1990 3914 videtur
2012 3880 2025 3911 ε
2051 3866 2142 3911 nisi
2164 3865 2290 3911 forte
2311 3865 2474 3922 aliqua
2495 3867 2766 3912 necessaria
2785 3868 2835 3911 et
2850 3863 3027 3918 justis-

1650 3928 1771 3974 sima
1791 3939 1937 3975 causa
1957 3928 2159 3984 allegari
2182 3927 2351 3985 possit,
2366 3938 2452 3972 cur
2474 3925 2523 3969 ld
2544 3926 2727 3974 factum
2751 3939 2850 3973 non
2872 3926 2951 3971 sit.
2968 3927 3024 3981 n)

255 3983 298 4042 1)
318 3987 377 4033 1..
401 3987 455 4036 2.
503 3992 566 4038 D.
611 3988 667 4035 Ιι.
703 3992 740 4034 t.
778 3988 797 4045 (
820 4004 846 4032 u
865 3988 916 4035 Ei
952 3987 1195 4035 incumbit
1230 3988 1482 4047 probatio,
1505 3992 1593 4048 qui
1654 3991 1708 4037 l..
1728 3988 1812 4036 36.
1835 3993 1883 4037 in
1903 3992 1939 4038 f.
1965 3989 2020 4036 D.
2041 3987 2298 4047 depecut.
2323 3989 2443 4048 (XV,
2467 3985 2536 4046 1.)
2554 4013 2614 4021 --
2636 3990 2709 4038 Cf.
2734 4000 2880 4049 supra
2901 3984 3022 4045 594.

193 4042 331 4111 dicit,
355 4064 463 4099 non
483 4053 582 4111 qui
605 4056 767 4106 negat.
794 4052 901 4108 u)-
927 4051 980 4097 L.
1005 4049 1087 4097 23.
1122 4050 1174 4098 C.
1203 4049 1254 4097 Ιι.
1277 4049 1316 4097 l.
1351 4075 1411 4085 ·--
1432 4052 1591 4099 Gluclc
1654 4056 1760 4098 not.
1783 4049 1834 4100 6.

194 4104 336 4157 Pana,
359 4114 451 4161 Ed.
476 4116 615 4161 xxi.
641 4124 693 4171 p.
714 4110 989 4160 242—248.
1016 4136 1071 4145 —-
1097 4113 1149 4157 L.
1174 4111 1254 4159 19.
1280 4114 1336 4160 D.
1361 4117 1412 4159 et
1432 4112 1482 4160 l..
1508 4114 1586 4163 19.
1715 4113 1763 4170 6)
1786 4115 1835 4162 l..
1858 4113 1935 4160 11.
1969 4113 2022 4159 D.
2060 4111 2128 4159 de
2163 4122 2280 4169 per.
2320 4115 2379 4159 ee
2410 4112 2687 4159 commodo
2729 4112 2812 4161 rel
2862 4111 3021 4159 vend.

192 4167 238 4213 C.
267 4172 321 4218 Ιι.
357 4179 399 4221 t.
436 4198 507 4209 -—
537 4177 620 4223 cf.
650 4176 858 4224 Weber
877 4176 958 4220 Vl.
982 4197 1038 4208 -—
1061 4175 1237 4221 Borst.
1261 4179 1286 4232 S
1306 4173 1406 4220 5-
1423 4175 1504 4224 29.
1529 4200 1585 4210 —
1651 4174 1831 4234 (xviii,
1849 4175 1919 4233 6.)
1941 4200 1996 4209 —
2025 4177 2076 4221 1..
2100 4173 2150 4221 9.
2170 4177 2195 4230 S
2214 4173 2262 4222 ⁴.
2288 4176 2340 4220 D.
2369 4175 2469 4221 loe.
2491 4197 2552 4207 —
2573 4175 2627 4221 L.
2653 4175 2729 4223 11.
2755 4179 2809 4223 1).
2833 4174 2884 4222 Ιι.
2908 4178 3024 4221 e.—

190 4231 418 4298 Hotnveq
441 4237 709 4284 Versucbe
740 4243 835 4285 etc.
860 4238 942 4283 Nr.
964 4238 1023 4285 V.
1047 4234 1204 4295 nmo
1224 4249 1399 4296 sqq.—-
1417 4238 1584 4286 Linde
1647 4236 1701 4283 L.
1739 4239 1786 4283 1.
1809 4242 1835 4295 s
1868 4240 1944 4284 13.
1973 4239 2028 4283 Ι).
2053 4236 2121 4282 de
2141 4235 2375 4298 maqislr.
2407 4235 2761 4285 conveniend.
2785 4237 2987 4296 (xxvll
3008 4272 3022 4293 ‚

190 4293 418 4346 zeitschr.
446 4301 489 4347 f.
530 4301 711 4347 Civilr.
748 4312 796 4346 u.
833 4301 1032 4346 Process
1066 4300 1104 4345 l.
1137 4300 1216 4346 Nr.
1243 4301 1302 4345 V.
1324 4312 1374 4358 p.
1395 4300 1457 4348 04
1474 4312 1579 4360 sqq.
1647 4299 1734 4356 8.)
1762 4324 1822 4334 —
1845 4302 1895 4346 1..
1918 4299 1966 4346 5.
1990 4301 2041 4345 C.
2080 4298 2150 4344 de
2177 4301 2322 4360 χήρη.
2357 4301 2466 4345 aet.
2514 4298 2767 4360 (1v‚24.)
2811 4326 2872 4335 -
2911 4299 3020 4346 Vid.

242 4357 291 4416 2)
314 4363 426 4409 vid.
453 4364 484 4419 S
503 4360 564 4412 4.
606 4364 643 4409 l.
669 4360 736 4407 de
755 4362 917 4423 ἱεραί.
939 4385 1002 4396 -
1038 4362 1092 4408 1..
1129 4361 1208 4409 21.
1235 4363 1289 4408 D.
1324 4361 1374 4408 Ιι.
1402 4366 1441 4411 t.
1467 4365 1580 4414 coll.
1654 4362 1862 4411 Weber
1877 4364 1955 4409 vl.
1974 4362 2000 4416 S
2019 4359 2222 4409 21—25.
2249 4386 2308 4397 -
2330 4361 2406 4407 Cf.
2431 4363 2684 4409 Auctoris
2706 4363 3023 4422 Civilprocess

185 4429 286 4466 eum
309 4426 362 4472 l..
389 4423 476 4471 19.
506 4437 596 4482 pr.
621 4422 740 4471 eod.
762 4431 811 4470 et
831 4425 886 4470 1..
903 4421 984 4470 15.
1006 4424 1057 4469 in
1079 4424 1116 4469 t.
1137 4424 1192 4471 l).
1209 4424 1280 4471 de
1300 4436 1447 4480 oper.
1464 4424 1589 4473 novi
1650 4438 1700 4484 p.
1727 4422 1836 4470 159.

188 4491 340 4532 wne.
368 4486 649 4544 (xxxix,
671 4483 717 4532 1.
740 4488 833 4544 )—-
853 4487 907 4532 1..
927 4483 976 4533 6.
997 4487 1049 4531 C.
1071 4485 1167 4544 qui
1188 4484 1415 4534 militare
1433 4499 1574 4545 poss.
1700 4481 1750 4543 7)
1770 4488 1816 4545 a)
1834 4489 1859 4543 S
1880 4483 1957 4532 17.
1982 4486 2018 4533 1.
2039 4483 2107 4531 de
2130 4484 2303 4534 inutil.
2326 4484 2599 4543 stipu!.--§
2617 4488 2708 4534 ult.
2741 4489 2776 4534 l.
2795 4486 2868 4534 de
2886 4488 3021 4545 fide·

182 4544 315 4605 (xli,
334 4546 420 4596 54.
444 4551 465 4606 )
500 4574 558 4587 -
579 4549 751 4595 Potest
770 4553 935 4594 tamen
955 4549 1114 4607 quivis
1135 4559 1220 4604 per
1243 4561 1390 4596 suum
1430 4551 1579 4609 ipsius
1631 4549 1892 4607 jussor-ib.
1919 4571 1974 4581 —-
2000 4549 2052 4593 1..
2074 4545 2155 4594 50.
2180 4550 2233 4594 D.
2256 4548 2325 4595 de
2347 4549 2414 4596 V.
2443 4549 2501 4593 0.
2526 4550 2683 4606 (XLV,
2706 4550 2832 4610 1.)—
2860 4551 2913 4598 t..
2942 4550 3021 4600 14.

176 4607 534 4661 iusiurandum
556 4644 577 4669 ‚
611 4622 830 4657 errorem
869 4622 974 4656 esse
1012 4611 1309 4671 admissum,
1350 4614 1578 4669 probare.
1643 4615 1696 4662 C.
1721 4610 1790 4658 de
1807 4615 1980 4660 contr.
2004 4613 2062 4656 et
2080 4620 2265 4658 comm.
2286 4610 2468 4669 stipat.
2494 4611 2635 4669 (vul,
2657 4611 2758 4670 58.)
2781 4636 2842 4646 -
2864 4614 2917 4660 Ι...
2941 4615 3018 4662 11.

178 4680 216 4714 e.
246 4666 298 4716 4.
322 4675 383 4720 x.
411 4671 489 4721 de
524 4672 745 4729 except.
767 4672 846 4734 (ll,
873 4670 974 4732 25.)
996 4695 1055 4706 -·
1073 4685 1117 4718 c.
1138 4669 1186 4720 θ.
1211 4676 1269 4721 Χ.
1300 4672 1393 4731 qui
1421 4687 1582 4723 accu—
1644 4677 1698 4722 C.
1722 4674 1777 4721 Ιι.
1799 4681 1834 4720 t.
1859 4672 2115 4721 Auctoris
2139 4673 2336 4720 cession
2369 4687 2418 4733 p.
2442 4670 2554 4721 577.
2575 4685 2651 4721 nr.
2674 4675 2722 4722 b.
2742 4675 2839 4732 (ed.
2866 4674 3021 4735 2).—

177 4743 289 4781 mne
321 4735 581 4784 matt-im.
610 4746 757 4791 poss.
783 4735 881 4792 (lv,
906 4732 1086 4792 18.)-
1120 4748 1164 4782 c.
1190 4733 1238 4782 ⁴.
1263 4740 1324 4784 X.
1347 4735 1417 4783 de
1439 4741 1577 4784 sent.
1643 4738 1711 4796 l»)
1736 4749 1781 4783 c.
1802 4735 1879 4783 16.
1904 4738 1963 4782 X.
1987 4733 2504 4790 depraesumnonlb.
2529 4737 2610 4797 (u,
2632 4736 2799 4795 23.)-
2818 4750 2866 4784 e.
2891 4736 2941 4785 ὅ.
2962 4742 3020 4786 Χ.

178 4803 525 4846 excommun.
553 4797 644 4855 (V,
662 4794 764 4855 59.)
785 4822 848 4832 —
865 4809 909 4843 c.
925 4795 975 4845 8.
1009 4795 1078 4843 de
1094 4799 1249 4846 elect.
1272 4801 1324 4847 in
1344 4797 1394 4845 6.
1422 4824 1476 4833 —-
1502 4799 1578 4846 cf.
1642 4799 1711 4847 de
1734 4810 1879 4847 suec.
1903 4798 1972 4845 ab
1996 4798 2180 4846 intest.
2203 4801 2303 4858 (lll,
2321 4798 2495 4857 27)-
2519 4800 2776 4847 Caeterum
2801 4813 2899 4847 noa
2924 4814 3018 4848 una

180 4857 401 4913 Τὰὲὁαυι
423 4860 586 4908 Vero.
610 4860 696 4906 ΒΔ.
716 4859 777 4907 11.
801 4859 921 4907 Abb.
944 4861 1024 4906 w.
1042 4872 1120 4906 nr.
1145 4862 1225 4908 vl.
1643 4867 1719 4909 est
1737 4861 1992 4908 doctorum
2016 4858 2271 4909 hominnm
2291 4862 2366 4908 his
2403 4863 2465 4908 de
2495 4861 2638 4909 rebus
2670 4865 2929 4910 sententia.
2957 4888 3016 4896 -

230 4923 275 4979 3)
296 4926 353 4971 1..
375 4920 469 4971 35.
497 4925 529 4979 S
556 4920 610 4970 1.
635 4923 690 4968 1).
729 4920 781 4968 Ιι.
804 4922 843 4970 t.
867 4945 929 4956 -
951 4935 1002 4969 v.
1032 4922 1202 4970 Loelu·
1237 4924 1459 4983 Magazin
1500 4924 1580 4971 mr
1643 4925 1932 4974 Cf.Weber
1962 4924 1988 4978 S
2013 4922 2224 4972 50-32.
2251 4949 2309 4958 -
2332 4922 2504 4972 Bor-sl.
2529 4922 2803 4980 seo—75.
