3544 5506
586 360 696 416 378
1331 371 1482 413 PARS
1521 371 1676 412 svm.
1720 372 1837 413 un.
1880 372 1976 413 111.
2022 371 2094 412 DE
2132 370 2653 413 onmuATlotttntJS.

683 541 708 614 §
729 533 869 594 596.
900 529 1001 605 lv)
1037 530 1117 589 De
1140 527 1402 588 emtionis
1426 535 1481 587 et
1506 526 1847 588 venditionis
1873 530 1933 587 vi
1957 528 2140 608 adque
2165 528 2362 609 effectu
2387 531 2453 606 A)
2482 529 2794 588 universam
2818 528 3132 588 disseritur
3151 490 3266 605 (⁴¹).

655 734 946 794 Nascitur
987 748 1064 792 ex
1109 726 1401 792 emtionis
1444 735 1782 792 contractu
1829 730 2129 805 obligatio
2181 732 2481 805 actioque
2530 731 2855 805 utrimque
2901 732 3189 800 directa,
3237 730 3362 792 scil.

578 833 730 892 emti
757 839 824 890 et
842 831 1082 889 venditi
1101 828 1143 905 ¹)
1163 875 1179 901 ‚
1212 848 1341 905 qua
1363 831 1446 889 ad
1484 830 1877 904 implendum
1900 834 2302 889 contractum
2327 830 2536 900 agitur
2555 872 2573 901 ,
2619 835 2757 887 tum
2789 830 2869 888 ad
2896 829 2959 886 id
2990 829 3366 903 quodinter·

573 935 669 988 est
697 925 1236 1003 praestandum2).
1264 926 1338 985 Et
1353 925 1399 1001 Ι)
1430 934 1640 987 emtor
1663 920 1921 999 quidem
1954 926 2229 1000 pretium
2264 927 2513 984 solvere
2550 939 2809 983 necesse
2832 925 3029 983 habet
3052 938 3201 984 cum
3225 940 3365 983 usu-

571 1028 657 1083 ris
676 1068 695 1099 ,
721 1025 852 1084 scit.
886 1040 962 1083 ex
984 1039 1062 1083 eo
1081 1024 1183 1082 die
1202 1066 1219 1092 ,
1254 1038 1383 1096 quo
1407 1020 1465 1081 ei
1496 1024 1734 1080 tradita
1761 1027 1860 1080 est
1887 1037 1990 1080 res
2016 1040 2033 1077 ε
2061 1020 2581 1093 quandoquidem
2609 1021 2884 1079 eundem
2908 1022 3099 1079 simul
3127 1028 3192 1080 et
3214 1032 3278 1078 re
3301 1028 3365 1079 et

566 1118 777 1199 ¹pretio
822 1118 946 1182 frui
982 1139 1128 1182 cum
1167 1123 1489 1195 aequitate
1518 1137 1809 1196 pugnare
1846 1128 2147 1181 censetur
2173 1116 2240 1194 ⁸).
2293 1120 2419 1181 Nec
2451 1136 2607 1179 vero
2644 1120 2989 1180 traditione
3014 1117 3364 1179 dominium

568 1223 660 1280 rei
689 1228 895 1279 emtor
932 1219 1382 1292 consequitur,
1428 1212 1544 1277 nisi
1583 1226 1695 1277 aut
1724 1220 2002 1292 pretium
2041 1219 2320 1276 solutum
2348 1224 2460 1275 aut
2503 1218 2660 1275 fides
2697 1219 2778 1275 de
2817 1233 2896 1276 eo
2932 1218 3158 1275 habita
3196 1218 3275 1274 sit
3293 1218 3359 1279 ⁴).

564 1328 903 1381 Praeterea
928 1322 1243 1394 impensas
1279 1321 1468 1378 debet
1496 1322 1833 1379 restituere
1858 1362 1876 1391 ,
1922 1336 2080 1392 quas
2107 1314 2433 1386 venditor,
2464 1317 2744 1391 perfecta
2777 1319 3059 1377 emtione
3079 1362 3096 1386 ‚
3135 1319 3200 1375 in
3230 1332 3362 1375 rem

517 1459 520 1465 ,
563 1419 712 1477 fecit
732 1415 798 1495 ⁵).
837 1421 907 1480 ΙΙ)
938 1412 1248 1475 Venditor
1275 1422 1490 1474 autem
1523 1416 1839 1487 obligatur
1863 1459 1881 1489 ‚
1925 1422 1995 1473 ut
2029 1432 2163 1473 rem
2183 1416 2357 1489 justo
2389 1422 2679 1488 tempore
2710 1416 2920 1473 tradat
2938 1410 2989 1486 6)
3014 1458 3033 1490 ,
3064 1431 3188 1472 una
3219 1430 3362 1472 cum

563 1533 754 1577 causa
786 1523 981 1590 atque
1021 1516 1416 1573 adminicuiis
1435 1511 1483 1585 ⁷)
1507 1557 1523 1582 ‚
1552 1523 1686 1573 tum
1717 1516 1907 1574 etiam
1939 1532 2083 1573 cum
2106 1517 2200 1574 his
2224 1559 2240 1590 ‚
2283 1531 2449 1588 quae
2478 1518 2571 1574 rei
2603 1522 3014 1575 accesserunt
3049 1522 3199 1588 post
3227 1531 3363 1587 per·

559 1614 790 1672 sectam
828 1613 1176 1670 emtionem
1191 1610 1265 1684 ¹³).
1306 1613 1503 1669 Debet
1530 1613 1722 1670 etiam
1763 1613 1826 1669 id
1856 1617 2221 1683 praestare,
2263 1624 2408 1669 cum
2442 1617 2512 1669 ut
2541 1610 2780 1669 habere
2818 1627 2957 1671 rem
3000 1611 3198 1669 liceat
3236 1627 3363 1669 em·

570 1713 695 1771 tori
738 1728 814 1771 ex
837 1712 1198 1769 venditione
1221 1708 1271 1783 ⁹)
1292 1756 1308 1783 ,
1348 1718 1485 1768 tum
1511 1726 1667 1770 vero
1697 1717 1770 1768 ut
1806 1712 1946 1769 talis
1973 1712 2050 1770 sit
2087 1727 2190 1769 ree
2209 1752 2225 1777 ‚
2260 1713 2516 1784 qualem
2550 1727 2686 1769 esse
2715 1711 3078 1769 existimare
3110 1718 3366 1784 poterat

562 1818 770 1869 emtor
816 1811 865 1887 (ς
887 1809 1298 1883 598-404.).
1326 1810 1432 1882 111)
1475 1813 1756 1883 Uterque
1781 1827 1973 1879 vero,
2006 1818 2071 1869 et
2095 1816 2304 1869 emtor
2335 1817 2401 1869 et
2435 1810 2765 1881 venditor,
2807 1817 3081 1883 propter
3105 1826 3359 1869 omnem

559 1909 814 1980 culpam
849 1909 1010 1964 alter
1040 1906 1221 1963 alteri
1267 1907 1582 1979 obligatur
1612 1903 1675 1981 ¹⁰)
1708 1925 1725 1981 3
1769 1922 1900 1978 quo
1943 1907 2200 1981 quidem
2247 1902 2507 1966 nomine
2540 1914 2606 1965 et
2645 1907 3000 1966 custodiam
3040 1907 3138 1965 rei
3177 1922 3361 1981 prae·

563 2010 731 2061 stare
757 2002 1050 2061 venditor
1074 2009 1331 2061 tenetur
1357 1999 1451 2073 ¹¹).

981 2198 1121 2259 597.
1164 2197 1225 2271 Β)
1258 2194 1608 2272 Sinqulatim
1641 2192 1697 2272 1)
1722 2195 1795 2253 de
1813 2195 2066 2272 periculo
2090 2203 2144 2253 et
2169 2193 2453 2267 commodo
2479 2192 2566 2252 rei
2589 2189 2849 2252 venditae
2884 2192 2979 2269 (⁹).

642 2381 997 2440 Periculum
1025 2382 1120 2440 rei
1155 2381 1450 2439 venditae
1480 2377 1519 2454 ¹)
1550 2381 2154 2453 incommodumque
2176 2423 2194 2454 ‚
2241 2379 2622 2452 simulatque
2648 2377 2936 2452 perfecta
2979 2383 3083 2436 eet
3127 2377 3360 2452 emtio‚

560 2481 843 2553 quamvis
880 2481 1164 2539 nondum
1200 2481 1431 2538 tradita
1456 2481 1535 2538 sit
1567 2496 1670 2539 res
1691 2520 1707 2549 ‚
1744 2481 1825 2539 ad
1855 2487 2169 2539 emtorem
2199 2485 2444 2552 spectat
2467 2475 2534 2552 ²),
2573 2475 2689 2537 nisi
2715 2485 2827 2535 aut
2854 2493 2932 2536 ex
2954 2476 3359 2550 sungibilium

553 2659 652 2714 jus,
673 2659 784 2705 licet
815 2660 953 2705 Rom.
974 2661 1086 2715 jure
1107 2669 1207 2707 non
1228 2659 1318 2704 nisi
1339 2660 1391 2705 in
1412 2659 1655 2707 fiscalibus
1674 2656 1915 2704 venditio·
2037 2656 2091 2715 8)
2115 2661 2165 2705 1..
2187 2657 2236 2705 7.
2270 2672 2347 2717 pr.
2380 2662 2434 2706 D.
2465 2658 2532 2707 de
2551 2671 2666 2716 per.
2706 2662 2764 2706 et
2791 2659 3075 2715 ¹(tenuando
3092 2658 3180 2705 ret
3197 2660 3358 2706 vend.

557 2723 701 2769 nibus
737 2725 895 2769 iocum
937 2722 1164 2770 habuisse
1196 2724 1417 2770 videatur
1459 2722 1590 2779 (vid.
1625 2723 1676 2767 L.
1702 2720 1750 2767 1.
1775 2723 1827 2770 C.
1851 2719 1919 2768 de
1980 2720 2166 2778 (xviii,
2188 2720 2327 2780 6.)-
2355 2725 2405 2771 L.
2430 2721 2507 2768 15.
2531 2721 2647 2778 510.
2671 2728 2720 2769 et
2743 2716 2817 2769 15.
2847 2724 2902 2769 D.
2939 2720 2994 2770 1..
3020 2716 3098 2771 15.
3126 2728 3178 2768 et
3204 2721 3283 2770 16.
3304 2725 3356 2771 C.

556 2784 824 2832 vendenti.
850 2784 959 2832 reb.
983 2785 1124 2833 civit.
1152 2788 1233 2844 Xt,
1252 2784 1353 2843 31.)
1379 2819 1394 2842 ,
1428 2791 1589 2831 tamen
1615 2784 1794 2830 nostris
1819 2796 1920 2830 mo-
1981 2785 2033 2831 Ιι.
2058 2788 2093 2832 1.
2121 2787 2231 2830 -—L.
2257 2783 2334 2832 15.
2358 2790 2383 2843 ς
2405 2788 2483 2834 19.
2505 2788 2560 2831 D.
2582 2787 2699 2833 eod.

555 2846 694 2892 ribus
717 2848 765 2894 in
789 2848 1014 2894 omnibus
1045 2849 1327 2896 observatur
1362 2846 1723 2896 venditionibus
1744 2880 1760 2906 ,
1796 2858 1921 2905 quae
2044 2845 2093 2900 9)
2119 2850 2170 2893 L.
2192 2846 2240 2893 5.
2262 2861 2334 2906 pr.
2360 2852 2415 2896 D.
2440 2848 2492 2894 Ιι.
2515 2852 2552 2894 t.
2575 2849 2650 2894 Cf.
2687 2850 2713 2903 ς
2741 2846 2836 2895 398
2871 2860 2947 2906 sq.
2973 2872 3034 2880 —-
3058 2849 3113 2893 L.
3146 2845 3225 2893 11.
3252 2849 3280 2904 ς
3306 2847 3354 2895 9.

556 2909 647 2955 sub
667 2909 805 2957 basta
828 2911 969 2957 fiunt.
1983 2909 2036 2954 D.
2061 2908 2111 2955 Ιι.
2139 2915 2175 2958 t.
2212 2925 2236 2952 ιι
2254 2913 2309 2956 Et
2328 2912 2545 2971 inprimis
2569 2912 2725 2968 ipsam
2758 2923 2863 2957 rem
2897 2917 3151 2968 praestare
3185 2912 3354 2957 vendi-

1984 2976 2137 3017 torem
2158 2978 2381 3030 oportet,
2405 2975 2438 3019 i.
2472 2985 2516 3018 e.
2549 2972 2768 3019 tmdere
2791 2990 2802 3019 :
2828 2984 2955 3031 qnae
2980 2984 3056 3017 res
3073 3007 3088 3030 ‚
3111 2974 3354 3030 siquiden

1981 3034 2204 3080 dominus
2224 3035 2317 3080 fuit
2337 3036 2576 3095 venditor,
2602 3035 2718 3081 facit
2738 3041 2786 3082 et
2803 3040 3044 3081 emtorem
3057 3036 3352 3095 dominum;

1982 3097 2020 3141 si
2045 3108 2143 3143 non
2167 3097 2262 3143 fuit
2284 3131 2298 3156 ‚
2319 3102 2510 3144 tantum
2552 3098 2800 3144 evictionis
2823 3099 3022 3144 nomine
3043 3099 3354 3144 venditorem

1981 3158 2181 3217 obligat.
2224 3183 2283 3192 -
2322 3161 2485 3206 Emtor
2503 3165 2666 3206 autem
2689 3172 2865 3206 numos
2893 3161 3164 3205 venditoris
3189 3161 3354 3206 faeere

1979 3224 2230 3279 cogitur.»
2257 3241 2312 3254 -—
2347 3223 2399 3269 L.
2424 3220 2504 3268 30.
2546 3223 2571 3276 S
2595 3221 2640 3268 1.
2659 3223 2777 3268 eod.
2813 3238 2838 3264 ιι
2872 3246 2933 3254 -
2957 3245 3018 3254 —
3041 3225 3352 3270 venditorem

1979 3281 2212 3331 hactenus
2235 3285 2387 3331 teneri
2406 3321 2421 3341 ,
2438 3290 2490 3329 ιιι
2510 3294 2614 3330 rem
2633 3285 2806 3330 emtori
2840 3284 3023 3330 habere
3045 3285 3190 3331 liceat
3213 3318 3230 3340 ,
3249 3298 3349 3332 non

1137 3036 1163 3090 S
1183 3032 1294 3082 596.

617 3158 678 3217 (¹¹)
699 3160 800 3218 Dig.
829 3161 969 3218 (xix,
990 3160 1058 3218 1.)
1080 3164 1127 3206 et
1149 3159 1268 3208 Cod.
1290 3158 1502 3220 (1V‚49.)
1522 3159 1592 3208 de
1616 3159 1919 3208 acetonibus

552 3223 678 3271 emti
706 3227 761 3269 et
778 3222 994 3270 venditi.

617 3286 664 3344 1)
688 3287 963 3331 promiscue
985 3295 1334 3343 nonnunquam
1359 3285 1484 3340 juris
1515 3287 1665 3332 nostri
1688 3288 1913 3331 auctores

552 3346 627 3392 his
650 3354 852 3394 utuntur
880 3347 1185 3407 nominibus,
1209 3349 1321 3393 licet
1356 3349 1641 3406 pierumque
1666 3348 1846 3394 venditi
1869 3360 1909 3394 s.

551 3421 613 3455 ex
634 3412 829 3456 vendito
847 3412 973 3455 actio
992 3411 1008 3466 (
1028 3422 1152 3467 quae
1173 3410 1370 3468 quidem
1385 3414 1433 3455 et
1453 3413 1583 3456 actio
1604 3411 1748 3469 pretii
1769 3422 1910 3456 voca·

551 3477 653 3528 tur,
696 3474 747 3519 L.
779 3471 827 3518 7.
868 3473 921 3518 C.
943 3471 995 3517 Ιι.
1017 3471 1077 3527 t.)
1101 3506 1117 3528 ‚
1155 3474 1217 3518 ad
1236 3471 1317 3527 jus
1340 3473 1602 3518 venditoris
1625 3473 1868 3518 referatur
1890 3484 1904 3532 ;

549 3534 833 3593 emunctio,
856 3535 918 3579 ad
941 3536 1137 3581 emtoris
1154 3534 1254 3589 jus.
1276 3535 1352 3580 Pr.
1378 3536 1413 3579 1.
1439 3533 1488 3579 Ιι.
1513 3539 1551 3579 t.

610 3596 658 3653 2)
681 3598 732 3643 L.
758 3596 804 3642 1.
827 3607 900 3655 pr.
923 3598 973 3643 L.
1002 3594 1080 3641 11.
1105 3599 1159 3642 L.
1180 3597 1258 3641 13.
1279 3599 1303 3651 ς
1324 3594 1399 3642 19.
1425 3599 1478 3642 D.
1509 3596 1564 3642 Ιι.
1586 3600 1623 3643 t.

608 3657 727 3716 5)Ι..
766 3657 842 3705 15.
885 3657 1023 3714 320.
1059 3665 1110 3705 et
1141 3656 1219 3704 21.
1258 3660 1307 3704 L.
1345 3655 1393 3704 5.
1429 3659 1481 3705 C.
1526 3658 1577 3704 Ιι.
1615 3662 1649 3705 t.
1693 3657 1759 3714 (S
1792 3657 1906 3707 229.

546 3727 650 3767 not.
674 3721 790 3777 16.).
827 3748 887 3757 —-
921 3723 972 3767 L.
1010 3717 1087 3766 18.
1134 3722 1160 3775 S
1195 3718 1237 3765 1.
1275 3722 1329 3767 D.
1362 3720 1431 3766 de
1468 3733 1623 3767 usur.
1647 3720 1817 3777 (ΧΧΙΙ,
1840 3722 1907 3780 1.)

546 3798 572 3824 ιι
596 3784 708 3829 Post
729 3786 959 3830 traditam
985 3782 1333 3841 possessionem
1356 3782 1589 3830 defuncto
1613 3783 1864 3829 venditore
1889 3819 1904 3840 ,

542 3848 621 3891 cui
640 3858 885 3893 successor
905 3848 1120 3892 incertus
1145 3844 1266 3900 fuit,
1291 3845 1432 3890 medii
1457 3858 1647 3904 quoque
1672 3847 1904 3902 temporis

543 3919 717 3954 usurae
740 3910 880 3966 pretii
904 3942 918 3964 ‚
944 3908 1093 3967 quod
1129 3905 1182 3954 In
1222 3918 1392 3953 causa
1424 3907 1644 3965 depositi
1671 3919 1779 3954 non
1799 3904 1910 3960 suit

541 3971 676 4025 (vid.
714 3972 764 4017 L.
800 3970 849 4017 7.
883 3971 999 4019 eud.
1022 3971 1071 4030 )‚
1092 3970 1486 4028 praestabuntur.
1506 3986 1531 4013 n
1564 3995 1621 4003 —
1651 3970 1725 4016 Ct’.
1750 3976 1802 4016 et
1821 3973 1898 4017 Fr.

538 4033 646 4078 vat.
667 4037 692 4088 ς
714 4033 762 4079 9.

600 4093 647 4150 4)
666 4098 691 4150 s
713 4093 793 4142 41.
818 4097 855 4141 t.
879 4095 946 4142 de
967 4106 1073 4142 rer.
1094 4093 1245 4141 divis.
1280 4118 1342 4131 -
1379 4096 1429 4140 1..
1456 4092 1534 4141 19.
1555 4098 1611 4141 D.
1637 4095 1706 4142 de
1722 4095 1897 4143 contr.

536 4157 885 4205 emt—Hebe
902 4162 951 4203 et
974 4160 1141 4212 cropp
1157 4157 1256 4209 jur.
1280 4153 1402 4205 Abh.
1423 4159 1460 4202 1.
1484 4158 1697 4204 Nnxxi.

595 4218 643 4276 5)
662 4222 710 4265 L.
736 4219 811 4266 15.
833 4220 953 4275 §22-
979 4221 1032 4266 D.
1068 4220 1119 4265 L.
1142 4217 1221 4265 16.
1243 4221 1296 4269 C.
1318 4221 1369 4267 Ιι.
1394 4223 1432 4266 1.

594 4279 642 4336 6)
666 4283 718 4328 L.
743 4283 820 4328 11.
838 4281 929 4338 82.
952 4283 1008 4328 D.
1028 4281 1079 4327 lz.
1103 4283 1141 4326 t.
1163 4281 1249 4338 (σθ.
1275 4285 1406 4330 intra
1428 4287 1531 4329 not.
1553 4281 1823 4338 9.).—0bs.
1847 4285 1894 4341 a)

1977 3346 2122 3393 ctiam
2155 3351 2209 3391 ut
2236 3346 2342 3400 eius
2373 3347 2565 3392 faciat.»
2593 3370 2654 3378 ——
2689 3348 2740 3393 L.
2765 3343 2845 3392 25.
2874 3349 2900 3401 ς
2924 3346 2970 3390 1.
2996 3348 3051 3391 D.
3076 3349 3145 3394 de
3166 3351 3348 3394 contr.

1974 3412 2094 3455 emt.
2146 3426 2167 3446 α
2198 3409 2288 3462 Qui
2311 3410 2524 3455 vendidit
2549 3442 2564 3466 ,
2585 3419 2777 3455 necesse
2801 3421 2899 3455 non
2923 3407 3075 3453 habet
3098 3445 3115 3464 ,
3136 3410 3351 3457 fundum

1971 3473 2170 3516 emtoris
2193 3469 2353 3516 facere
2373 3505 2388 3530 ‚
2409 3477 2464 3518 ut
2486 3472 2704 3527 cogitur.
2729 3472 2813 3529 qui
2855 3469 3068 3517 fundum
3089 3474 3350 3529 stipatam

1971 3533 2277 3591 spoponditm
2311 3535 2418 3580 vid.
2442 3545 2587 3592 supra
2613 3536 2639 3590 s
2657 3532 2771 3581 543.
2793 3540 2898 3580 not.
2911 3530 3026 3580 8.9.
3050 3539 3100 3579 et
3123 3537 3184 3582 ad
3204 3537 3348 3583 end.

1974 3601 2270 3642 contextum.

2038 3657 2112 3716 10)
2136 3660 2187 3705 L.
2212 3654 2260 3702 5.
2285 3657 2369 3713 §2
2397 3660 2449 3704 D.
2471 3657 2788 3706 commodati
2803 3657 3031 3716 (x1n‚6.)
3053 3660 3166 3713 (vid.
3186 3657 3345 3716 5353.

1972 3726 2075 3766 not.
2097 3720 2145 3769 5.
2168 3724 2218 3766 et
2240 3723 2265 3775 S
2284 3719 2395 3768 554.
2423 3726 2526 3767 not.
2549 3718 2636 3775 8.).

2033 3783 2110 3840 11)
2135 3784 2185 3828 L.
2208 3782 2288 3830 55.
2313 3783 2338 3839 ς
2358 3781 2405 3829 4.
2427 3784 2482 3829 D.
2507 3784 2759 3830 decontr.
2778 3785 2902 3828 emt.
2921 3808 2985 3817 —
3009 3783 3158 3832 1..31.
3177 3796 3256 3841 pr.
3281 3785 3346 3831 D.

1968 3842 2018 3889 Ιι.
2044 3850 2082 3891 t.
2105 3871 2159 3881 —
2180 3847 2254 3892 ct.
2280 3848 2306 3900 s
2325 3843 2435 3891 555.
2460 3850 2562 3892 not.
2587 3844 2683 3902 11.)
2707 3869 2767 3878 -
2783 3845 2894 3891 vid.
2917 3848 3095 3895 Hane
3114 3849 3268 3906 Culpa
3284 3849 3342 3894 d.

1969 3908 2023 3952 R.
2050 3909 2106 3954 R.
2131 3920 2173 3953 c.
2199 3909 2277 3953 lx.
2296 3911 2322 3965 ς
2339 3905 2420 3954 79.
2443 3914 2492 3953 et
2512 3906 2592 3954 80.
2617 3919 2661 3954 e.
2686 3908 2743 3953 Χ.
2765 3904 2879 3962 39⁰.
2906 3909 3072 3966 Neque
3090 3910 3342 3956 contraria

1968 3975 2040 4015 est
2060 3972 2150 4025 §3-
2173 3971 2211 4016 1.
2233 3971 2284 4017 Ιι.
2309 3973 2345 4016 Ι.
2381 3988 2435 4003 ⁴-
2462 3971 2691 4017 Hasset.
2718 3972 2752 4018 Ι.
2775 3982 2822 4016 c.
2844 3972 2923 4017 xl.
2948 3975 2974 4027 ς
2998 3969 3082 4018 98.
3111 3996 3165 4006 -
3187 3973 3264 4019 CC.
3288 3977 3348 4015 ει

1967 4034 2186 4081 Gensler
2205 4033 2376 4080 Archiv
2399 4033 2435 4079 f.
2461 4034 2655 4080 civitint.
2679 4034 2844 4080 Praxto
2866 4035 2904 4079 t.
2935 4035 3020 4081 Νι.
3043 4033 3124 4082 50.

2541 4158 2569 4213 S
2590 4155 2703 4205 397.

2023 4283 2085 4342 (⁸)
2119 4284 2221 4341 big.
2242 4283 2424 4339 (xvtn,
2446 4280 2515 4340 6.)
2539 4287 2588 4328 et
2606 4282 2722 4328 cod.
2750 4283 2852 4342 (IV,
2874 4280 2975 4343 48.)
2996 4284 3068 4332 de
3091 4283 3346 4342 pet-teuto

532 4342 746 4390 vacuam
769 4356 871 4389 esse
894 4343 1180 4390 tradendam
1200 4346 1551 4401 possessionem
1573 4348 1625 4391 L.
1653 4345 1701 4391 2.
1727 4342 1813 4399 31.
1833 4346 1887 4392 D.
1956 4349 2009 4393 et
2025 4345 2299 4392 commodo
2322 4345 2401 4392 rei
2421 4345 2691 4392 venditae.

529 4403 582 4449 Ιι.
608 4409 644 4451 t.
670 4404 856 4463 (3239.
897 4412 999 4452 not.
1022 4403 1072 4453 4.
1095 4408 1228 4453 etde
1261 4405 1510 4461 Ltndelof
1522 4409 1570 4453 in
1594 4403 1827 4454 zeitschr.
1850 4406 1887 4453 f.

2018 4408 2062 4465 1)
2100 4410 2410 4464 Periculum,
2458 4419 2547 4452 vox
2586 4407 2801 4464 alioquin
2837 4409 3066 4466 ambigua
3108 4410 3128 4464 (
3156 4410 3346 4454 Hasce

529 4468 692 4514 Civilr.
719 4480 767 4513 u.
793 4470 931 4515 Proc.
961 4470 1019 4514 V.
1046 4467 1159 4513 diss.
1184 4472 1345 4517 xxtv.
1368 4472 1409 4528 );
1441 4494 1493 4502 —
1516 4470 1582 4525 b)
1615 4487 1639 4512 ιι
1658 4473 1778 4517 Cum
1803 4481 1892 4528 per
1955 4473 2102 4528 culpa
2123 4473 2184 4518 de
2207 4471 2261 4518 R.
2289 4472 2342 4516 tt.
2367 4472 2393 4526 s
2433 4468 2514 4517 77.
2538 4467 2647 4527 78.)
2665 4502 2679 4524 ‚
2713 4469 2792 4516 bic
2833 4482 2931 4516 non
2957 4472 3051 4517 nisi
3077 4473 3138 4517 ad
3159 4471 3342 4517 mutin

525 4531 828 4577 venditorem
847 4532 1066 4583 steterit.
1088 4542 1185 4588 quo
1206 4536 1365 4579 minus
1389 4545 1490 4578 rem
1516 4534 1707 4588 tradat,
1730 4533 1888 4579 omnis

524 4592 706 4637 utilitas
727 4593 926 4640 emtoris
943 4595 990 4638 in
1014 4593 1401 4641 aestimationem
1426 4596 1710 4651 venit‚quae
1734 4595 1889 4641 modo

521 4651 668 4698 circa
686 4654 851 4708 ipsam
875 4667 983 4701 rem
1006 4656 1267 4704 consistit.
1290 4677 1311 4697 ι»
1359 4659 1413 4702 L.
1434 4656 1514 4702 2¹.
1540 4657 1565 4711 ς
1589 4654 1636 4702 5.
1662 4658 1714 4703 D.
1739 4658 1808 4703 de
1830 4671 1884 4705 a.

520 4723 568 4761 e.
592 4726 643 4761 v.
669 4717 787 4770 (XIX
805 4750 819 4772 ‚
844 4717 909 4774 1.)
932 4719 1047 4772 (vid.
1069 4728 1212 4775 supra
1234 4717 1393 4775 3564.
1420 4724 1521 4766 not.
1546 4716 1633 4776 7.).

580 4773 631 4832 7)
655 4778 705 4821 L.
730 4775 811 4823 67.
844 4779 897 4825 D.
920 4778 986 4826 de
1007 4779 1176 4826 contr.
1204 4785 1327 4827 emt.
1364 4806 1422 4814 --
1457 4782 1508 4827 L.
1530 4779 1736 4828 47-49.
1761 4783 1880 4830 eod.

522 4863 576 4870 -
615 4839 665 4884 t..
704 4839 783 4888 17.
828 4851 900 4896 pr.
936 4843 961 4896 ς
1000 4843 1029 4885 2
1061 4854 1165 4900 sqq.
1211 4845 1266 4888 D.
1301 4843 1351 4889 Ιι.
1398 4845 1434 4888 1.
1468 4845 1554 4901 (ct.
1597 4850 1644 4890 et
1676 4847 1839 4891 locum
1864 4881 1880 4904 ‚

1952 4534 2129 4580 damna
2153 4535 2462 4581 referendum
2483 4544 2587 4578 esse
2603 4566 2617 4591 ‚
2659 4533 2736 4577 vix
2774 4537 2876 4589 eet,
2899 4535 3029 4590 quod
3054 4539 3338 4579 moneatur.

1953 4598 2113 4653 Neque
2136 4607 2250 4642 vero
2267 4596 2328 4640 ad
2352 4597 2602 4641 interitum
2625 4596 2800 4652 solum,
2824 4597 2907 4641 sed
2930 4598 3080 4641 etiam
3105 4597 3163 4641 ad
3188 4599 3346 4640 dete-

1952 4659 2282 4719 riorationem,
2303 4669 2449 4716 quam
2470 4661 2663 4712 vocant,
2683 4658 2753 4702 vie
2765 4662 2838 4704 eet
2859 4658 3095 4705 trahenda
3106 4659 3341 4705 vocabuli

1952 4721 2075 4777 (not.
2100 4733 2150 4767 se

2013 4784 2060 4839 ει)
2083 4785 2133 4828 1..
2153 4725 2311 4842 (ξ’.)ἰπ.
2335 4782 2388 4829 o.
2413 4781 2465 4826 11.
2492 4782 2625 4834 e.-§
2643 4782 2690 4826 3.
2719 4782 2755 4828 ι.
2782 4780 2850 4829 do
2868 4785 2995 4829 emt.
3018 4785 3078 4828 et
3094 4781 3336 4829 vend.—

1946 4847 2000 4894 1..
2042 4847 2090 4891 1.
2121 4858 2196 4903 pr.
2224 4849 2274 4892 L.
2321 4842 2368 4890 4.
2390 4856 2464 4900 pr.
2484 4848 2533 4888 et
2555 4844 2580 4898 S
2605 4844 2650 4887 1.
2675 4844 2728 4888 D.
2753 4844 2809 4892 lt.
2832 4849 2868 4892 1.
2895 4870 2953 4879 —-
2976 4846 3028 4890 t..
3052 4842 3100 4891 4.
3120 4851 3166 4889 et
3187 4841 3238 4889 6.
3264 4845 3336 4889 C.

514 4900 598 4956 qui
633 4904 705 4946 est
738 4902 799 4946 de
834 4904 1159 4962 pertinentiis,
1192 4906 1217 4960 S
1254 4904 1404 4964 226).
1433 4932 1488 4940 —
1515 4909 1566 4952 1..
1595 4906 1675 4955 48.
1721 4908 1772 4954 1..
1798 4907 1879 4956 52.
1943 4909 2060 4955 eod.
2082 4933 2141 4940 —-
2165 4909 2218 4954 L.
2257 4906 2338 4956 34.
2375 4910 2401 4963 ς
2433 4905 2482 4953 6.
2521 4906 2706 4953 dectr.
2728 4910 2853 4956 emt.
2877 4932 2938 4941 —
2963 4911 3021 4952 At
3042 4906 3336 4965 impediunt

512 4974 590 5021 pr.
615 4964 669 5010 D.
692 4961 743 5008 lt.
771 4967 806 5008 t.

1944 4971 2216 5030 pannulum
2250 4984 2354 5019 rem
2376 4982 2487 5017 cum
2511 4969 2564 5015 L.
2583 4967 2663 5018 35.
2688 4970 2741 5014 D.
2760 4972 2860 5020 loc.
2899 4970 3041 5028 (xlx,
3063 4969 3130 5027 2.)
3170 4969 3186 5024 (
3213 4986 3236 5010 ο
3263 4968 3330 5015 si
