3544 5506
1140 364 1271 404 cAP.
1318 365 1388 407 11.
1432 364 1507 404 1)ss
1545 364 1699 406 sum-3
1737 364 2149 406 POSSESSIOMS.

2936 356 3045 410 235

236 472 566 529 Caeterum
589 485 736 530 cum
762 468 1041 545 duplicia
1067 474 1192 531 sint
1215 474 1375 533 haec
1393 470 1638 548 judicia
1652 478 1696 550 (S
1714 473 1858 534 155.
1890 490 1993 533 nr.
2021 475 2127 545 4.),
2159 477 2446 549 sequitur
2465 523 2480 550 ‚
2506 484 2618 552 ut,
2649 473 2902 550 quoties
2930 484 3045 536 aut

241 567 317 624 dc
336 565 592 625 incerto
619 564 1032 640 possessionis
1062 576 1231 626 statu
1252 569 1675 642 disceptetur,
1710 577 1824 628 aut
1853 571 2327 643 exceptionibus
2345 616 2363 647 ,
2393 588 2551 645 quas
2580 573 2845 630 diximus
2866 616 2883 649 ‚
2906 581 3044 632 uta-

246 671 505 724 turreus
535 711 550 736 ,
577 667 630 724 is
665 683 962 740 quoque,
1012 669 1120 740 qui
1160 669 1289 740 agit
1311 711 1329 742 ‚
1369 676 1700 741 tamquam
1733 669 1981 729 alienae
2015 671 2424 742 possessionis
2459 673 2758 731 turbator
2801 674 3041 731 conde-

253 762 452 818 mnari
477 763 673 834 possit
700 764 1067 821 adversario
1097 763 1191 832 ¹⁵).

866 1047 893 1119 §
920 1054 1064 1110 24⁴.
1113 1053 1173 1122 b)
1217 1053 1648 1131 Recepti-aridae
1675 1055 2038 1132 possessionis
2070 1056 2404 1116 interdicta.

305 1298 808 1370 Recuperandac
823 1299 1230 1372 possessionis
1256 1300 1437 1371 plura
1449 1301 1779 1374 proposita
1798 1309 1946 1360 sunt
1970 1299 2330 1377 interdicta,
2348 1306 2411 1364 in
2433 1306 2661 1380 quibus
2688 1308 3042 1384 principem

238 1396 481 1453 obtinet
513 1398 723 1455 locum
752 1398 1161 1456 interdictum
1192 1401 1272 1457 dc
1296 1394 1355 1457 vi
1392 1396 1457 1473 ¹).
1509 1403 1644 1476 Quo
1673 1397 1935 1474 quidem
1961 1399 2304 1462 interdicto
2344 1405 2405 1462 id
2430 1401 2675 1480 agitur,
2702 1413 2774 1463 ut
2803 1409 2896 1479 ei,
2933 1410 3041 1481 qui

236 1492 601 1566 videjectus
629 1500 723 1550 est
742 1537 758 1562 ,
803 1494 1104 1552 heredive
1129 1494 1264 1567 ejus
1294 1495 1669 1553 restituatur
1696 1498 2008 1569 possessio
2038 1514 2165 1556 una
2208 1516 2357 1558 cum
2381 1495 2453 1558 iis
2473 1543 2489 1565 .
2521 1517 2687 1574 quae
2712 1503 2793 1560 ibi
2822 1503 3044 1562 habuit

239 1602 533 1660 quaeque
574 1588 907 1646 habiturus
936 1597 1075 1647 erat
1095 1632 1111 1656 ‚
1147 1591 1195 1647 si
1229 1606 1357 1649 non
1390 1590 1605 1650 suisset
1632 1592 1919 1665 dejectus
1941 1588 2005 1667 1).
2040 1595 2441 1653 Necessariae
2471 1603 2689 1654 autem
2721 1598 2908 1672 hujus
2947 1600 3043 1656 in-

237 1683 487 1741 terdicti
514 1686 910 1744 conditiones
943 1686 1064 1743 hae
1091 1694 1242 1743 sunt
1268 1706 1283 1742 ε
1315 1688 1376 1760 1)
1407 1693 1476 1743 ut
1505 1687 1817 1760 possessio
1840 1687 2035 1746 fuerit
2071 1691 2243 1762 apud
2282 1705 2465 1766 eum,
2496 1693 2607 1764 qui
2631 1693 2794 1764 agit,
2836 1709 3040 1767 eaque

236 1782 393 1854 talis,
420 1799 591 1854 quae
624 1778 821 1840 instar
851 1791 949 1841 est
973 1780 1127 1862 juris
1150 1781 1220 1852 3);
1251 1785 1313 1857 2)
1353 1793 1425 1842 ut
1446 1785 1721 1861 dejectio
1741 1787 1804 1844 vi
1827 1783 1869 1861 ⁴)
1893 1787 2062 1846 facta
2085 1784 2166 1846 sit
2188 1831 2208 1861 ‚
2237 1791 2336 1848 vel
2361 1792 2483 1847 alia
2508 1806 2585 1848 ex
2625 1807 2847 1859 causa,
2874 1810 3040 1866 quae

234 1882 443 1941 similis
485 1891 579 1942 est
605 1885 986 1958 dejectioni,
1021 1901 1157 1943 rem
1200 1887 1483 1944 amiserit
1521 1902 1846 1960 possessor
1867 1885 1952 1963 ⁵);
1984 1888 2048 1961 5)
2081 1896 2153 1947 ut
2189 1890 2274 1963 is,
2321 1890 2432 1962 qui
2477 1893 2896 1962 convenitur,
2928 1903 3041 1953 aut

235 1978 362 2049 ipse
385 1975 693 2051 dejecerit
718 1987 829 2038 aut
861 1976 1046 2058 dejici
1080 1983 1480 2040 mandaverit
1494 1977 1833 2056 jusseritve
1852 1980 1933 2058 ⁶);
1963 1985 2242 2057 denique
2271 1984 2332 2056 4)
2365 1992 2437 2041 ut
2463 2001 2565 2043 res
2587 1987 2666 2045 sit
2694 2003 2771 2046 ex
2811 1988 3037 2048 immo·

235 2067 447 2133 bilium
475 2093 714 2148 genere
743 2074 812 2150 ⁷).
864 2083 1001 2136 Post
1024 2095 1263 2137 annum
1286 2079 1350 2135 in
1379 2079 1439 2136 id
1464 2079 1807 2148 duntaxat,
1831 2081 2007 2152 quod
2037 2082 2120 2139 ad
2148 2096 2296 2139 eum
2321 2124 2338 2152 ,
2359 2083 2466 2154 qui
2492 2084 2548 2139 vi
2585 2083 2849 2156 deiecit,
2887 2101 3035 2158 per-

234 2173 512 2240 venerit,
545 2172 712 2230 actio
755 2174 948 2230 datur
971 2170 1039 2242 ⁸),
1073 2170 1260 2235 nisisi
1290 2173 1536 2260 alienae
1569 2175 1982 2246 possessionis
2010 2172 2262 2248 vicarii,
2295 2177 2449 2234 dum
2478 2178 2704 2236 absens
2749 2186 2888 2237 erat
2920 2182 3037 2240 do-

234 2269 477 2340 minus,
525 2272 757 2344 dejecti
800 2272 1036 2332 suerint
1057 2271 1125 2346 ⁹).
1169 2277 1241 2332 At
1286 2285 1438 2331 vero
1478 2274 1682 2346 pactis
1729 2288 1861 2332 non
1904 2275 2265 2334 excluditur
2303 2275 2715 2334 interdictum
2746 2274 2856 2350 ¹⁰),
2903 2295 3035 2337 non

236 2366 432 2435 magis
453 2412 468 2437 ‚
502 2382 694 2439 quam
719 2383 835 2443 eo,
871 2371 1043 2442 quod
1069 2371 1201 2442 ipse
1222 2415 1238 2443 ‚
1273 2369 1382 2441 qui
1410 2368 1538 2440 agit
1577 2374 1689 2426 aut
1715 2369 1811 2447 vi,
1843 2376 1956 2428 aut
1977 2373 2146 2430 clam
2168 2412 2184 2441 ‚
2218 2379 2329 2429 aut
2359 2371 2651 2445 precario
2686 2371 3036 2445 possederit

859 2658 884 2711 S
917 2653 1029 2702 24⁴.

291 2782 335 2837 ί)
362 2783 468 2840 Dig.
500 2786 688 2841 (Xblll.
712 2784 808 2843 16.)
841 2787 909 2834 de
937 2786 988 2833 vi
1015 2789 1071 2832 et
1098 2785 1166 2832 de
1199 2784 1248 2831 vi
1282 2787 1518 2830 armata.
1547 2810 1604 2819 —

222 2844 342 2890 Cod.
367 2846 516 2902 (vin,
539 2844 608 2901 4.)
631 2848 776 2894 unde
793 2850 862 2894 υἱ.

280 2904 329 2963 2)
361 2910 415 2955 L.
443 2908 491 2955 1.
518 2908 544 2962 S
572 2906 634 2954 50
660 2936 711 2942 —
734 2910 813 2956 58.
839 2908 989 2957 0141.
1017 2911 1066 2956 L.
1092 2906 1167 2956 15.
1195 2913 1245 2954 et
1269 2905 1348 2953 19.
1385 2908 1438 2953 D.
1467 2908 1519 2955 Ιι.
1560 2914 1596 2956 t.

217 2992 271 3000 —
301 2972 357 3015 L.
379 2970 463 3017 14.
484 2974 511 3029 s
533 2972 610 3016 11.
631 2973 681 3018 in
703 2976 738 3019 1.
765 2976 817 3019 D.
841 2974 987 3032 quod
1006 2976 1126 3019 mel.
1143 2970 1439 3027 cau-sams,
1463 2972 1597 3027 2.)—

218 3029 340 3077 1..1.
365 3033 392 3087 S
419 3032 504 3079 40.
534 3034 587 3078 1).
611 3033 661 3080 lt.
684 3040 718 3080 t.
742 3035 1007 3082 -1,.4.(3.
1032 3034 1150 3081 eod.
1179 3060 1234 3067 —
1260 3035 1310 3079 L.
1335 3033 1383 3078 9.
1405 3034 1439 3079 C
1477 3034 1596 3080 eod.

214 3117 274 3128 ·-
299 3098 549 3155 Savlyny·
570 3096 690 3152 340.
713 3112 760 3155 p.
787 3096 880 3144 487
906 3124 964 3132 —
986 3096 1096 3143 491.

274 3155 325 3213 ὅ)
348 3159 483 3205 Nihil
517 3165 683 3206 autem
725 3163 876 3207 reffert
904 3162 1003 3207 sive
1029 3161 1160 3215 justa
1193 3158 1365 3213 fuerit,
1387 3158 1488 3202 sive
1525 3157 1601 3203 in-

211 3217 363 3271 justa.
408 3247 468 3253 -
509 3223 564 3267 L.
606 3223 651 3267 1.
683 3225 709 3278 3
733 3222 781 3270 9.
817 3221 895 3269 10.
918 3222 998 3268 22.
1023 3219 1103 3268 25.
1130 3222 1180 3266 L.
1204 3222 1291 3265 ult.
1318 3222 1371 3266 D.
1397 3218 1449 3264 Ιι.
1475 3219 1513 3265 t.
1540 3243 1600 3251 —-

213 3282 461 3342 Saviyny
479 3284 506 3340 ς
531 3281 612 3330 40.
635 3297 682 3343 p.
706 3286 872 3332 3911-
894 3284 1006 3332 5117.

273 3344 326 3399 4)
353 3349 407 3394 L.
445 3350 491 3397 l.
525 3350 553 3403 3
575 3345 625 3392 ὅ.
653 3350 705 3394 D.
728 3349 778 3395 Ιι.
803 3349 841 3395 t.
867 3373 925 3380 —
953 3365 977 3390 t(
1003 3348 1070 3393 Ad
1093 3346 1243 3390 solam
1275 3346 1439 3390 autem
1463 3349 1597 3389 atro·

206 3416 312 3452 cern
343 3412 446 3458 vim
475 3411 693 3467 pertinet
715 3412 805 3457 hoc
829 3412 1160 3457 interdictum.
1189 3422 1213 3449 u
1239 3430 1298 3437 -
1322 3410 1374 3455 L.
1401 3407 1444 3452 1-
1467 3406 1492 3459 S
1513 3404 1594 3452 29·

204 3469 324 3515 wd-
363 3499 429 3507 —
470 3470 712 3532 Saviqar
735 3487 783 3532 p.
815 3470 928 3519 467.
956 3485 1029 3531 sq.
1069 3494 1130 3507 -
1169 3473 1229 3515 At
1252 3471 1424 3525 majori
1445 3469 1593 3515 etiam

203 3533 319 3578 odio
340 3538 497 3595 digna
522 3537 595 3583 vis
609 3543 800 3582 armata
818 3534 1067 3596 (Saviqns
1089 3546 1135 3592 p.
1160 3529 1253 3579 459
1269 3530 1453 3585 -462.)
1476 3533 1595 3578 olim

203 3595 304 3639 visa
327 3605 424 3645 est.
459 3599 576 3645 vid.
600 3598 651 3643 L.
679 3599 722 3645 1.
744 3601 770 3655 S
793 3594 870 3644 43.
896 3600 950 3644 D.
979 3598 1031 3644 11.
1057 3600 1093 3642 l.
1135 3618 1195 3627 ——
1233 3596 1351 3651 Gaje‘
1379 3597 1491 3640 inst.
1515 3594 1591 3640 tv.

201 3655 229 3707 3
255 3656 367 3706 155.
384 3687 446 3694 —
463 3665 520 3707 L.
552 3657 630 3705 14.
655 3663 710 3707 D.
732 3662 786 3706 Ιι.
813 3665 852 3707 t.
878 3683 938 3693 —-
962 3662 1026 3706 De
1047 3670 1199 3718 poena
1218 3665 1382 3703 autem
1403 3656 1593 3715 publica

199 3718 424 3776 loquitur
445 3724 756 3769 Justiniauus
775 3726 801 3779 3
819 3718 867 3768 6.
895 3723 944 3768 in
967 3722 1001 3767 f.
1029 3723 1144 3768 lust.
1177 3719 1243 3766 de
1264 3718 1460 3766 interd.

259 3783 309 3839 5)
349 3787 405 3832 L.
445 3788 496 3832 1.
533 3788 561 3840 3
589 3785 638 3830 3.
675 3784 751 3831 29.
779 3782 858 3831 45.
885 3785 938 3830 D.
964 3784 1018 3830 Ιι.
1046 3788 1082 3830 e.
1124 3807 1185 3817 -
1227 3783 1335 3827 vid.
1367 3782 1458 3836 ets
1480 3781 1591 3830 241.

197 3853 300 3891 not.
325 3850 378 3893 9.
407 3850 494 3898 11.
545 3871 602 3878 -
640 3849 897 3893 Caeterum
929 3847 1229 3893 Justinisnus
1260 3846 1488 3891 adversus
1509 3858 1593 3893 eos

196 3916 417 3969 quoque,
438 3911 535 3970 qui
563 3921 764 3955 vacuam
783 3910 1058 3955 absentium
1083 3908 1432 3966 possessionem
1454 3919 1595 3953 occu-

199 3978 417 4031 vastent,
443 3978 574 4019 ticet
597 3984 692 4018 non
715 3972 1000 4019 admiserint
1021 3972 1120 4016 vim
1143 4003 1156 4024 .
1182 3982 1272 4016 naec
1294 3975 1428 4016 metu
1452 3971 1594 4027 fuga-

200 4035 355 4081 verint
379 4047 726 4094 possessores,
753 4041 915 4079 tamen
939 4034 1029 4079 boc
1053 4034 1306 4080 interdicto
1337 4032 1594 4089 experiun-

195 4095 311 4142 dum
347 4111 463 4145 esse
498 4098 681 4144 voluit.
715 4098 766 4142 L.
803 4098 877 4143 11.
908 4098 961 4141 C.
986 4096 1037 4141 Ιι.
1063 4099 1100 4141 t.
1151 4118 1208 4128 -
1251 4097 1413 4140 Latius
1445 4096 1595 4140 etiam

197 4163 425 4213 progredi
463 4163 559 4216 jus
603 4161 903 4213 Romanum,
939 4158 1176 4203 recentius
1209 4156 1330 4204 illud
1369 4158 1595 4215 quidem,

197 4225 337 4269 multi
361 4232 521 4278 sunt,
559 4223 943 4280 quiexistiment
965 4226 1161 4278 propter
1191 4222 1243 4267 1..
1280 4218 1329 4266 5.
1371 4223 1420 4264 et
1453 4214 1504 4265 8.
1539 4221 1593 4265 C.

193 4284 313 4329 eod.
341 4309 400 4318 —
424 4289 532 4332 Sed
561 4286 663 4330 vid.
688 4282 923 4343 Savian
940 4285 965 4338 ς
984 4281 1064 4329 45.

257 4344 306 4404 0)
333 4348 385 4393 L.
415 4351 465 4394 1.
502 4347 526 4396 S
557 4345 764 4394 11-15,
792 4348 842 4390 L.
865 4344 914 4391 3.
947 4348 973 4400 S
997 4343 1203 4391 10—12.
1225 4345 1280 4390 D.
1302 4345 1355 4390 Ιι.
1384 4346 1421 4389 t.
1446 4343 1490 4399 (3
1512 4340 1595 4389 99.

192 4417 296 4454 not.
334 4412 440 4467 1.).
488 4435 556 4444 --
605 4410 658 4454 L.
687 4407 762 4454 ¹5.
786 4407 902 4454 eod.
925 4410 940 4463 (
964 4424 990 4451 ιι
1013 4408 1234 4466 quamvis
1271 4408 1375 4452 sine
1408 4405 1521 4450 dolo
1548 4409 1596 4448 et

191 4475 332 4528 culp-1
356 4473 603 4519 amiseris
623 4484 748 4529 pms.
775 4485 799 4512 n
824 4473 837 4527 )
859 4493 915 4502 -
937 4471 987 4516 t..
1007 4470 1056 4517 5.
1077 4473 1101 4525 ς
1123 4469 1198 4516 10.
1225 4472 1279 4516 D.
1302 4466 1381 4515 uti
1394 4465 1590 4524 possid.

193 4558 252 4569 -
292 4538 574 4590 Quatenus
595 4534 825 4580 adversus
852 4534 973 4579 alios
996 4532 1115 4579 haec
1153 4534 1280 4578 actio
1305 4532 1472 4587 detur,
1496 4528 1592 4574 vid.

193 4605 236 4653 a)
260 4601 316 4644 L.
340 4601 390 4644 1.
415 4598 564 4655 ς11.
596 4594 656 4642 15
679 4616 738 4625 -
765 4592 842 4640 19.
863 4596 918 4641 D.
942 4596 1054 4641 114.
1077 4619 1132 4628 --
1153 4596 1206 4640 L.
1231 4594 1276 4642 1.
1301 4596 1328 4649 3
1349 4593 1495 4639 20.1..
1517 4588 1598 4637 16.

191 4662 306 4708 eod.
337 4686 398 4695 --
421 4659 694 4718 (Santony
716 4668 762 4714 p.
794 4654 884 4703 487
908 4671 981 4716 sq.
1005 4664 1111 4704 not.
1134 4656 1208 4714 Ξ.)
1231 4682 1288 4690 —-
1316 4657 1365 4712 b)
1401 4658 1454 4702 L.
1479 4656 1526 4701 1.
1551 4655 1599 4698 in

191 4724 224 4771 f.
250 4725 304 4771 i..
331 4725 382 4770 2.
411 4726 472 4770 t..
500 4720 562 4768 ὅ.
588 4732 662 4777 pr.
701 4720 754 4766 D.
784 4719 838 4765 Ιι.
868 4723 905 4766 t.
939 4745 997 4753 —
1023 4721 1076 4767 L.
1099 4718 1148 4767 4.
1167 4719 1291 4765 eod.
1317 4743 1372 4752 -—
1399 4721 1461 4765 De
1486 4726 1595 4764 can.

191 4787 310 4839 inre.
342 4788 465 4833 vid.
494 4787 526 4839 3
551 4781 669 4830 1³⁴.
690 4786 793 4828 not.
813 4780 865 4828 6.

249 4848 298 4907 Τ)
318 4851 468 4907 Quae
492 4847 709 4904 quidem
733 4854 809 4889 res
832 4845 1018 4891 nullam
1045 4844 1192 4891 babet
1208 4843 1568 4890 dubitationem
1587 4877 1602 4899 ‚

195 4917 441 4972 siqnidem
480 4909 556 4956 ad
586 4907 667 4963 jus
697 4906 941 4964 antiquius
962 4908 1234 4965 respicitur.
1263 4926 1316 4939 —-
1345 4907 1395 4951 L.
1423 4905 1471 4950 1.
1496 4900 1521 4952 3
1550 4904 1604 4953 6.

1671 2656 1725 2703 1).
1748 2655 1800 2702 Ιι.
1825 2661 1864 2704 1.
1883 2672 1908 2700 α
1931 2657 2056 2705 Illud
2083 2659 2249 2717 utique
2276 2659 2324 2704 in
2347 2657 2548 2705 dubium
2570 2669 2667 2703 non
2692 2658 2852 2714 venit,
2876 2658 3029 2703 inter·

1669 2718 1857 2767 dictum
1885 2719 1977 2768 boc
1997 2721 2059 2768 ad
2083 2733 2158 2768 res
2192 2721 2394 2768 mobiles
2429 2732 2526 2767 non
2551 2721 2811 2779 pertinere.
2834 2720 2953 2767 Nam
2972 2732 3032 2768 ex

1668 2793 1816 2829 causa
1840 2784 1988 2842 furti,
2016 2786 2087 2829 vel
2117 2785 2161 2829 vi
2192 2784 2433 2829 bonorum
2457 2790 2704 2841 raptorum
2733 2785 2861 2830 actio
2898 2795 3032 2830 com-

1667 2846 1789 2901 petit
1809 2861 1820 2891 :
1843 2850 1998 2903 potest
2018 2850 2069 2892 et
2084 2846 2143 2891 ad
2156 2845 2482 2892 exhibendum
2499 2847 2593 2903 agi.
2617 2861 2641 2886 n
2655 2846 2823 2892 -Vid.
2843 2851 2891 2890 et
2909 2847 2960 2891 L.
2983 2847 3028 2895 1.

1664 2906 1692 2960 S
1711 2907 1760 2954 5.
1784 2906 1833 2954 7.
1859 2906 1906 2954 8.
1931 2907 2049 2954 eod.
2072 2913 2122 2955 et
2143 2908 2208 2954 cf.
2240 2908 2470 2967 Saviqrtr
2493 2920 2541 2966 p.
2566 2905 2658 2955 474
2680 2932 2739 2939 --
2760 2904 2872 2955 479.
2895 2910 3030 2964 Quod

1667 2976 1830 3017 tamen
1867 2975 2068 3017 eatenus
2089 2972 2335 3018 sublatum
2357 2983 2459 3016 esse
2481 2972 2632 3017 videri
2654 2974 2838 3028 potest,
2858 2977 3031 3028 quate-

1663 3043 1753 3077 nus
1792 3039 1842 3078 et
1874 3032 2090 3079 dominio
2112 3039 2159 3078 et
2184 3034 2479 3090 possessione
2504 3035 2675 3078 cedere
2692 3039 2925 3091 cogatur,
2948 3035 3031 3091 qui

1666 3106 1742 3140 res
1762 3107 1873 3141 suas
1896 3097 1941 3140 vi
1965 3097 2140 3152 repetit
2161 3096 2204 3151 (s
2226 3092 2335 3141 134.
2358 3106 2435 3140 nr.
2459 3093 2547 3151 5.).
2571 3094 2807 3149 Quoniam
2831 3105 2941 3139 vere
2961 3099 3029 3140 ta-

1665 3157 1847 3203 tissimc
1872 3162 2004 3213 patet
2027 3158 2199 3203 horum
2224 3161 2589 3215 praeceptorum
2610 3159 2762 3218 ratio,
2782 3157 2957 3214 quibus
2980 3157 3030 3203 id

1665 3225 1739 3264 est
1777 3219 2102 3277 propositum,
2137 3225 2190 3264 ut
2212 3231 2274 3265 ne
2294 3220 2548 3276 quisquam
2581 3219 2649 3264 rei
2683 3230 2797 3265 suae
2834 3219 2937 3275 ipse
2966 3218 3030 3264 sit

1664 3283 1850 3329 arbiter
1876 3293 1935 3327 ac
1964 3282 2139 3327 vindex
2160 3282 2245 3337 (01.
2265 3282 2319 3327 L.
2344 3280 2421 3327 10.
2444 3282 2496 3326 C.
2522 3281 2574 3327 11.
2600 3284 2679 3337 1.),
2703 3281 2924 3339 sequitur
2941 3315 2955 3333 ,
2976 3286 3031 3326 ut

1661 3346 1722 3391 ad
1740 3355 1910 3390 omnes
1931 3345 2149 3400 omnino,
2171 3344 2253 3401 qui
2276 3355 2377 3390 rem
2399 3344 2614 3401 aliquam
2637 3348 2821 3400 tenent,
2840 3343 2931 3389 hoc
2947 3343 3028 3397 jus

1661 3407 1970 3452 referendum
1993 3407 2072 3452 sit.
2094 3406 2181 3451 Cul
2202 3407 2319 3451 item
2340 3405 2637 3451 conveniens
2657 3410 2757 3463 est,
2783 3411 2836 3451 ut
2857 3417 2916 3450 ex
2936 3405 3028 3451 hac

1658 3469 1859 3527 quidem
1874 3480 2019 3515 causa
2036 3469 2295 3516 interdicto
2312 3469 2444 3516 unde
2462 3468 2507 3515 vi
2527 3471 2659 3515 loeus
2677 3480 2781 3515 esse
2800 3473 3026 3525 nequeat.

1665 3552 1720 3561 —
1747 3532 2004 3577 Caeterum
2027 3533 2123 3577 vid.
2160 3542 2285 3589 quae
2306 3529 2398 3576 bac
2419 3531 2480 3576 de
2513 3543 2565 3576 re
2584 3532 2765 3590 scripta
2784 3537 2896 3576 sunt
2915 3542 3027 3577 cum

1659 3602 1685 3636 a
1714 3590 1988 3640 Thibautlo
2007 3593 2199 3651 (Archiv
2220 3592 2258 3638 f.
2275 3598 2367 3639 etv.
2389 3594 2553 3639 Praxis
2573 3595 2608 3639 1.
2628 3594 2712 3641 Nr.
2740 3594 2838 3638 vn.
2861 3602 2910 3650 p.
2936 3590 3028 3639 105

1663 3675 1715 3684 -
1743 3655 1828 3702 111
1843 3658 1894 3712 .),
1918 3661 2023 3704 tum
2045 3667 2158 3702 vero
2174 3667 2203 3701 a
2220 3654 2466 3714 Saviqnio
2487 3657 2660 3713 (Besitz
2682 3669 2729 3714 p.
2755 3652 3023 3702 479ο-487.

1658 3718 2060 3766 -Tltibautium
2078 3719 2297 3778 sequitur
2317 3718 2539 3765 Lindein
2552 3719 2783 3764 zeitschr.
2804 3718 2840 3762 f.
2860 3718 3024 3765 Civilia

1659 3788 1708 3823 u.
1732 3781 1927 3827 process
1949 3784 1987 3828 l-.
2012 3794 2061 3840 p.
2080 3779 2175 3828 418
2195 3805 2256 3815 -—
2298 3780 2411 3827 421.
2456 3782 2556 3836 (Νι.
2610 3781 2666 3839 1.)
2725 3778 3025 3838 Saviym'um

1659 3852 1772 3888 vero
1792 3843 1996 3901 Benfey
2013 3844 2183 3891 Rhein.
2207 3845 2329 3891 Mus.
2354 3845 2454 3890 Vll.
2477 3855 2523 3900 p.
2548 3840 2611 3889 55
2632 3843 2880 3902 καφ-Μ)
2899 3847 3027 3888 utro·

1657 3914 1753 3961 que
1777 3906 1972 3953 dissent.
1998 3909 2054 3953 J.
2089 3909 2156 3952 A.
2186 3907 2329 3954 Friez
2360 3907 2497 3963 Resp.
2540 3906 2601 3951 ad
2631 3910 2852 3963 quaest.‚
2877 3917 3024 3961 quum

1658 3968 1900 4015 actionem
1927 3974 2082 4016 const.
2107 3969 2209 4016 vu.
2225 3970 2281 4016 C.
2304 3968 2452 4016 unde
2471 3968 2522 4014 vi
2539 3968 2605 4026 ei,
2625 3968 2710 4025 qui
2729 3968 3027 4024 possessione

1659 4029 1704 4073 vi
1748 4031 1963 4086 privatus
1986 4036 2086 4086 est,
2115 4032 2177 4077 ad
2210 4043 2319 4078 eam
2354 4031 2735 4087 recuperandam
2769 4030 3022 4074 concedat.

1659 4091 1886 4149 friburgi
1924 4095 2154 4151 Brisigav.
2178 4091 2319 4140 1828.
2344 4090 2394 4139 4.
2415 4117 2473 4125 -
2497 4098 2544 4137 01
2574 4090 2959 4137 ΠηιενΙιοΙΖηετ·
2976 4093 3026 4136 in

1659 4153 2013 4209 ephemeridib.
2052 4156 2178 4201 Tub.
2211 4157 2288 4202 lv.
2328 4167 2376 4212 p.
2413 4151 2506 4199 594
2536 4164 2609 4211 sq.
2653 4177 2707 4185 —-
2748 4154 2855 4199 vid.
2890 4154 3028 4199 etde

1657 4214 1945 4265 Solu-oeter-
1962 4219 2014 4263 in
2031 4217 2380 4274 ephemeridib.
2394 4213 2545 4269 jurid.
2568 4216 2844 4271 Erlangens.
2864 4217 2923 4260 Τ.
2944 4218 3024 4262 xl.

1660 4288 1708 4334 p.
1731 4276 1824 4324 1¹5
1842 4290 1949 4337 sqq.
1975 4303 2033 4312 --
2066 4279 2235 4336 [Hodie
2261 4282 2468 4325 Auctor
2489 4277 2581 4323 boc
2616 4278 2926 4323 interdictum
2961 4281 3026 4325 ad

1660 4350 1736 4383 res
1769 4342 1968 4386 mobiles
2001 4341 2144 4397 plane
2177 4354 2276 4387 non
2297 4341 2609 4387 referendum
2628 4352 2730 4385 esse
2766 4346 2953 4398 censet,
2972 4345 3023 4385 et

1658 4403 1789 4457 qnod
1827 4401 2133 4451 constitutio
2150 4401 2182 4449 8
2203 4404 2257 4451 C.
2275 4403 2327 4449 Ιι.
2348 4406 2390 4449 t.
2413 4407 2463 4447 et
2488 4409 2659 4448 contra
2683 4414 2765 4448 eos
2780 4436 2793 4459 ,
2817 4404 2902 4461 qui
2925 4415 3022 4449 non

1659 4464 1961 4526 possideant,
1978 4462 2092 4511 data
2110 4470 2186 4511 est
2201 4499 2216 4517 .
2240 4470 2290 4511 et
2308 4466 2438 4523 quod
2456 4466 2714 4511 interdicto
2732 4468 2809 4512 est
2825 4465 3027 4512 effectus

1663 4528 1810 4582 plane
1822 4527 2061 4573 differens
2083 4536 2111 4574 a
2136 4530 2306 4585 poenis
2337 4530 2441 4584 tege
2462 4524 2492 4572 7
2516 4527 2712 4573 laudata
2732 4529 3026 4575 constitutis.

1725 4650 1775 4706 8)
1798 4654 1845 4697 L.
1875 4654 1918 4698 1.
1947 4667 2020 4711 pr.
2047 4659 2095 4699 et
2116 4654 2142 4707 3
2162 4650 2242 4698 59.
2268 4654 2323 4698 D.
2352 4654 2400 4698 L.
2426 4654 2471 4698 2.
2496 4652 2552 4697 C.
2577 4652 2628 4698 Ιι.
2655 4656 2691 4698 t.

1726 4712 1777 4769 0)
1816 4717 1867 4761 L.
1901 4715 1949 4762 1.
1985 4718 2037 4761 C.
2071 4715 2117 4763 si
2140 4725 2241 4771 per
2258 4716 2369 4761 vim
2386 4715 2471 4761 vel
2490 4715 2596 4761 atio
2618 4715 2772 4762 modo
2795 4715 3031 4761 absentis

1659 4776 1984 4834 perturbata
2003 4777 2073 4824 sit
2086 4777 2366 4835 possessio.
2387 4778 2529 4835 (vlu,
2547 4774 2615 4832 5.)
2632 4778 2780 4833 4·-((Ὶ.
2806 4779 3034 4837 Saviqny‘

1666 4844 1691 4896 ς
1714 4837 1793 4886 45.
1816 4853 1860 4897 p.
1878 4840 1969 4887 525
1988 4853 2064 4900 sq.
2087 4843 2158 4897 E.)

1735 4900 1809 4959 10)
1835 4905 1882 4950 t..
1907 4903 2104 4955 mss.
2133 4902 2436 4959 l».de1›ace.
2465 4900 2656 4959 (11.11.)
2696 4898 2707 4920 ⁰
