3544 5506
809 377 946 421 GAP·
989 378 1053 420 V·
1095 378 1171 421 D!
1206 380 1337 435 ms,
1379 382 1538 432 Quat
1577 382 1702 426 Non·
1742 383 1997 427 nulus
2038 383 2161 427 TIT.
2204 382 2449 435 RfflKQ.

1107 590 1211 626 m.
1246 592 1319 628 tv.
1355 593 1419 628 ΒΕ
1451 593 1633 630 101118
1662 593 1818 630 CAUSA
1849 595 2156 632 carlomano.

767 752 872 811 Dig.
896 754 1120 813 (xxxix,
1142 751 1213 812 0.)
1232 755 1300 801 de
1324 754 1510 802 mortis
1531 764 1703 802 causa
1722 755 2103 803 donationibus
2121 759 2175 804 ee
2189 757 2517 814 caltionibus.

478 958 505 1030 §
536 954 673 1014 759.
710 953 753 1011 1.
781 953 989 1014 nortis
1015 970 1188 1014 causa
1216 953 1471 1031 capionis
1498 958 1658 1014 notio
1690 965 1745 1015 et
1769 955 2049 1033 qenai-alis
2078 964 2132 1015 ot
2157 956 2415 1035 specialis
2447 957 2792 1036 explicatur.

311 1153 526 1211 Hortis
558 1170 749 1213 causa
774 1154 1061 1227 capionis
1084 1169 1320 1212 nomen
1347 1153 1701 1225 generatim
1726 1154 1987 1226 quidem
2017 1155 2294 1227 pertinet
2318 1156 2402 1213 ad
2426 1170 2646 1215 omnes
2674 1153 3038 1230 acquisitio-

233 1268 382 1328 nes,
413 1269 581 1328 quae
622 1250 848 1337 mortjs
892 1255 1232 1315 occasione
1271 1256 1370 1314 vel
1417 1263 1647 1313 eventu
1687 1255 1886 1327 nunt,
1917 1263 2176 1333 praeter
2212 1270 2319 1313 eas
2358 1253 2726 1329 acquirendi
2764 1257 3033 1327 formas,

229 1365 398 1421 quae
440 1352 714 1424 propriis
764 1353 1174 1425 appellantur
1204 1352 1563 1423 legatorum
1591 1353 1688 1409 vel
1724 1352 2358 1410 fideicommissorum
2398 1348 2760 1411 nominibus
2799 1353 2855 1427 (§
2886 1356 3034 1415 615.

229 1440 291 1503 in
315 1445 427 1516 f.):
458 1452 526 1505 at
552 1449 929 1521 plerumque
953 1448 1144 1506 etiam
1173 1448 1578 1520 excipiuntur
1608 1448 1830 1506 mortis
1853 1463 2047 1506 causa
2071 1449 2471 1520 donationes,
2509 1450 2799 1523 aliaeque
2819 1492 2835 1518 ‚
2862 1468 3032 1525 quae

227 1543 526 1601 donantis
557 1550 768 1603 morte
792 1544 1281 1603 convalescunt¹
1301 1543 1342 1616 )‚
1370 1550 1445 1601 ut
1468 1560 1598 1602 non
1624 1544 1738 1601 nisi
1768 1561 1850 1601 au
1882 1544 2161 1617 reliquas
2191 1546 2563 1617 acquirendi
2584 1561 2832 1617 causas,
2866 1566 3035 1621 quae

224 1653 497 1718 propter
519 1653 794 1705 mortem
825 1644 1203 1724 cujusquam
1238 1648 1423 1705 alicui
1450 1647 1798 1706 obveniant
1823 1689 1837 1712 ‚
1867 1646 2094 1704 referri
2131 1648 2334 1705 soleat
2362 1648 2585 1705 mortis
2607 1649 2892 1721 capionis
2919 1668 3033 1724 ap-

226 1742 491 1813 pellatio
513 1786 530 1812 ‚
558 1744 733 1802 velut
766 1751 841 1815 a)
869 1745 949 1802 ad
973 1760 1086 1815 ea,
1127 1745 1379 1818 quaein
1416 1744 1684 1802 aliorum
1714 1744 1937 1801 mortis
1964 1749 2264 1801 eventum
2298 1745 2614 1802 donamus
2637 1783 2653 1810 ‚
2699 1762 2867 1818 quae
2898 1749 3034 1821 qui-

227 1838 375 1897 dem
400 1840 643 1912 species
675 1848 770 1900 est
795 1837 962 1900 inter
988 1842 1166 1900 vivos
1211 1841 1607 1906 donationis,
1655 1840 1922 1914 ejusque
1966 1842 2085 1898 sub
2135 1835 2501 1898 conditione
2545 1844 3030 1921 contractae2);

225 1933 301 2009 b)
332 1937 435 1994 vel
479 1951 650 2008 quae
682 1944 1033 2011 propterea
1076 1933 1456 2011 accipimus,
1497 1943 1569 1994 ut
1601 1936 2024 1995 hereditatem
2069 1937 2431 2008 legatumve
2468 1942 2580 1993 aut
2620 1953 3037 2008 agnoscamus

223 2038 340 2089 aut
387 2033 757 2092 omittamus
784 2031 808 2067 ⁸
838 2033 889 2107 )‚
942 2042 1138 2107 atque
1160 2032 1229 2106 c')
1273 2035 1373 2091 vel
1430 2033 1700 2091 maxime
1756 2034 1838 2091 ad
1880 2047 1991 2106 ea,
2038 2048 2208 2106 quae
2248 2028 2628 2092 conditionis
2674 2034 3038 2107 implendae

220 2145 419 2190 causa
453 2133 692 2192 dantur
715 2139 827 2191 aut
854 2133 936 2191 ab
962 2134 1199 2193 herede
1228 2140 1341 2192 aut
1377 2150 1418 2192 a
1446 2131 1756 2205 legatario
1785 2132 1870 2207 ⁴).
1900 2136 2072 2209 Quae
2099 2134 2357 2207 quidem
2387 2134 2701 2207 posterior
2733 2138 3030 2209 capiendi

221 2246 414 2291 causa
444 2274 464 2307 ‚
515 2234 666 2293 licet
728 2250 766 2293 e
828 2232 1212 2293 liberalitate
1261 2229 1707 2307 proficiscatur
1764 2232 2051 2292 defuncti
2087 2276 2106 2308 ‚
2164 2248 2285 2291 nec
2340 2232 2457 2290 nisi
2514 2235 2597 2292 ad
2654 2249 2763 2293 eos
2826 2243 3036 2308 potest

219 2330 578 2401 pertinere,
635 2331 745 2403 qui
796 2331 1060 2390 omnino
1115 2332 1354 2389 habent
1393 2328 1686 2403 capiendi
1736 2327 1832 2405 ius
1862 2328 1918 2403 ⁵)
1942 2370 1960 2397 ,
2010 2335 2227 2387 tamen
2277 2335 2616 2401 separatur
2669 2347 2710 2389 a
2761 2332 2983 2403 legatis
3009 2376 3032 2403 ‚

220 2438 371 2484 cum
396 2426 746 2485 verborum
782 2423 946 2500 νῆ’),
986 2433 1125 2485 tum
1148 2427 1393 2500 jnrium
1420 2428 1709 2501 ipsorum
1738 2428 1954 2486 indole
1979 2470 1996 2500 ‚
2039 2426 2351 2499 siquidem
2384 2432 2451 2483 et
2478 2428 2656 2486 nullo
2684 2430 2876 2487 modo
2905 2431 3034 2502 peti

223 2529 526 2594 possunt,
568 2522 905 2582 deficiente
937 2523 1210 2589 herede,
1250 2538 1450 2597 quae,
1490 2529 1564 2581 ut
1601 2524 1887 2582 conditio
1913 2519 2301 2595 impleatur,
2339 2523 2481 2579 dari
2519 2521 2828 2598 debent⁷)
2855 2567 2870 2594 ‚
2912 2541 3036 2587 nec

223 2615 495 2677 Falcidia
523 2621 621 2678 lex
649 2619 806 2678 iniis
833 2621 1046 2679 locum
1082 2620 1390 2695 habet⁸)‚
1424 2635 1556 2680 non
1586 2619 1785 2693 magis
1826 2634 2018 2693 quam
2048 2614 2114 2677 in
2141 2617 2624 2689 donationibus,
2665 2635 2835 2692 quae
2863 2622 3033 2681 inter

226 2719 399 2776 vivos
423 2717 838 2777 celebrantur
852 2720 881 2761 ⁹
896 2717 939 2793 ).

652 2947 680 3019 ς
710 2941 853 3002 760.
884 2945 957 3002 11.
986 2942 1198 3003 Hortis
1222 2943 1653 3016 causodonatio
1684 2945 1769 3023 (·).
1795 2942 1878 3021 Α)
1901 2944 2046 3022 Ejus
2073 2944 2232 3003 notio
2264 2951 2320 3002 st
2359 2941 2596 3003 indoles.

300 3163 513 3222 Mortis
554 3179 748 3223 causa
795 3164 1209 3224 donationem
1262 3163 1522 3236 proprie
1564 3164 1824 3237 quidem
1883 3178 2026 3222 eam
2077 3178 2418 3233 vocamus,
2472 3178 2642 3236 quae
2687 3162 2755 3219 in
2800 3161 3029 3220 mortis

215 3271 517 3323 eventum
552 3266 623 3322 m
646 3266 838 3339 ipslus
861 3264 1192 3325 donatoris
1214 3305 1230 3331 ‚
1264 3264 1388 3324 hoc
1416 3270 1604 3338 pacto
1627 3308 1643 3335 ,
1676 3271 1749 3322 ut
1781 3271 1925 3322 rata
1951 3280 2081 3324 non
2112 3265 2466 3334 habeatur,
2495 3263 2613 3320 nisi
2651 3263 2829 3335 prior
2863 3277 3034 3320 mor-

215 3370 365 3423 tuus
386 3363 465 3423 sit
487 3366 798 3440 donator,
842 3382 1034 3439 quam
1067 3366 1117 3424 is
1137 3410 1154 3435 ‚
1186 3365 1251 3423 in
1278 3381 1471 3439 quem
1497 3365 1840 3423 liberalitas
1863 3360 2236 3423 confertur¹
2260 3361 2303 3437 ).
2335 3363 2569 3441 Quodsi
2593 3363 2763 3421 enim
2798 3362 2887 3418 ita
2918 3361 3034 3419 do-

212 3468 429 3530 natur,
461 3468 570 3530 ut,
603 3464 752 3520 licet
778 3464 841 3521 in
871 3463 1093 3522 mortis
1132 3469 1434 3520 eventum
1466 3458 1803 3520 differatur
1845 3463 2115 3530 solutio,
2145 3467 2363 3518 tamen
2414 3460 2593 3517 nullo
2639 3459 2866 3523 modo,
2915 3455 3032 3516 etsi

213 3557 397 3630 prior
416 3553 732 3617 moriatur
753 3557 807 3619 is
825 3602 845 3636 ,
878 3561 980 3618 cui
1008 3560 1321 3620 donatum
1358 3565 1487 3631 est,
1532 3553 1824 3618 revocari
1866 3558 2061 3631 possit
2083 3555 2354 3617 donatio
2377 3597 2396 3626 ,
2429 3557 2598 3614 inter
2624 3556 2797 3613 vivos
2826 3556 3031 3613 dona-

809 3761 836 3815 ς
878 3755 992 3806 759.
2247 3756 2274 3811 S
2321 3752 2434 3802 700.

275 3886 320 3941 1)
342 3885 419 3932 Cf.
446 3886 497 3931 l..
517 3880 600 3931 58.
646 3884 699 3930 D.
729 3882 779 3930 Ιι.
808 3886 844 3930 t.
864 3886 914 3929 et
936 3885 986 3930 l..
1011 3880 1092 3930 52.
1115 3884 1141 3939 ς
1162 3880 1209 3930 1.
1233 3883 1287 3930 D.
1310 3882 1377 3930 de
1400 3880 1586 3931 donae.

209 3943 353 3995 inler
375 3949 446 3993 V.
470 3950 524 3993 el
552 3945 902 4002 U.(xxlv,1.)

272 4009 622 4068 2)cr.1..18.p1·.
646 4009 813 4056 D.lz.t.
836 4014 886 4054 et
909 4008 961 4054 1..
984 4008 1032 4054 2.
1052 4007 1187 4054 C.de
1207 4005 1391 4053 donat.
1418 4019 1589 4055 causa

207 4074 411 4120 mor-eis.
432 4072 573 4129 (vul,
595 4068 760 4127 57.)-
781 4068 1022 4118 ,Rosslu'rt
1041 4071 1100 4116 Τ.
1126 4071 1161 4115 l.
1190 4082 1238 4126 p.
1259 4066 1339 4115 75.
1366 4071 1448 4117 Nr.
1474 4068 1587 4117 1.-

1713 3883 1774 3939 (”)
1815 3885 1879 3932 A.
1915 3886 1970 3928 G.
2009 3883 2227 3928 Cramer
2263 3881 2513 3939 disponet.
2549 3876 2649 3933 jur.
2671 3876 2763 3924 civ.
2783 3887 2829 3923 c.
2855 3876 2934 3922 10.
2972 3899 3032 3911 --

1651 3945 1904 3995 schir-acta
1923 3947 1971 3991 in
1998 3943 2170 3990 Archiv
2209 3944 2247 3990 f.
2272 3944 2364 3989 civ.
2391 3943 2470 3987 Pr.
2496 3942 2551 3986 ll.
2579 3940 2660 3986 Nr.
2682 3937 2763 3986 31.
2800 3961 2860 3971 --
2885 3940 3033 3985 Hau·

1652 4007 1778 4056 bold
1800 4011 1853 4055 Ι).
1877 4012 1938 4056 de
1958 4007 2128 4053 mortis
2152 4016 2296 4052 causa
2319 4003 2639 4049 donationum
2661 4002 2954 4056 conjecturis
2972 4012 3033 4048 ex

1652 4073 1827 4117 mortis
1876 4071 2129 4118 mentione
2189 4067 2457 4127 capiendis.
2494 4065 2622 4121 Lips.
2670 4062 2810 4111 1792.
2855 4065 2870 4119 (
2892 4069 2944 4109 et
2981 4065 3033 4109 in

208 4134 417 4181 uiuent.
441 4136 797 4181 A.G.cramer
814 4133 1059 4190 disponet.
1079 4135 1181 4188 jur.
1204 4131 1303 4177 civ.
1325 4129 1583 4190 pam-75.

266 4196 318 4254 3)
340 4199 393 4244 1..
415 4195 465 4244 8.
486 4209 563 4255 pr.
585 4199 636 4243 1..
662 4194 737 4241 12.
767 4197 817 4241 1..
842 4192 921 4241 51.
946 4194 1036 4252 sa.
1062 4195 1238 4242 o.12.t.

268 4258 316 4314 4)
349 4261 403 4306 1..
425 4258 476 4305 8.
501 4272 577 4319 pr.
623 4261 675 4305 1..
699 4254 893 4312 51.§2.
932 4259 981 4303 1..
1005 4255 1086 4305 38.
1118 4256 1167 4303 in
1192 4256 1228 4302 f.
1272 4256 1326 4301 D.
1370 4256 1487 4304 eod.
1523 4282 1583 4291 -

209 4322 260 4369 t..
282 4321 365 4371 4⁴.
415 4324 471 4371 D.
513 4322 583 4369 de
614 4319 770 4368 cond.
805 4324 864 4367 et
902 4319 1195 4369 demonstr.
1220 4320 1424 4381 (XXXV,
1449 4320 1516 4377 1.)
1535 4323 1585 4365 et

204 4391 307 4432 not.
329 4387 594 4443 seqq.-1..
619 4383 702 4431 22.
719 4383 771 4429 in
795 4382 832 4428 f.
855 4382 922 4429 de
953 4382 1051 4444 leq.
1079 4386 1117 4432 l.

265 4447 315 4504 5)
340 4450 391 4494 l..
418 4449 468 4494 9.
505 4449 562 4492 1).
587 4446 640 4493 Ιι.
666 4450 704 4493 t.

261 4509 312 4567 0)
336 4512 390 4557 1..
416 4507 498 4558 55.
523 4509 574 4555 in
592 4509 629 4557 f.
655 4510 709 4554 D.
730 4507 797 4554 de
815 4505 974 4553 cond.
996 4512 1054 4553 et
1070 4507 1209 4557 dem.
1229 4535 1287 4544 —
1323 4510 1376 4555 1..
1398 4504 1478 4557 38.
1506 4517 1583 4566 pr.

205 4574 258 4621 D.
282 4574 339 4622 Ιι.
366 4578 403 4620 t.
422 4577 474 4617 et
495 4577 602 4618 not.
631 4570 813 4626 1.—Cf.
839 4569 1083 4617 Roschirt
1104 4574 1136 4618 l.
1168 4574 1201 4619 l.
1227 4586 1275 4632 p.
1299 4569 1381 4619 76.

260 4634 312 4692 7)
333 4637 386 4681 1..
410 4633 462 4681 8.
487 4636 540 4679 D.
566 4631 747 4693 siquis
767 4631 961 4681 omissa
982 4645 1152 4681 causa
1174 4637 1291 4683 test.
1318 4630 1581 4693 (xxlx‚⁴.)

201 4702 251 4745 et
266 4699 398 4746 infra
418 4694 575 4754 3775.

262 4759 311 4816 8)
327 4762 378 4806 1..
403 4758 487 4806 44.
513 4760 569 4804 D.
592 4757 668 4804 ad
686 4759 807 4818 ὗες.
831 4757 1032 4805 Falcid.
1054 4759 1217 4817 (xxx,
1236 4759 1305 4816 2.)
1330 4782 1378 4793 -
1402 4758 1477 4806 cf.
1504 4768 1584 4805 su·

204 4835 288 4881 pra
304 4826 331 4880 ς
348 4820 466 4868 752.
488 4822 538 4867 in
562 4820 600 4866 f.

261 4883 310 4933 ⁹)
333 4886 411 4933 Cf.
438 4885 493 4933 1..
514 4880 596 4930 27.
619 4883 672 4928 1..
693 4879 773 4929 ⁴2.
797 4882 822 4936 ς
843 4879 890 4929 1.
915 4882 968 4928 D.
994 4880 1048 4929 Ιι.
1067 4887 1104 4929 1.

1650 4145 1816 4190 opusc.
1843 4136 1949 4181 vol.
1974 4134 2009 4179 1.
2040 4145 2087 4190 p.
2111 4129 2204 4179 439
2225 4131 2371 4189 sqq).
2397 4152 2458 4162 —
2486 4128 2696 4174 Wenck
2719 4127 2765 4172 in
2788 4125 2944 4185 praef.
2967 4126 3031 4172 ad

1649 4195 1890 4242 Hauboldi
1926 4196 2157 4251 opuscula
2204 4194 2310 4239 Vol.
2359 4192 2394 4238 1.
2439 4203 2486 4248 p.
2524 4191 2708 4235 XXXV!
2735 4213 2792 4222 —
2817 4188 2932 4233 LXI.
2972 4213 3032 4221 —

1652 4259 1745 4304 W.
1777 4256 1969 4305 mutter
1987 4258 2109 4302 uber
2129 4256 2208 4302 die
2229 4256 2380 4299 Natur
2398 4254 2486 4298 der
2510 4252 2806 4306 Schenkung
2827 4250 2916 4295 au?
2932 4249 3030 4296 den

1648 4320 1916 4367 Todesfall.
1941 4321 2136 4367 Giessen
2161 4314 2302 4364 1827.
2337 4316 2433 4367 (cf.
2461 4314 2734 4360 Zimmern
2759 4314 2806 4358 in
2832 4310 3031 4367 ephem.

1648 4381 1746 4437 jur.
1768 4384 1898 4431 Tub.
1920 4383 2003 4429 ΙΙΙ.
2037 4394 2083 4438 p.
2106 4378 2198 4426 232
2222 4405 2277 4412 —
2297 4375 2448 4436 2400.
2490 4400 2540 4408 —
2578 4376 2646 4423 de
2679 4375 2962 4423 Sctu-oeter
2979 4375 3031 4420 in

1652 4446 1894 4492 Zeilscbr.
1915 4444 1951 4489 f.
1973 4444 2135 4492 Civilr.
2179 4455 2228 4488 u.
2272 4442 2411 4486 Proc.
2451 4439 2515 4486 Τ.
2550 4439 2610 4484 ll.
2655 4439 2736 4483 Νι.
2779 4437 2858 4483 lv.
2896 4448 2943 4492 p.
2966 4433 3031 4481 9⁷

1648 4518 1756 4566 sqq.
1796 4534 1851 4541 —
1872 4510 2046 4554 Hane
2071 4506 2120 4551 in
2156 4503 2327 4550 Rhein.
2354 4503 2478 4548 Mus.
2499 4502 2559 4548 T.
2581 4502 2642 4546 ll.
2689 4495 3030 4556 p.300—3oo.

1650 4568 1709 4615 Τ.
1735 4571 1814 4617 111.
1844 4583 1891 4628 p.
1929 4566 2101 4616 1-22.
2126 4572 2175 4613 et
2197 4579 2245 4625 p.
2262 4562 2532 4613 371--417.
2569 4586 2629 4595 --
2671 4559 2915 4608 Rosslzirl
2937 4561 2970 4606 l.
2994 4560 3028 4606 l.

1646 4643 1696 4690 p.
1724 4633 1788 4679 80
1810 4644 1918 4691 sqq.
1942 4628 2096 4686 (0.2.)

1714 4695 1759 4742 1)
1782 4695 1855 4741 Cf.
1881 4695 1934 4739 1..
1961 4692 2007 4739 1.
2055 4703 2128 4748 pr.
2173 4691 2228 4736 D.
2255 4688 2307 4735 Ιι.
2329 4693 2365 4736 t.
2389 4690 2406 4747 (
2429 4686 2638 4735 «Mortis
2661 4696 2808 4731 causa
2831 4683 3033 4731 donatio

1647 4762 1741 4814 est,
1765 4769 1877 4803 cum
1897 4757 2006 4814 quis
2031 4752 2213 4799 habere
2233 4751 2248 4808 (
2274 4753 2426 4810 magis
2446 4756 2461 4806 )
2485 4763 2535 4797 se
2555 4750 2680 4806 vult,
2703 4758 2852 4806 quam
2876 4759 2988 4793 eum
3015 4779 3033 4805 ‚

1647 4821 1726 4866 cui
1749 4820 1903 4866 donat
1928 4830 1943 4876 3
1962 4817 2214 4873 magisque
2234 4826 2348 4861 eum
2367 4850 2383 4871 ‚
2406 4814 2484 4861 cui
2509 4814 2660 4860 donat
2683 4845 2698 4865 ,
2719 4822 2866 4869 quam
2885 4809 3034 4857 here-

1647 4881 1762 4929 dem
1783 4881 2102 4931 sauma—L.
2126 4874 2208 4927 55.
2230 4873 2321 4934 53.
2339 4875 2602 4934 eod.)-1..
2629 4873 2721 4920 ult.
2745 4873 2864 4920 eod.
