3544 5506
1232 364 1369 406 (tar.
1417 366 1486 406 u.
1529 366 1605 407 nn
1642 366 1943 409 etvmm.
2931 357 3036 411 187

217 472 308 533 tio
329 472 415 531 ad
467 479 721 544 tempus
743 473 1053 530 duntaxat
1083 471 1251 529 sacta
1278 470 1550 530 sufficiat
1581 471 1680 541 16),
1718 488 1945 531 verum
1976 473 2056 529 ibi
2087 473 2344 531 demum
2372 469 2759 533 domicilium
2786 475 2862 533 sit
2885 522 2900 548 ,
2931 477 3036 534 ubi

224 572 363 645 quis
407 586 631 630 rerum
665 570 1209 644 fortunarumque
1234 586 1495 628 suarum
1526 587 1841 629 summam
1869 572 2196 630 constituit
2217 615 2233 644 ,
2256 573 2430 630 unde
2452 588 2586 634 uon
2613 581 2709 632 est
2730 570 3036 634 discessu-

224 683 356 739 rus,
387 665 610 725 sinihil
635 672 861 725 avocet
886 707 904 735 ,
939 666 1345 738 proficiscens
1374 681 1530 725 vero
1563 665 1814 723 videtur
1837 666 2231 739 peregrinari
2260 666 2347 740 ¹⁷).
2382 671 2451 724 Et
2474 669 2761 728 similiter
2785 673 3033 730 tollitur

228 781 360 827 non
410 767 588 825 nuda
629 765 1121 837 contestatione,
1167 767 1279 824 sed
1309 781 1380 823 re
1419 772 1486 823 et
1514 765 1683 824 sac-to
1711 763 1824 844 ¹⁸),
1872 767 2055 839 cujus
2088 768 2343 840 quidem
2368 766 2736 826 instituendi
2767 766 3035 828 liberum

228 869 609 940 plerumque
634 873 731 924 est
759 866 1070 939 cuiusque
1093 861 1428 923 arbitrium
1452 907 1470 934 ,
1506 866 1621 925 nisi
1648 867 1823 939 quod
1853 865 2224 923 muneribus
2249 867 2512 938 publicis
2539 867 2675 941 jam
2706 868 3033 940 destinati,

225 973 573 1040 antequam
595 966 984 1024 domicilium
1013 965 1403 1038 relinquant,
1437 967 1519 1023 ad
1554 962 1943 1037 perficienda
1984 964 2294 1038 ejusmodi
2320 980 2585 1023 munera
2612 973 2914 1024 tenentur
2939 966 3032 1041 ¹⁹).

226 1068 299 1123 At
325 1081 480 1124 vero
504 1066 935 1124 necessarium
962 1081 1094 1123 non
1133 1066 1265 1122 sere
1298 1066 1411 1123 nisi
1456 1064 1903 1124 consentiente
1938 1066 2034 1121 vel
2067 1056 2427 1136 imperante
2458 1067 2554 1122 vel
2590 1066 3038 1138 patrefamilias

225 1163 358 1222 tolli
385 1163 700 1219 mutarive
742 1167 952 1233 potest
976 1158 1071 1232 ω).
1128 1161 1676 1236 Quemadmodum
1720 1166 1937 1217 autem
1997 1159 2148 1217 nihil
2181 1154 2478 1233 impedit,
2512 1175 2644 1232 quo
2673 1162 2880 1219 minus
2924 1164 3036 1219 ali-

223 1262 363 1335 quis
404 1262 656 1320 duobus
687 1261 870 1318 simul
904 1260 1057 1318 locis
1104 1261 1334 1317 habeat
1382 1260 1814 1331 domicilium,
1867 1259 1956 1317 sic
2003 1259 2197 1317 etiam
2246 1259 2572 1317 contraria
2624 1258 2758 1318 lere
2791 1261 3037 1319 ratione

221 1356 383 1419 effici
422 1368 666 1435 potest,
700 1367 772 1418 ut
798 1360 1090 1434 nuspiam
1130 1361 1253 1418 loci
1283 1361 1699 1418 constitutum
1722 1360 1802 1418 sit
1843 1358 2222 1432 cujusquam
2252 1373 2330 1417 ac
2357 1359 2748 1417 collocatum
2770 1356 3028 1418 domici-

222 1458 373 1517 lium
404 1456 498 1533 n).

983 1648 1153 1684 sterno
1173 1650 1229 1684 n.
1270 1650 1335 1687 D!
1353 1649 1602 1686 ΙΙΟῘἎΙΠΙ
1621 1648 1944 1685 »tumultun
1966 1648 2218 1684 ctvlnn.

1015 1793 1040 1867 5
1072 1802 1212 1860 196.
1257 1798 1430 1857 Notio
1455 1817 1523 1858 ac
1555 1801 1729 1860 totius
1766 1798 1875 1859 loci
1901 1798 2253 1858 constitutio.

305 1974 507 2033 Fletas
551 1989 862 2047 personas
904 1989 1011 2032 eas
1047 1978 1441 2048 appellamus
1475 1991 1642 2048 quae
1666 2020 1682 2044 ,
1712 1991 1861 2035 cum
1892 1976 1955 2034 ln
1985 1978 2213 2036 oculos
2247 1991 2380 2034 non
2408 1976 2746 2033 incurrant
2780 2020 2795 2045 ,
2821 1982 3040 2033 tamen

223 2082 440 2133 mente
466 2083 533 2133 et
561 2076 953 2147 cogitatione
972 2070 1401 2135 informantur
1422 2083 1748 2150 tamquam
1772 2092 2108 2152 personae,
2136 2078 2362 2151 quibus
2381 2076 2598 2135 civitas
2627 2076 2948 2133 tribuatur
2972 2080 3033 2141 1).

225 2176 360 2249 Quo
379 2175 446 2232 in
476 2191 713 2247 genere
735 2191 880 2234 cum
904 2175 1193 2234 homines
1235 2177 1647 2235 continentur
1678 2177 1894 2249 plures
1914 2218 1931 2244 ,
1964 2177 2071 2249 qui
2098 2178 2199 2235 vel
2228 2176 2411 2234 simul
2441 2183 2637 2248 atque
2663 2191 2791 2232 una
2818 2181 2966 2232 sunt
2988 2170 3035 2247 ²)

225 2271 324 2328 vel
352 2271 656 2335 deinceps
678 2266 759 2341 ³),
805 2278 943 2328 tum
992 2286 1149 2330 vero
1191 2272 1382 2330 etiam
1416 2261 1653 2341 res,‘ut
1697 2273 2013 2331 hereditas
2041 2268 2119 2340 ⁴),
2151 2278 2224 2329 ut
2260 2272 2477 2342 fiscus,
2516 2277 2588 2329 ut
2613 2266 2896 2327 instituta
2928 2286 3047 2342 pu·,

224 2363 412 2430 blica,
444 2368 619 2423 velut
643 2381 744 2432 ea,
776 2383 941 2438 quae
968 2375 1280 2425 vocantur
1309 2368 1410 2440 pia
1448 2382 1747 2440 corpora.
1792 2370 1893 2426 His
1923 2367 2115 2439 igitur
2139 2368 2435 2427 omnibus
2476 2381 2748 2440 persona
2779 2372 2874 2423 est
2913 2365 3031 2421 im-

226 2457 470 2535 posita,
518 2478 721 2535 usque
753 2464 916 2521 adeo
940 2504 955 2529 ‚
997 2470 1070 2521 ut
1110 2468 1173 2522 et
1205 2462 1446 2537 jurium
1482 2464 2026 2537 acquirendorum
2072 2470 2137 2522 et
2159 2458 2618 2535 obligationum
2661 2461 3036 2520 contrahen-

224 2556 458 2614 darum
500 2558 866 2616 facultatem
894 2559 1209 2630 habeant‚
1243 2566 1308 2617 et
1342 2561 1506 2634 juris
1537 2560 1632 2618 sui
1655 2560 1875 2618 tuendi
1918 2576 2112 2618 causa
2141 2560 2287 2632 ipsis
2319 2559 2663 2632 praesidia,
2706 2567 3035 2630 tamquam

224 2655 470 2713 civibus
498 2662 872 2728 comparata
897 2656 1053 2727 sint;
1089 2655 1237 2714 licet
1260 2672 1380 2714 nec
1410 2656 1623 2714 omnia
1645 2697 1661 2722 ,
1697 2672 1864 2728 quae
1907 2657 2167 2729 singulis
2203 2651 2563 2715 hominibus
2585 2655 2822 2726 scripta
2849 2661 2995 2711 sunt
3016 2696 3034 2727 ,

239 2769 450 2826 acque
477 2749 860 2814 conveniant
890 2755 954 2811 in
988 2756 1166 2813 fictas
1190 2770 1516 2828 personas,
1543 2770 1662 2813 nec
1683 2755 1914 2813 harum
1943 2756 2225 2828 ipsarum
2251 2773 2369 2829 par
2399 2755 2478 2813 sit
2501 2747 2782 2812 conditio
2805 2794 2822 2821 ,
2849 2747 3039 2811 idem·

224 2866 356 2922 que
382 2851 678 2908 omnibus
718 2851 961 2925 jurium
1008 2867 1182 2910 usus.
1235 2855 1373 2909 ,lam
1419 2867 1576 2909 vero
1618 2852 1699 2909 de
1748 2852 2007 2924 singulis
2046 2852 2132 2909 ita
2177 2867 2393 2909 sumus
2424 2849 2690 2918 dicturi,
2734 2855 2806 2906 ut
2836 2849 3039 2922 primo

222 2951 486 3023 quidem
532 2954 613 3009 de
655 2967 1073 3028 personarum
1104 2953 1616 3010 universitatibus
1665 2967 2089 3027 exponamus,
2124 2952 2275 3010 dein
2318 2952 2399 3009 ad
2447 2951 2549 3024 pia
2598 2966 2873 3023 corpora
2916 2964 3037 3007 nos

223 3053 681 3104 convertamus
704 3088 719 3111 ,
755 3055 1079 3120 postremo
1119 3063 1276 3108 vero
1309 3050 1451 3106 loco
1476 3049 1556 3106 de
1579 3049 1729 3123 jure
1757 3043 1888 3106 fisci
1919 3047 2281 3122 videamus;
2313 3062 2464 3103 nam
2493 3047 2575 3104 de
2608 3044 2879 3117 ‘reliquis
2906 3059 3036 3102 non

224 3148 353 3217 est,
385 3144 564 3216 quod
592 3143 715 3202 hoc
753 3145 1011 3217 quidem
1040 3147 1182 3203 loco
1217 3146 1488 3219 amplius
1518 3145 1791 3203 dicatur.
1828 3139 1998 3210 (vid.
2029 3141 2194 3200 infra
2226 3148 2252 3220 ς
2298 3143 2419 3201 609
2464 3146 2605 3201 not.
2635 3143 2695 3200 5.
2722 3135 2748 3210 §
2778 3141 2900 3199 610
2935 3156 3036 3212 sq.

220 3244 289 3296 et
309 3236 337 3309 S
359 3239 529 3308 697.)

662 3403 688 3475 S
725 3404 862 3463 197.
906 3405 956 3462 1.
985 3401 1370 3460 Personarum
1399 3398 1801 3457 universitates
1827 3398 1923 3472 (²⁸³).
1958 3397 2268 3477 Principia
2290 3397 2605 3477 yemalia.

313 3559 387 3614 ln
419 3570 840 3629 personarum
870 3555 1382 3615 universitatibus
1409 3555 1532 3612 hae
1564 3552 1855 3626 inprimis
1881 3561 2065 3629 sunt,
2100 3570 2266 3627 quae
2309 3560 2793 3612 memorentur:
2825 3566 3039 3626 respu-

297 3690 376 3747 to)
401 3690 451 3735 1..
486 3686 565 3735 17.
587 3690 613 3745 ς
633 3685 684 3735 5.
709 3687 785 3733 13.
807 3690 858 3736 D.
893 3690 948 3737 Ιι.
983 3692 1020 3735 t.
1045 3713 1103 3721 -·—-
1125 3691 1178 3735 L.
1201 3691 1249 3735 2.
1273 3694 1324 3735 et
1346 3686 1394 3735 4.
1421 3690 1476 3734 C.
1494 3686 1546 3733 Ιι.
1567 3690 1608 3734 l.
1734 3687 1784 3743 2)
1804 3688 1854 3760 L.
1878 3686 1957 3733 22.
1983 3689 2038 3733 Ι).
2062 3687 2289 3745 defidej.
2314 3687 2496 3748 (XLVI,
2522 3687 2587 3746 1.)
2624 3712 2678 3720 --
2703 3687 2756 3732 1..
2778 3684 2858 3733 25.
2886 3692 2938 3735 ll.
2964 3688 3040 3736 ad

230 3756 314 3809 (x.
337 3751 442 3807 59.)
1671 3760 1865 3798 munte.
1887 3749 1961 3807 (L,
1998 3750 2063 3808 1.)

299 3815 376 3874 17)
408 3816 462 3862 L.
480 3814 531 3862 7.
556 3818 611 3863 C.
630 3815 685 3861 Ιι.
709 3818 747 3859 t.
771 3815 847 3873 (x,
877 3815 977 3873 39.)
1003 3839 1061 3848 --
1080 3814 1131 3859 1..
1154 3811 1266 3859 205.
1293 3815 1347 3859 D.
1368 3811 1436 3859 de
1460 3814 1531 3861 V.
1549 3813 1605 3860 S.
1735 3813 1785 3869 3)
1805 3815 1853 3870 a)
1875 3813 1927 3859 L.
1951 3811 2032 3859 56.
2056 3813 2108 3858 L.
2133 3808 2212 3859 57.
2234 3814 2289 3859 D.
2312 3811 2379 3859 de
2399 3812 2496 3871 leq.
2520 3812 2582 3860 11.
2601 3837 2663 3847 —-
2681 3812 2746 3868 b)
2767 3812 2819 3857 l..
2839 3812 2919 3859 20.
2937 3812 2965 3866 S
2986 3814 3034 3859 1.

229 3882 370 3927 -CL
387 3879 547 3926 Gltick
569 3879 721 3924 Pand.
743 3878 821 3923 vl.
836 3877 986 3935 3515.
1010 3890 1059 3937 p.
1079 3875 1190 3924 272.
1205 3882 1310 3923 not.
1330 3873 1410 3922 ⁴2.
1670 3877 1726 3922 D.
1749 3873 1818 3920 de
1838 3886 1970 3922 ann.
1994 3875 2089 3934 leq.
2113 3874 2321 3931 (xxxnl
2337 3910 2352 3931 ,
2377 3875 2443 3931 1.)
2477 3874 2668 3931 (Alex.
2695 3873 2764 3919 ab
2790 3876 3034 3922 Alexan-

295 3941 374 3997 18)
410 3943 462 3990 1..
486 3941 566 3987 ΞΟ.
589 3944 643 3987 D.
669 3940 722 3985 Ιι.
747 3943 782 3983 t.
1659 3939 1757 3986 dno
1780 3940 1954 3994 genial.
1978 3938 2101 3983 dier.
2123 3940 2178 3995 V,
2204 3934 2281 3983 17.
2307 3938 2324 3995 )
2347 3961 2401 3969 —
2425 3951 2452 3982 c
2476 3940 2493 3996 )
2526 3940 2640 3985 Nov.
2676 3937 2786 3986 152.
2833 3952 2877 3985 c.
2902 3941 2953 3986 6.
2975 3964 3031 3972 -

295 4005 374 4064 19)
398 4007 450 4051 1..
470 4006 552 4052 3⁴.
579 4006 634 4051 n.
653 4003 705 4050 Ιι.
732 4005 771 4047 t.
1661 4016 1704 4048 ο.
1727 3998 1777 4048 5.
1801 4000 1867 4046 de
1888 4010 2054 4048 resen.
2081 4000 2131 4045 in
2154 4000 2234 4046 vn.
2259 3999 2316 4061 (1,
2341 4000 2411 4056 5.)

295 4068 376 4116 2⁰>
395 4069 490 4114 Nec
508 4069 783 4113 contrariae
799 4068 914 4112 sunt
932 4099 946 4123 ‚
967 4065 1096 4173 guod
1120 4063 1318 4122 quidem
1341 4062 1516 4109 attinet
1538 4063 1599 4108 ad
1728 4066 1774 4118 ⁴)
1795 4064 1877 4108 Pr.
1902 4065 1938 4108 l.
1962 4061 2030 4108 de
2048 4062 2223 4119 stipat.
2242 4073 2382 4108 serv.
2407 4085 2467 4093 -—
2490 4062 2539 4106 L.
2565 4060 2640 4108 15.
2663 4074 2738 4119 pr.
2766 4070 2818 4113 D.
2846 4067 2914 4114 de
2952 4067 3034 4115 in·

221 4132 310 4183 jus
333 4131 519 4188 patriae
556 4128 809 4187 potestatis
834 4162 850 4188 ‚
895 4130 946 4173 L.
1007 4162 1019 4174 .
1044 4125 1093 4172 4.
1117 4128 1165 4172 ti.
1203 4127 1229 4180 8
1251 4124 1294 4171 1.
1334 4148 1388 4156 -
1432 4126 1485 4171 1..
1521 4123 1600 4172 17.
1665 4132 1798 4175 terr.
1824 4125 2022 4181 injure
2040 4123 2151 4177 sac.
2177 4126 2274 4181 (xl,
2298 4125 2366 4181 1.)
2390 4147 2452 4160 -
2472 4125 2523 4170 L.
2541 4125 2620 4169 31.
2648 4126 2674 4179 S
2697 4127 2744 4173 1.
2767 4131 2825 4175 D.
2851 4129 2918 4177 de
2942 4131 3033 4175 lte-

226 4196 257 4247 ς
281 4194 364 4241 ss.
389 4194 445 4239 D.
468 4192 522 4239 Ιι.
546 4192 729 4239 t.-—ct.
753 4189 1156 4237 not.1.etG11ick
1176 4187 1328 4234 Pand.
1347 4187 1427 4232 Vl.
1449 4185 1602 4245 3512.
1667 4188 1785 4237 red.
1809 4187 1974 4235 instit.
2006 4186 2246 4245 (xxvlll‚
2266 4183 2314 4231 5.
2338 4188 2354 4243 )
2378 4209 2433 4218 -
2459 4188 2511 4232 1..
2535 4187 2615 4233 22.
2669 4189 2723 4235 D.
2774 4192 2842 4239 de
2891 4192 3039 4249 fidel.

227 4270 279 4314 μ,
300 4255 419 4303 258,
1669 4268 1694 4295 «e
1716 4252 1964 4298 hereditas
2003 4260 2233 4306 personae
2257 4249 2360 4293 vice
2383 4247 2626 4307 fungitur,
2650 4251 2794 4299 sicuti
2834 4256 3042 4301 munici-

296 4320 378 4368 21)
402 4321 457 4365 1..
479 4313 528 4362 5.
563 4317 614 4363 L.
634 4313 683 4362 6.
719 4316 772 4361 Ι..
797 4316 927 4371 97.3
950 4314 996 4360 2.
1024 4317 1084 4361 D.
1104 4313 1181 4359 ad
1199 4311 1395 4360 munic.
1434 4313 1506 4370 (L.
1535 4311 1604 4369 1.)
1666 4316 1823 4373 pium,
1843 4319 1893 4359 et
1914 4312 2132 4370 decuria,
2151 4316 2201 4357 et
2223 4310 2445 4356 societas.
2470 4325 2493 4349 a
2521 4312 2626 4366 (Cf.
2653 4313 2679 4367 S
2701 4313 2814 4363 200.
2839 4323 2943 4364 not.
2970 4318 3038 4375 1.)

229 4406 297 4416 -
329 4382 451 4428 Chr.
484 4378 794 4426 Thomasius
812 4381 866 4424 D.
886 4380 947 4424 de
971 4376 1274 4434 vagabundo,
1297 4387 1382 4421 seu
1404 4388 1463 4423 eo
1481 4410 1496 4434 ,
1518 4377 1599 4433 qui
2280 4374 2305 4427 s
2329 4369 2440 4418 197.

229 4452 314 4492 ot
347 4446 455 4490 sine
476 4443 727 4488 domicilio
748 4443 764 4498 (
783 4442 911 4498 ans.
951 4438 1093 4486 1679.
1117 4436 1164 4486 ⁴.
1189 4443 1239 4484 et
1263 4440 1313 4483 in
1334 4439 1454 4494 ejus
1477 4440 1598 4484 Diss.
1726 4439 1784 4497 (')
1807 4437 1911 4494 Dig.
1932 4436 2036 4494 (111,
2057 4432 2128 4493 ⁴.)
2150 4434 2302 4495 Quod
2314 4436 2703 4493 cujuscumque
2722 4439 3043 4488 universita-

231 4508 469 4567 unane.
491 4507 571 4558 lt.)
593 4516 639 4551 c.
668 4506 727 4549 ll.
750 4501 938 4559 Hasd.
965 4504 1019 4548 D.
1061 4505 1122 4548 de
1154 4501 1265 4557 iure
1288 4502 1602 4558 vagabundo·
1668 4500 1735 4548 tis
1768 4498 1981 4547 nomine
2014 4498 2100 4545 vet
2131 4501 2323 4544 contr-a
2344 4508 2463 4544 eam
2505 4501 2723 4556 aqatur.
2775 4529 2829 4538 —
2874 4508 2932 4552 J.
2980 4504 3039 4550 L.

229 4583 347 4618 rum
369 4569 626 4627 (additam.
647 4569 773 4614 Diss.
797 4566 932 4612 laud.
955 4567 1085 4624 Lips.
1109 4562 1291 4622 1679.).
1672 4561 1893 4611 Gaudliz
1912 4561 2080 4619 (verus
2101 4566 2232 4605 auct.
2256 4557 2528 4618 Haubold)
2554 4566 2605 4609 D.
2629 4568 2690 4608 de
2712 4563 2893 4613 finibu,
2918 4569 3047 4614 ime.-

803 4630 830 4683 S
872 4625 981 4675 196.
1669 4628 1747 4680 lus
1767 4628 2069 4683 singulorum
2080 4626 2129 4667 et
2145 4623 2475 4668 universitatis
2485 4626 2730 4681 regundis.
2748 4629 2873 4688 Lips.
2901 4626 3044 4677 1804.

298 4694 345 4753 1)
365 4694 507 4741 lusto
529 4693 682 4752 igitur
700 4690 847 4740 latius
871 4693 919 4736 in
946 4691 1171 4737 actarum
1188 4699 1503 4749 personarum
1526 4698 1610 4733 no-
1672 4689 1759 4746 (ln
1784 4688 2004 4747 opuscul.
2031 4686 2134 4731 Vol.
2160 4685 2218 4731 ll.
2247 4698 2293 4743 p.
2318 4682 2410 4731 5⁴7
2436 4709 2490 4716 -
2515 4686 2627 4734 620.
2672 4687 2781 4738 vm.
2820 4699 3042 4739 annotat.

230 4758 370 4804 tione
419 4755 768 4802 constituenda
819 4754 1130 4812 progreditur
1183 4751 1341 4800 Heise
1395 4751 1611 4797 Grundr.
1681 4749 1932 4800 {Venckii
1965 4750 2012 4794 in
2038 4748 2191 4806 praef.
2216 4760 2266 4806 p.
2286 4749 2423 4794 thll
2456 4771 2514 4779 —-
2561 4752 2751 4809 [ΔΝΜ.
2793 4778 2853 4787 -
2897 4757 2947 4801 c.
2988 4757 3042 4802 S,

231 4819 380 4866 Ruth.
407 4821 445 4866 1.
470 4821 528 4865 C.
556 4819 637 4864 lv.
671 4817 700 4871 S
731 4814 815 4862 98.
853 4813 972 4863 Not.
995 4813 1073 4862 15.
1100 4840 1156 4848 -
1214 4816 1321 4862 vid.
1366 4810 1614 4861 Auctoris
1679 4812 1988 4861 Zachariae
2006 4811 2130 4856 tuber
2150 4818 2341 4870 quaest.
2367 4812 2403 4855 l.
2423 4811 2513 4865 Qu.
2539 4814 2598 4859 x.
2627 4840 2685 4848 --
2710 4818 2777 4861 Η.
2803 4817 2865 4862 Ε.
2895 4817 3048 4864 Dis-k-

233 4883 584 4939 ueurtbeilunss
606 4872 1614 4935 desstadelscbenssrbrecbtstalls.p.1ti4.
1680 4888 1779 4924 sen
1798 4876 1884 4922 ub.
1921 4874 2015 4919 den
2050 4874 2262 4919 zustand
2300 4873 2386 4918 der
2423 4873 2593 4927 jul-ist.
2638 4878 2882 4925 Personen
2923 4880 3048 4926 nach

238 4953 348 4993 not.
371 4942 481 4994 115.
1684 4945 1811 4986 rom.
1834 4939 1893 4985 R.
1909 4936 2120 4997 (civilist.
2146 4936 2269 4983 Abh.
2296 4937 2354 4983 ll.
2379 4935 2460 4983 Νι.
2482 4936 2559 4996 1.).
