3544 5506
483 342 596 397 ⁴24
1210 348 1365 392 »aas
1402 347 1562 390 sne.
1605 346 1724 389 m.
1764 346 1866 389 m.
1906 344 1984 389 nn
2020 336 2550 389 caueanonmns.

483 464 707 539 quanti
751 468 934 521 actor
961 455 1263 538 injuriam
1294 455 1721 516 aestimaverit
1742 495 1759 522 ‚
1790 455 1927 513 scil.
1967 454 2412 512 moderatione
2439 453 2632 512 etiam
2656 492 2675 523 ‚
2712 451 2764 511 si
2789 466 2893 512 res
2912 448 2999 511 ite
3022 451 3186 511 l'eret
3207 494 3225 523 ,
3251 468 3292 511 a

472 564 690 640 judice
729 561 1087 637 adjicienda
1116 552 1540 618 aestimationi
1572 552 1661 629 10).
1700 558 1805 613 Est
1831 561 2052 613 tamen
2089 554 2258 612 inter
2291 560 2636 626 utramque
2661 553 2837 626 quod
2868 546 3122 611 differat
3143 595 3162 626 ‚
3209 551 3292 610 si·-

480 657 741 735 quidem
771 656 1098 730 praetoria
1124 668 1300 712 anno
1341 648 1561 711 linitur
1580 694 1598 723 ,
1632 650 1833 709 civilis
1859 656 2174 723 perpetua
2197 648 2374 721 estu)
2390 667 2407 725 ;
2447 661 2670 708 rursus
2699 663 2858 707 vero
2881 647 3206 722 praetoria
3228 648 3295 705 hi

479 773 738 835 quoque
777 763 1086 825 utuntur,
1143 750 1255 828 qui
1303 748 1570 828 injurias
1608 751 1745 809 aliis
1778 750 1976 809 lactas
2000 793 2016 821 ,
2050 744 2235 823 quasi
2266 750 2349 807 ad
2379 763 2447 807 se
2487 749 2882 822 pertinentes
2908 794 2925 821 ,
2961 743 3294 807 vindicare

479 863 746 934 possunt
773 903 789 930 ,
820 856 992 914 velut
1025 860 1241 928 pater,
1278 858 1391 911 aut
1420 850 1689 909 maritus
1707 848 1778 923 ¹²)
1799 891 1816 919 ‚
1849 864 1979 907 non
2000 848 2151 907 item
2183 844 2353 906 civili
2382 846 2477 922 ¹²).
2507 852 2842 907 Caeterum
2866 861 3034 921 quae
3055 848 3140 905 ad
3172 861 3293 920 pu-

475 954 708 1012 blicam
735 966 1010 1027 poenam
1047 949 1321 1024 injuriae
1344 941 1596 1005 auctori
1625 944 2026 1004 inferendam
2046 952 2423 1018 comparata
2449 950 2545 1003 est
2573 945 2783 1019 actio,
2809 958 2943 1002 non
2986 938 3107 1000 nisi
3152 943 3291 1000 ele-
3348 942 3359 951 “

477 1052 680 1117 euve,
711 1055 788 1106 ut
813 1052 1083 1115 vocant,
1115 1059 1266 1103 cum
1298 1057 1378 1102 ea
1409 1041 1777 1117 concurrit,
1808 1056 1939 1115 qua
1979 1038 2063 1098 ad
2098 1054 2378 1113 poenam
2404 1040 2725 1115 privatam
2767 1038 3291 1113 consequendam

474 1147 682 1221 agitur
710 1144 801 1222 ¹⁴).

838 1362 865 1434 ς
907 1357 1050 1416 449.
1100 1354 1162 1431 C)
1205 1351 1338 1412 Atia
1386 1350 1736 1419 delictorum,
1781 1367 1925 1427 quae
1964 1347 2093 1408 dolo
2130 1348 2591 1418 committuntur,
2634 1347 2916 1427 exempla.

556 1570 726 1628 Aliae
756 1573 907 1626 sunt
951 1564 1336 1624 delictorum
1377 1565 1620 1624 formae
1642 1612 1657 1634 ‚
1691 1580 1862 1638 quae
1901 1565 2159 1639 quidem
2206 1565 2426 1623 dolum
2462 1559 2838 1623 contineant
2870 1559 3171 1637 injuriam
3201 1563 3293 1621 l'a-

475 1671 731 1744 cientis,
764 1670 887 1727 hae
915 1685 932 1723 ε
982 1669 1039 1741 1)
1070 1668 1375 1725 damnum
1402 1668 1593 1724 turba
1615 1712 1631 1737 ,
1678 1666 1720 1724 i.
1762 1681 1826 1725 e.
1866 1667 2147 1724 tumultu
2185 1664 2453 1739 datum3
2488 1665 2661 1723 unde
2691 1665 2755 1721 in
2785 1678 2967 1735 eum,
3001 1665 3111 1736 qui
3140 1662 3291 1722 dolo

474 1769 647 1826 malo
672 1772 783 1824 aut
812 1760 876 1821 in
900 1763 1088 1821 turba
1108 1764 1414 1820 damnum
1441 1763 1640 1833 dedit,
1689 1768 1801 1819 aut
1828 1763 2170 1820 tumultum
2193 1764 2425 1834 coegit,
2457 1763 2620 1820 intra
2674 1778 2912 1819 annum
2936 1756 3003 1818 in
3024 1761 3291 1833 duplum

474 1865 644 1924 actio
664 1862 969 1936 competit
990 1857 1053 1933 ¹).
1085 1861 1146 1933 Ξ)
1178 1861 1491 1919 Adversus
1516 1875 1664 1918 eum
1691 1905 1707 1932 ,
1731 1861 1840 1932 qui
1866 1858 2164 1918 incendio
2181 1903 2198 1934 ,
2224 1860 2434 1928 ruina,
2474 1857 2812 1931 naufragio
2834 1902 2851 1933 ,
2876 1857 3133 1930 aliaque
3166 1855 3291 1913 sin-

473 1961 676 2037 gulari
723 1957 1118 2027 calamitate,
1156 1974 1547 2031 quocunque
1576 1957 1850 2032 injuriae
1877 1974 2113 2031 genere
2153 1960 2461 2017 damnum
2508 1960 2717 2030 dedit,
2752 1958 2817 2015 in
2857 1958 3292 2031 quadruplum

474 2060 643 2117 actio
670 2058 838 2115 intra
866 2071 1106 2113 annum
1138 2054 1332 2111 datur
1356 2056 1424 2123 2).
1472 2053 1532 2126 5)
1559 2055 1649 2112 Ob
1675 2054 2090 2127 sepulchrum
2122 2054 2427 2112 violatum
2456 2054 2552 2125 ei,
2596 2054 2705 2128 qui
2737 2055 2942 2112 laesus
2964 2059 3062 2111 est
3084 2095 3100 2119 ‚
3130 2051 3294 2110 arbi-

476 2158 676 2215 traria
702 2150 873 2214 actio
901 2156 1129 2222 datur,
1160 2161 1273 2211 aut
1303 2152 1352 2211 si
1378 2167 1570 2212 nemo
1602 2153 1724 2211 erit
1745 2197 1760 2223 ‚
1792 2155 1872 2211 ad
1898 2160 2091 2226 quern
2116 2169 2194 2211 ea
2217 2169 2320 2211 res
2349 2153 2628 2227 pertinet
2650 2194 2665 2222 ‚
2695 2153 2822 2211 sive
2853 2168 3046 2225 agere
3075 2152 3288 2225 nolet,

470 2252 834 2328 cuicunque
859 2296 875 2321 ‚
910 2252 1017 2326 qui
1047 2254 1225 2311 volet
1245 2269 1319 2311 ex
1348 2254 1586 2326 populo
1610 2296 1625 2323 ,
1662 2248 1724 2310 in
1753 2260 2013 2311 eentum
2040 2268 2388 2311 aureorum
2411 2294 2426 2320 ‚
2451 2269 2922 2325 nonnunquam
2949 2252 3011 2309 in
3042 2253 3287 2309 ducen-

470 2358 687 2411 torum
712 2364 1059 2408 aureorum
1096 2363 1410 2407 summam
1438 2363 1628 2420 agere
1657 2349 2050 2421 permittitur
2070 2344 2139 2421 3).
2172 2349 2274 2407 Est
2299 2347 2492 2407 etiam
2525 2349 2584 2424 4)
2614 2351 2916 2408 adversus
2952 2348 3119 2406 servi
3144 2363 3286 2407 cor·

472 2454 807 2520 ruptorem
839 2447 919 2502 de
948 2457 1136 2502 servo
1177 2450 1489 2516 corrupto
1528 2443 1696 2502 actio
1738 2445 1803 2501 in
1834 2445 2102 2515 duplum
2134 2445 2308 2519 ejuS,
2341 2445 2563 2517 quanti
2603 2460 2681 2503 ea
2726 2460 2828 2503 res
2857 2444 2981 2502 erit
3002 2486 3018 2513 ,
3054 2458 3287 2516 propo-

472 2547 592 2606 sita
617 2543 685 2620 ⁴),
710 2560 875 2617 quae
906 2543 1164 2615 quidem
1190 2543 1431 2601 utiliter
1454 2549 1518 2601 et
1543 2550 1815 2618 propter
1844 2542 2120 2602 filiorum
2157 2542 2514 2603 filiarumve
2548 2540 2815 2603 familias
2837 2544 3286 2615 corruptiones

482 2641 650 2715 patri
680 2640 872 2696 datur
894 2639 967 2711 ⁵).
1006 2642 1338 2697 Praeterea
1387 2638 1447 2712 5)
1508 2644 1573 2696 et
1631 2637 2096 2712 ,iurisdictionis
2140 2641 2422 2699 tuendae
2446 2683 2463 2710 ‚
2520 2646 2586 2698 et
2634 2635 3028 2714 judiciorum
3095 2650 3287 2697 causa

475 2737 764 2802 actiones
793 2740 1104 2815 quasdam
1137 2741 1440 2812 poenales
1473 2744 1737 2799 Praetor
1761 2740 2099 2815 proposuit
2122 2787 2137 2814 ,
2176 2756 2325 2800 cum
2351 2742 2731 2815 populares,
2773 2747 2908 2799 tum
2960 2756 3189 2799 eorum
3223 2738 3285 2796 in

469 2842 882 2903 commodum
905 2880 921 2907 ‚
966 2839 1047 2897 ad
1072 2856 1232 2913 quos
1261 2856 1337 2898 ea
1370 2856 1472 2899 res
1504 2841 1766 2914 proprie
1791 2847 2075 2915 spectat,
2114 2843 2289 2899 velut
2313 2838 2379 2898 de
2406 2839 2533 2898 albo
2569 2847 2842 2917 compto
2862 2835 3179 2914 judicium
3200 2839 3281 2908 11),

468 2945 608 2996 tum
638 2952 795 2995 vero
826 2936 1111 3008 poenalis
1153 2936 1320 2994 actio
1350 2935 1657 2995 adversus
1687 2951 1870 3008 eum,
1916 2938 2024 3011 qui
2046 2931 2152 3011 jus
2177 2937 2412 2995 dicenti
2457 2953 2587 2996 non
2614 2937 3160 3011 obtemperaverit
3187 2939 3237 3007 7)
3263 2978 3280 3001 ,

471 3049 672 3109 porro
704 3034 768 3091 in
807 3033 1047 3092 sactum
1077 3032 1387 3106 judicium
1423 3040 1650 3092 contra
1676 3049 1860 3101 eum,
1895 3028 2005 3107 qui
2034 3034 2096 3092 in
2119 3034 2226 3108 jus
2252 3041 2551 3093 vocatum
2580 3034 2640 3091 vi
2666 3035 2972 3092 exemerit
2998 3033 3072 3110 11);
3106 3031 3287 3091 deni·

469 3134 685 3208 quein
710 3148 890 3201 eum,
918 3132 1024 3204 qui
1050 3131 1202 3190 dolo
1226 3133 1398 3191 malo
1429 3132 1573 3191 fecit
1599 3178 1616 3205 ,
1645 3150 1777 3207 quo
1800 3134 2009 3192 minus
2042 3130 2184 3207 quis
2218 3135 2279 3192 in
2306 3135 2619 3208 judicium
2651 3141 2916 3193 vocatus
2939 3128 3276 3206 sisteret5).

469 3235 684 3305 Neque
713 3245 866 3288 vero
902 3230 962 3301 6)
997 3230 1247 3288 silentio
1281 3237 1376 3288 est
1409 3233 1882 3304 praetereunda
1926 3232 1991 3288 in
2032 3230 2270 3291 sactum
2300 3233 2469 3291 actio
2514 3238 2741 3291 contra
2786 3247 2972 3309 eum,
3019 3232 3168 3305 qui,
3209 3237 3282 3289 ut

467 3330 830 3391 calumniae
859 3345 1054 3389 causa
1084 3331 1412 3402 negotium
1446 3327 1634 3390 alicui
1659 3331 1905 3391 faceret
1935 3332 2034 3391 vel
2069 3347 2202 3391 non
2238 3332 2474 3391 faceret
2501 3375 2517 3403 ,
2549 3332 2888 3407 pecuniam
2915 3331 3242 3404 acceperit
3264 3373 3282 3399 ‚

468 3433 565 3489 vel
592 3425 854 3488 omnino
878 3424 1120 3502 aliquid
1143 3429 1500 3502 compendii
1530 3431 1750 3488 tulerit
1768 3427 1859 3505 ¹⁰).
1890 3434 2065 3508 Quae
2095 3432 2354 3506 quidem
2378 3433 2548 3491 actio
2568 3428 2733 3489 intra
2762 3444 3002 3490 annum
3029 3430 3093 3488 in
3119 3445 3283 3504 qua·

467 3533 769 3605 druplum
795 3531 933 3604 ejus
965 3531 1274 3603 pecuniae
1298 3531 1491 3589 datur
1514 3574 1529 3598 ‚
1563 3547 1758 3604 quam
1792 3533 1933 3605 quis
1955 3533 2206 3605 accepit
2228 3533 2327 3591 vel
2356 3533 2641 3591 lucratus
2670 3539 2804 3601 est,
2832 3547 2910 3590 ac
2938 3537 3284 3604 praeterea

467 3628 518 3685 is
538 3671 554 3697 ,
585 3629 690 3699 qui
718 3626 953 3698 aliquid
981 3622 1191 3697 dedit,
1216 3631 1287 3684 ut
1313 3642 1395 3685 ne
1414 3628 1518 3685 alii
1545 3623 1873 3698 negotium
1899 3629 2115 3703 fleret,
2145 3630 2485 3688 condicere
2511 3634 2752 3702 potest,
2783 3627 2963 3702 quod
2990 3625 3277 3700 deditu).

529 3861 651 3919 1οη
673 3860 722 3909 7.
748 3863 782 3908 1.
809 3863 861 3907 l..
879 3858 961 3908 3⁷.
985 3862 1011 3916 ς
1033 3859 1079 3907 1.
1114 3863 1168 3909 D.
1191 3862 1243 3908 Ιι.
1269 3866 1306 3909 ι.
1331 3886 1386 3897 -—-
1428 3862 1504 3910 (ΖΞ.
1531 3864 1751 3910 Gemler
1787 3863 1839 3910 in
1901 3869 1952 3909 et
1970 3863 2156 3909 funeris
2177 3862 2386 3911 ducendi
2406 3875 2550 3910 eausa
2565 3863 2810 3923 proposita
2830 3867 2962 3909 sunt.
2980 3862 3131 3909 —CL
3158 3861 3210 3907 1..
3228 3859 3281 3908 8.

465 3924 639 3972 Archiv
661 3924 1003 3970 t.civ.l>raxis
1026 3925 1062 3969 l.
1086 3937 1162 3971 nr.
1184 3927 1262 3971 x1.
1901 3922 1952 3973 9.
1979 3927 2031 3972 1..
2047 3926 2124 3973 38.
2148 3924 2229 3972 59.
2247 3929 2300 3971 D.
2314 3926 2525 3986 dereliq
2531 3928 2657 3983 .(xl,
2669 3924 2810 3981 7.)-
2822 3927 2937 3971 Nov.
2953 3922 3036 3972 60.
3048 3938 3094 3972 e.
3113 3926 3163 3972 1.
3188 3926 3283 3979 ς1.

529 3987 605 4044 11)
628 3988 679 4032 1..
703 3983 754 4033 5.
777 3987 830 4031 C.
864 3986 918 4033 Ιι.
955 3988 996 4033 1.
1030 4009 1090 4020 -—
1115 3987 1193 4033 Pr.
1219 3988 1255 4033 1.
1290 3986 1581 4044 clepet-pet.
1604 3990 1662 4033 ee
1680 3991 1834 4043 temp.
1905 3989 2073 4047 -Diffl
2100 3990 2201 4043 (x1,
2213 3987 2259 4033 8.
2266 3988 2592 4046 >demortuo
2612 3988 2890 4044 inferendo
2911 3991 2970 4034 et
2989 3986 3279 4045 sepulchro

462 4053 567 4097 act.
1903 4050 2257 4107 aedificando.
2262 4051 2419 4106 -—-(Cl'.
2442 4058 2493 4100 et
2514 4049 2669 4109 5215.
2697 4054 2800 4097 not.
2822 4049 2989 4108 5-7.)

524 4108 1422 4168 mss.5.1.......1.133-91›ae
1962 4110 3285 4173 ⁴)mg.‚..(x13)etco‹1(v1,2.>aeoervo

528 4173 664 4230 13)1.
775 4175 906 4220 6..1)
925 4173 977 4221 Ιι.
1002 4173 1041 4219 t.
1899 4181 2169 4232 corrupto

527 4234 661 4292 1⁴)1.
777 4235 907 4282 D..lt
931 4239 1030 4282 t.-—
1041 4235 1114 4283 Cl'.
1138 4234 1458 4295 supraszbo.
1484 4241 1589 4283 not.
1617 4235 1693 4283 11.
1898 4234 2080 4356 ⁷¹⁵2))l..
2105 4236 2184 4286 14.
2205 4237 2305 4297 sl.
2329 4240 2383 4285 D.
2407 4239 2521 4288 lut.
2542 4235 2626 4296 (ef.
2652 4234 2814 4287 emet:
2835 4236 2988 4287 Pand.
3013 4243 3095 4287 xl.
3116 4236 3278 4295 3753.

1046 4384 1207 4443 §⁴⁴9⁶
1965 4361 2018 4484 ξ)
2036 4361 2332 4487 11449110
2339 4364 2790 4488 3d512n53(3u2
2800 4366 3015 4474 Rimanti
3047 4439 3159 4475 aon
3188 4427 3282 4474 ob·

1901 4489 2300 4545 temper-averit.

527 4546 570 4602 1)
598 4546 649 4590 Ι..
670 4543 723 4593 4.
746 4546 801 4591 D.
826 4538 1166 4593 devibonor.
1190 4549 1397 4602 raptor.
1415 4545 1751 4596 etdoturba.
1962 4547 2010 4608 8)
2034 4552 2139 4608 mg.
2159 4553 2238 4610 (ll,
2256 4546 2325 4612 7.)
2350 4550 2709 4614 aequitatum,
2725 4550 2821 4611 qui
2838 4549 3005 4607 injus
3027 4554 3275 4612 vocam,

526 4608 574 4661 2>
599 4609 702 4664 θῦε.
725 4608 921 4664 (XLVII,
934 4603 1004 4664 0.)
1037 4606 1372 4655 ἀείηοειιάίο
1380 4609 1597 4672 staina,
1612 4608 1834 4664 naufra-
1898 4609 1951 4658 υἱ
1967 4612 2184 4661 eximat.

458 4670 569 4731 oio,
597 4674 734 4730 rate,
760 4679 899 4715 nave
919 4669 1249 4729 expugnata.
1962 4672 2009 4729 9)
2034 4676 2138 4734 mg.
2159 4677 2239 4733 (ll,
2263 4676 2449 4734 10.)ae
2470 4686 2848 4737 co,pcrquem
2866 4673 3003 4730 lact.
3020 4676 3142 4738 erit,
3166 4687 3280 4734 quo

522 4703 1271 4790 z)ulg.(x1.vl1,13..)etcod
1295 4733 1411 4791 (lx,
1436 4731 1536 4807 19.)
1572 4734 1641 4780 de
1658 4736 1834 4791 eepul-
1897 4735 2076 4784 miuus
2093 4741 2215 4797 quis
2237 4739 2295 4786 in
2315 4739 2444 4797 jud.
2462 4739 2633 4787 sistat.

459 4794 590 4842 claro
608 4793 825 4840 violato.
834 4794 1111 4849 -Quocum
1129 4796 1347 4842 remedio
1367 4797 1585 4853 proxime
1605 4796 1835 4843 cohaeret
1970 4798 2049 4856 10)
2084 4803 2188 4859 [ΜΒ.
2226 4802 2242 4858 (
2261 4803 2349 4862 lll,
2381 4800 2430 4849 6.
2450 4802 2466 4859 )
2499 4807 2547 4847 et
2578 4803 2696 4848 Cod.
2732 4802 2749 4856 (
2780 4801 2882 4856 lx,
2917 4796 3042 4854 46.)
3075 4800 3143 4848 de
3172 4811 3271 4846 ca-

459 4857 510 4903 lu
530 4857 717 4904 factum
734 4856 899 4915 aetio,
918 4860 1021 4902 lum
1044 4857 1190 4902 ctiam
1225 4857 1540 4905 interdictum
1559 4859 1619 4903 de
1641 4865 1834 4905 mortuo
1899 4837 2349 4912 tumulatur-ibus.

460 4917 933 4977 inremndo,quaeel
947 4918 1285 4975 religiosorum
1301 4919 1519 4966 locorum
1536 4923 1830 4969 tuendorum
1963 4926 2039 4984 11)
2063 4925 2136 4974 cf.
2158 4928 2208 4974 1..
2223 4924 2273 4973 5.
2293 4925 2384 4983 ς1.
2412 4928 2464 4974 1..
2485 4925 2534 4974 7.
2557 4938 2631 4984 pr.
2653 4926 2707 4970 D.
2725 4925 2777 4970 Ιι.
2804 4928 2840 4971 t.
