3544 5506
512 335 629 394 1188
1219 344 1374 388 »aas
1409 342 1575 387 mc.
1614 342 1733 384 m.
1770 342 1839 384 v.
1878 342 1956 384 ns
1991 340 2418 384 mni-ram
2454 340 2629 384 am.

514 466 662 525 licet
710 468 776 521 et
818 461 938 518 hae
983 464 1276 530 spectent
1318 457 1401 516 ad
1436 455 1823 515 hereditates
1866 456 2173 525 tuendas,
2228 460 2443 512 tamen
2494 455 2578 512 ad
2613 454 2990 512 missionum
3035 456 3106 512 in
3155 456 3330 514 hona

514 573 716 634 genus
745 557 808 631 (S
853 553 991 611 156.
1043 551 1226 624 157.)
1273 547 1485 625 potius
1528 550 1911 609 referendae
1946 557 2132 621 sunt,
2161 556 2231 608 ut
2267 551 2586 609 bonorum
2628 552 2986 626 possessio,
3038 567 3223 625 quae
3259 567 3334 610 ex

512 651 907 716 Carboniano
933 646 1142 706 edicto
1184 643 1230 719 2)
1252 686 1269 716 ,
1290 662 1458 724 quae
1483 647 1723 704 ventris
1765 646 2027 704 nomine
2056 645 2137 718 ⁵),
2175 660 2344 718 quae
2381 641 2599 704 furiosi
2627 647 3038 704 curatoribus
3067 648 3334 706 delatae

514 745 887 814 hereditatis
924 761 1117 805 causa
1153 747 1347 804 datur
1389 746 1463 818 ⁴).
1497 748 1670 821 Quae
1695 788 1711 814 ‚
1755 744 2043 818 quamvis
2081 759 2158 802 ex
2188 745 2615 803 diversissimis
2641 747 3042 804 descendant
3073 747 3327 817 causis,

515 869 637 914 nec
666 852 818 911 levis
841 850 1006 906 inter
1036 847 1201 918 ipsas
1229 831 1538 918 appareat
1557 845 1998 904 dissimilitudo
2016 891 2032 917 ,
2065 846 2241 918 quod
2274 845 2531 917 quidem
2561 847 2641 902 ad
2663 846 3063 917 singularum
3092 847 3330 906 attinet

513 952 643 1011 vim
693 962 769 1006 ac
817 949 1234 1019 potestatem3
1283 949 1498 999 tamen
1539 956 1618 998 eo
1665 955 1887 999 omnes
1937 942 2370 1008 conveniunt,
2426 942 2602 1013 quod
2660 940 2978 1014 ejusmodi
3022 942 3331 1001 missione

516 1052 860 1122 impetrata
893 1056 1103 1116 neque
1131 1041 1402 1098 heredes
1429 1041 1590 1097 liunt
1615 1054 1827 1112 neque
1854 1040 2174 1098 bonorum
2203 1052 2596 1112 possessores
2613 1081 2630 1113 ,
2655 1045 2730 1095 ut
2770 1040 3037 1111 quidem
3061 1042 3330 1114 proprie

516 1153 830 1209 vocantur
846 1187 861 1215 ,
888 1143 1180 1215 adeoque
1201 1136 1395 1198 etiam
1417 1133 1717 1197 differunt
1741 1155 1778 1196 a
1809 1139 2126 1197 bonorum
2147 1138 2545 1211 possessione
2565 1138 2699 1197 sine
2724 1155 2830 1216 re,
2860 1140 3186 1213 siquidem
3216 1158 3330 1200 suo

519 1253 812 1317 tempore
840 1245 952 1298 aut
979 1237 1137 1296 adiri
1179 1231 1601 1294 hereditatem
1626 1240 1741 1292 aut
1783 1235 2103 1293 bonorum
2134 1233 2593 1307 possessionem
2617 1235 2866 1292 admitti
2911 1252 3187 1295 necesse
3220 1234 3332 1305 sit,

516 1346 594 1399 ut
641 1339 845 1412 ipsum
875 1334 1246 1406 acquiratur
1267 1331 1374 1406 jus
1400 1330 1651 1388 heredis
1680 1328 1754 1403 ⁵).
1794 1331 1872 1403 ll)
1917 1331 2127 1388 Altera
2170 1326 2509 1388 decretalis
2548 1331 2867 1389 bonorum
2913 1334 3332 1405 possessionis

520 1438 766 1514 species
794 1435 875 1493 ad
918 1432 1308 1491 hereditates
1331 1429 1755 1503 acquirendas
1776 1435 2023 1501 spectat
2040 1473 2056 1499 ,
2094 1445 2202 1488 eas
2228 1432 2662 1503 complectens
2689 1446 2918 1490 causas
2941 1474 2961 1505 ,
2994 1428 3113 1489 ubi
3141 1439 3254 1491 aut
3271 1435 3331 1491 in

520 1541 654 1612 ipsa
677 1550 748 1593 re
778 1536 940 1592 inest
964 1531 1282 1604 quaedam
1305 1530 1649 1605 dubitatio,
1683 1544 1850 1601 quae
1867 1529 2101 1587 efficiat
2125 1575 2141 1599 ‚
2173 1535 2247 1586 ut
2285 1543 2417 1587 non
2443 1529 2562 1587 nisi
2593 1544 2668 1587 ex
2694 1545 2933 1588 causae
2963 1533 3330 1608 cognitione

524 1653 630 1697 res
656 1633 967 1710 procedat
988 1629 1064 1704 6),
1100 1636 1212 1688 aut
1247 1629 1545 1702 iniquitas
1571 1630 1857 1687 tollenda
1878 1675 1894 1701 ,
1926 1645 2091 1702 quae
2114 1646 2190 1688 ex
2204 1630 2368 1703 iuris
2391 1636 2584 1703 atque
2606 1632 2820 1702 legum
2847 1631 3090 1689 stricta
3119 1633 3330 1691 obser·

523 1733 737 1794 vantia
792 1728 1039 1789 oriatur
1091 1729 1160 1793 ⁷).
1209 1725 1396 1798 Cujus
1439 1719 1701 1797 quidem
1752 1725 2087 1784 decretalis
2137 1726 2456 1784 honorum
2496 1722 2918 1798 possessionis
2961 1727 3104 1786 hoc
3150 1729 3330 1786 etiam

524 1831 854 1908 proprium
878 1833 975 1886 est
993 1870 1011 1898 ,
1041 1825 1213 1899 quod
1242 1824 1566 1897 repudiari
1604 1823 1739 1883 sere
1765 1831 2079 1898 nequeat,
2112 1827 2424 1899 siquidem
2455 1828 2721 1885 decreto
2746 1826 3131 1900 acquiritur
3146 1828 3250 1902 jus
3271 1825 3334 1903 ‘).

1022 2067 1047 2140 §
1077 2065 1221 2126 699.
1254 2070 1320 2139 D)
1352 2065 1672 2125 ordinaria
1694 2075 1749 2124 ot
1774 2065 2252 2127 extraordinaria
2269 2068 2541 2128 bonorum
2553 2072 2842 2149 possessio.

614 2297 945 2356 ordinaria
967 2296 1289 2354 bonorum
1318 2295 1632 2367 possessio
1663 2295 1745 2352 ab
1768 2296 2277 2354 extraordinaria
2304 2297 2505 2354 tribus
2542 2298 2746 2355 modis
2786 2302 3100 2371 separari
3149 2303 3334 2360 solet:

531 2404 646 2455 aut
668 2413 705 2454 a
726 2412 943 2465 causa,
967 2402 1081 2453 aut
1099 2412 1136 2451 a
1156 2396 1215 2451 vi
1247 2400 1444 2468 atque
1479 2394 1744 2464 effectu,
1769 2400 1884 2452 aut
1903 2410 1942 2451 a
1967 2395 2161 2453 modo
2182 2390 2615 2454 successionis.
2636 2399 2681 2453 Α
2706 2411 2911 2455 causa
2941 2398 3080 2457 hoc
3114 2407 3298 2471 pacto
3318 2442 3331 2466 ‚

530 2501 604 2550 ut
636 2493 961 2552 ordinaria
980 2491 1233 2548 dicatur
1260 2490 1320 2546 b.
1350 2506 1441 2561 p.‚
1470 2504 1637 2561 quae
1664 2490 1876 2547 edicto
1904 2486 2225 2548 Praetoris
2247 2533 2263 2557 ,
2294 2487 2805 2549 extraordinaria
2823 2533 2843 2559 ,
2881 2509 3070 2565 quae
3119 2497 3333 2567 legibus

530 2593 775 2660 nititur,
792 2592 945 2650 iisve
965 2589 1127 2662 juris
1155 2589 1534 2661 praeceptis,
1561 2605 1728 2661 quae
1757 2589 1909 2661 legis
1937 2590 2140 2647 vicem
2165 2587 2454 2648 obtinent
2481 2588 2548 2664 ¹).
2565 2594 2608 2649 Α
2634 2586 2695 2648 vi
2728 2598 2932 2665 atque
2956 2594 3205 2653 effectu
3233 2590 3330 2661 ita,

531 2694 609 2745 ut
637 2686 1026 2746 ordinariam
1052 2700 1193 2742 eam
1218 2684 1617 2756 appellemus
1636 2730 1651 2756 ‚
1678 2698 1845 2757 quae
1859 2685 1966 2759 jus
1992 2684 2215 2742 tribuit
2242 2683 2652 2745 successionis
2673 2728 2692 2757 ,
2719 2691 3329 2762 extraordinariam,

535 2800 701 2858 quae
723 2796 858 2841 non
887 2782 999 2839 nisi
1023 2796 1237 2839 rerum
1265 2780 1725 2853 possessionem
1751 2781 1989 2849 desert;
2024 2797 2214 2854 quem
2251 2782 2511 2856 quidem
2539 2785 2753 2843 locum
2789 2828 2807 2859 ,
2835 2786 3004 2845 item
3047 2793 3325 2858 spectan-

532 2890 662 2942 tem
688 2883 767 2938 ad
792 2880 970 2954 prius
997 2879 1316 2937 divisionis
1343 2894 1567 2953 genus,
1597 2895 1792 2951 supra
1843 2880 2208 2956 tetigimus(
2239 2880 2263 2953 §
2287 2883 2430 2940 621.
2463 2889 2601 2942 not.
2633 2885 2673 2940 2
2719 2914 2790 2929 ..-
2815 2885 2879 2943 5.
2909 2885 2959 2957 ).
2993 2887 3257 2956 Denique
3280 2897 3318 2939 a

536 2979 730 3036 modo
753 2975 1167 3035 successionis
1189 2971 1583 3034 ordinariam
1606 2991 1908 3034 vocamus
1933 3020 1949 3047 ‚
1984 2992 2151 3050 quae
2173 2977 2253 3033 ad
2278 2986 2656 3036 consuetum
2680 2976 2877 3037 edicti
2912 2981 3198 3040 ordinem
3220 2980 3322 3037 de-

537 3077 768 3145 fertur,
794 3081 1022 3134 contra
1046 3090 1202 3134 vero
1231 3075 1827 3146 extraordinariam,
1852 3090 2018 3150 quae
2049 3077 2129 3132 ab
2160 3077 2271 3134 illo
2295 3078 2696 3150 aliquatenus
2724 3080 3007 3152 recedit,
3039 3097 3120 3139 eo
3147 3080 3329 3154 potis-

536 3177 783 3244 simum,
806 3176 1003 3248 quod,
1030 3174 1507 3237 incurrentibus
1534 3176 1915 3251 quibusdam
1940 3186 2052 3235 aut
2086 3178 2371 3249 personis
2400 3183 2512 3235 aut
2534 3180 2937 3251 temporibus
2957 3218 2978 3249 ,
3031 3181 3137 3238 vel
3165 3174 3328 3239 simul
3418 3168 3424 3174 ’

538 3291 682 3334 cum
707 3275 824 3345 his,
853 3275 959 3348 qui
985 3270 1264 3347 alioquin
1296 3281 1482 3333 certo
1526 3274 1592 3333 in
1620 3276 1846 3335 ordine
1874 3276 1990 3335 soli
2021 3276 2228 3335 vocati
2253 3282 2403 3352 sunt
2430 3319 2447 3347 ,
2485 3279 2584 3334 vel
2630 3277 2825 3336 etiam
2849 3286 3012 3337 ante
3042 3279 3189 3339 illos
3216 3277 3331 3336 aliis

538 3377 730 3435 detur
761 3376 1079 3434 honorum
1108 3375 1418 3448 possessio
1441 3370 1515 3447 2).

606 3623 653 3679 2)
679 3623 730 3667 Ι..
755 3618 841 3677 1.ς
865 3619 911 3669 4.
934 3623 989 3668 1).
1012 3622 1059 3669 si
1080 3622 1189 3669 tab.
1213 3624 1327 3670 test.
1349 3623 1444 3669 rel.
1466 3621 1711 3678 (xxxvlll
1736 3657 1752 3681 ,
1775 3621 1909 3679 6.)—
2033 3621 2083 3680 8)
2104 3624 2155 3670 L.
2178 3621 2222 3669 1.
2267 3626 2293 3679 ς
2311 3621 2361 3670 7.
2403 3623 2459 3668 D.
2499 3622 2567 3670 de
2585 3634 2727 3671 suec.
2754 3623 2839 3670 ed.
2882 3640 2907 3665 α
2931 3625 3208 3672 Decretalis
3227 3625 3270 3670 b.
3289 3635 3333 3681 p.

542 3686 798 3731 Caeterum
822 3683 881 3728 de
899 3684 1207 3731 Carboniano
1247 3685 1409 3731 edicto
1429 3719 1444 3740 ,
1464 3685 1667 3746 eju-sque
1692 3691 1741 3730 et
1761 3697 1908 3732 causa
1972 3695 2035 3731 an
2061 3686 2305 3743 repudiari
2347 3687 2514 3743 possit,
2538 3686 2807 3732 videamus.
2853 3689 2911 3733 Et
2941 3689 3153 3746 quidem
3181 3687 3334 3734 diebus

541 3752 593 3793 et
631 3748 678 3792 vi
720 3752 866 3804 atque
908 3744 1079 3793 effectu
1101 3780 1118 3803 ,
1138 3747 1245 3792 aliis
1286 3747 1336 3792 in
1374 3748 1492 3793 locis
1534 3748 1725 3794 dicendi
1766 3759 1910 3793 occa·
1973 3747 2101 3794 finiri
2126 3754 2312 3809 μοίραις
2352 3748 2435 3795 sed
2460 3749 2708 3805 repudiari
2731 3760 2840 3794 eam
2860 3760 2963 3796 non
2985 3761 3135 3806 posse
3158 3785 3172 3806 ,
3191 3749 3333 3794 verius

542 3811 615 3855 sio
647 3809 760 3854 data
795 3808 934 3855 nobis
964 3814 1056 3856 est.
1092 3809 1156 3867 (S
1188 3806 1298 3857 156.
1356 3814 1458 3855 not.
1496 3810 1575 3855 11.
1632 3814 1682 3855 et
1728 3811 1754 3865 ς
1786 3807 1906 3857 518.
1973 3815 2077 3866 est,
2097 3811 2207 3868 quia
2232 3813 2450 3857 nondum
2472 3812 2629 3856 delata
2651 3815 2726 3856 est
2747 3844 2760 3867 ‚
2785 3813 2881 3857 nisi
2929 3825 3049 3859 cum
3093 3813 3242 3859 fuerit
3259 3812 3333 3855 de·

542 3876 645 3917 not.
674 3869 791 3927 15.).
1966 3877 2117 3918 creta.
2162 3874 2398 3927 Rursum,
2420 3879 2739 3931 posteaquam
2774 3875 2977 3921 decreta
3013 3879 3125 3931 est,
3146 3885 3248 3920 sera
3267 3883 3331 3916 re·

481 3972 493 3981 .
606 3932 655 3989 δ)
679 3935 729 3979 L.
755 3930 833 3977 50.
859 3932 885 3987 S
905 3930 950 3978 1.
974 3934 1028 3979 D.
1054 3932 1120 3980 de
1137 3945 1190 3978 α.
1212 3945 1262 3979 υ.
1285 3943 1337 3979 ο.
1359 3932 1412 3979 lt.
1436 3931 1618 3989 (xxix,
1640 3931 1710 3992 9.)
1732 3959 1790 3968 --
1824 3933 1899 3981 Cl'.
1965 3934 2184 3991 pudiatio
2207 3941 2280 3981 est
2302 3952 2313 3982 :
2336 3935 2471 3994 quia,
2492 3937 2623 3992 quod
2642 3936 2946 3993 adquisitum
2966 3942 3067 3994 est,
3097 3933 3328 3995 repudiari

544 4007 690 4053 supra
711 3998 737 4051 s
752 3992 864 4040 518.
887 3997 990 4040 not.
1010 3993 1087 4042 14.
1114 3992 1193 4041 16.
1220 3993 1298 4041 17.
1969 4008 2068 4042 non
2088 4000 2294 4055 potesta»

607 4056 656 4110 4)
675 4058 751 4105 Cf.
777 4059 803 4113 ς
826 4054 934 4103 156.
954 4063 1062 4104 not.
1088 4058 1166 4104 19.
1195 4061 1242 4102 et
1265 4058 1393 4103 infra
1416 4061 1519 4103 not.
1539 4070 1639 4117 seq.

606 4118 656 4175 5)
679 4121 727 4165 L.
754 4122 801 4167 3.
826 4122 851 4177 ς
871 4116 947 4164 15.
972 4121 1026 4166 D.
1048 4119 1116 4166 de
1133 4118 1454 4166 Cae-bomem.
1474 4120 1721 4177 (xxxvll,
1741 4118 1904 4176 10.)—

545 4183 599 4228 1..
618 4180 667 4229 7.
692 4183 718 4236 S
739 4181 788 4229 5.
813 4183 865 4226 C.
886 4180 956 4227 de
976 4193 1094 4229 cur.
1117 4180 1229 4234 fur.
1257 4182 1315 4237 V,
1338 4180 1421 4227 70.
1453 4180 1469 4236 (
1494 4197 1517 4223 ιι
1536 4183 1620 4228 Sin
1641 4188 1806 4227 autem
1828 4192 1904 4225 re·
2559 4186 2585 4240 s
2617 4180 2728 4231 622.

544 4244 765 4304 sipuerit,
789 4248 839 4289 et
863 4254 917 4287 ea
940 4244 1199 4290 admittere
1225 4244 1448 4289 noluerit.
1465 4244 1512 4298 ιι)
1532 4269 1591 4278 -
1614 4243 1787 4291 Loelu·
1806 4245 1907 4289 Ma·-

547 4317 659 4363 κει.
683 4307 742 4352 ll.
784 4318 833 4364 p.
858 4301 953 4350 450
972 4319 1078 4364 sqq.
1114 4329 1176 4338 —-
1210 4308 1458 4352 Foersler
1475 4307 1536 4352 de
1557 4307 1607 4353 b.
1630 4319 1679 4364 p.
1707 4307 1906 4353 liberor.
2034 4305 2080 4362 1)
2104 4306 2213 4354 Vid.
2237 4308 2263 4362 S
2284 4304 2397 4355 619.
2421 4313 2523 4355 not.
2548 4305 2596 4354 8.
2613 4332 2671 4340 -
2694 4306 2784 4364 ςῚ.
2809 4308 2850 4354 l.
2872 4308 2924 4354 Ιι.
2952 4312 2991 4356 t.
3026 4335 3078 4344 -
3103 4303 3336 4365 Ejusmodi

546 4374 759 4426 praeter.
779 4381 824 4415 ο.
851 4373 886 4414 t.
912 4372 1164 4425 parent.p.
1182 4365 1276 4414 915
1295 4379 1401 4426 sqq.
1427 4379 1475 4424 p.
1499 4366 1592 4415 253
1613 4380 1718 4426 sqq.
1972 4369 2022 4417 b.
2047 4382 2094 4426 p.
2119 4371 2340 4428 exempla
2360 4370 2463 4416 vid.
2487 4372 2547 4426 a)
2586 4371 2636 4416 L.
2662 4369 2712 4415 9.
2747 4372 2774 4427 ς
2792 4367 2858 4416 9.,
2889 4373 2947 4417 D.
2969 4372 3050 4418 ad
3065 4373 3184 4418 set.
3211 4369 3332 4417 reri.

610 4429 657 4489 6)
679 4433 738 4478 V.
761 4443 804 4477 c.
828 4431 876 4484 a)
898 4430 950 4475 L.
974 4427 1053 4476 14.
1078 4431 1103 4483 S
1125 4432 1170 4475 1.
1196 4432 1250 4475 D.
1272 4429 1407 4476 deb.
1430 4442 1482 4485 p.
1510 4443 1557 4478 e.
1586 4436 1622 4477 t.
1648 4430 1909 4486 (xxxvii,
1974 4432 2242 4487 (xxxvlll,
2264 4432 2476 4489 17.)-b)
2510 4433 2536 4487 s
2556 4431 2660 4478 21.
2683 4432 2751 4477 de
2773 4443 3012 4479 success.
3035 4434 3215 4480 libere.

548 4490 617 4548 4.)
644 4520 699 4528 —-
739 4494 789 4538 Ι..
812 4490 859 4538 4.
885 4492 937 4536 D.
966 4494 1034 4539 de
1056 4494 1305 4551 conjuny.
1335 4504 1452 4539 curn
1476 4492 1736 4547 emano-ip.
1761 4491 1908 4537 liber.
2039 4494 2086 4546 2)
2109 4495 2252 4540 Velut
2274 4498 2320 4552 a)
2339 4506 2392 4539 ea
2416 4494 2466 4540 b.
2490 4507 2563 4552 p.‚
2585 4505 2711 4552 quae
2731 4496 2951 4550 patronis
2972 4502 3064 4541 aut
3084 4495 3236 4542 matri
3257 4493 3334 4537 da·

547 4556 794 4608 (xxxvll,
815 4553 947 4610 8.)—
968 4555 1017 4600 L.
1045 4553 1092 4599 6.
1120 4557 1172 4601 D.
1199 4553 1369 4601 silab.
1392 4557 1511 4602 test.
1533 4558 1620 4600 rel.
1646 4554 1912 4611 (xxxvllL
1977 4560 2055 4601 tur
2076 4568 2172 4601 una
2213 4570 2325 4603 cum
2366 4555 2585 4602 defuncti
2627 4556 2788 4601 liberis
2826 4557 2843 4611 (
2868 4563 2974 4602 not.
3002 4560 3049 4604 1.
3073 4570 3119 4603 a.
3149 4559 3200 4604 h.
3223 4558 3336 4614 );-

550 4615 622 4674 6.)
646 4617 833 4672 (Loeltr
853 4617 885 4661 l.
906 4616 939 4662 1.
967 4629 1016 4674 p.
1041 4614 1129 4662 441
1154 4616 1577 4677 sqq.—Scltillin9
1595 4620 1722 4662 Beni.
1743 4617 1828 4660 ub.
1856 4617 1908 4660 R.
1977 4619 2024 4673 h)
2043 4630 2260 4676 ea,quae
2282 4622 2449 4665 decem
2464 4619 2677 4677 personis
2696 4619 2913 4664 defertur
2934 4620 2978 4673 (S
2997 4618 3046 4665 3.
3071 4618 3119 4665 4.
3149 4622 3188 4666 l.
3212 4619 3337 4669 ΔΛ..

551 4681 610 4727 G.
635 4692 683 4734 p.
701 4677 797 4725 906
818 4678 1064 4735 sqq.).-—b
1084 4680 1099 4734 )
1122 4681 1176 4725 L.
1205 4679 1251 4727 l.
1272 4681 1298 4735 S
1324 4677 1365 4725 l.
1394 4680 1447 4726 D.
1473 4680 1548 4726 ad
1565 4681 1679 4726 SCt.
1703 4679 1910 4734 Termi.
1976 4681 2103 4725 infra
2127 4681 2152 4734 S
2174 4680 2330 4738 027.),
2355 4687 2479 4738 tum,
2500 4693 2624 4737 qnae
2645 4680 3127 4737 emancipati-matur
3144 4683 3248 4727 litis
3271 4689 3338 4722 oe-

550 4742 818 4796 (xxxvlll.
840 4737 939 4799 17.)
1975 4742 2216 4788 dinandae
2240 4745 2396 4801 gratia
2419 4745 2495 4805 (L.
2514 4741 2562 4789 8.
2589 4756 2661 4798 pr.
2684 4743 2738 4788 D.
2760 4743 2827 4790 de
2850 4742 2999 4798 inoff.
3036 4746 3157 4789 test.
3177 4744 3256 4796 (V.
3279 4740 3338 4791 3-1

613 4801 663 4859 7)
685 4804 734 4847 L.
760 4800 840 4849 84.
867 4804 919 4847 D.
943 4802 1077 4849 dea.
1101 4816 1151 4850 v.
1177 4815 1227 4850 o.
1250 4803 1304 4849 Ιι.
1330 4803 1716 4862 (ΧΧΙΧ,9.)-Ι..
1740 4800 1787 4849 4.
1816 4800 1913 4848 int.
1977 4805 2075 4850 vid.
2103 4806 2233 4851 infra
2278 4807 2369 4851 loc.
2414 4808 2474 4853 de
2512 4804 2650 4851 inoff.
2699 4811 2807 4851 test.
2831 4806 2886 4852 C.
2908 4807 2985 4851 Vl.
3009 4805 3027 4861 )
3050 4839 3065 4854 .
3085 4813 3134 4849 et
3155 4808 3196 4850 si
3219 4812 3335 4862 quse

554 4867 604 4911 1..
625 4863 675 4911 5.
698 4865 753 4911 D.
775 4864 842 4911 de
856 4863 974 4922 b.p.
998 4876 1045 4912 c.
1073 4869 1108 4910 t.
1133 4865 1384 4919 (xxxvii.
1401 4864 1470 4921 4.)
1505 4891 1563 4899 -
1601 4869 1651 4914 Ι..
1676 4866 1750 4912 12.
1768 4866 1824 4912 D.
1849 4865 1918 4913 de
1979 4873 2091 4912 sunt
2115 4868 2237 4912 aliae
2260 4880 2318 4913 ex
2342 4880 2400 4914 eo
2422 4880 2598 4927 genere
2623 4881 2635 4928 ;
2656 4867 2752 4913 vid.
2778 4880 2823 4913 v.
2845 4879 2890 4913 c.
2939 4868 2992 4913 Ι..
3014 4867 3063 4912 9.
3105 4868 3132 4919 ς
3157 4866 3236 4914 15.
3263 4861 3332 4909 16-

556 4926 781 4975 carbon.
807 4926 994 4981 edicto.
1018 4929 1267 4989 (xxxvii,
1289 4927 1387 4986 10.)
1981 4931 2037 4977 D.
2072 4930 2146 4977 ad
2165 4932 2280 4985 δεῖ.
2304 4930 2679 4979 rert.-Loelzr
2696 4932 2729 4977 l.
2745 4931 2779 4976 l.
2799 4942 2845 4988 p.
2871 4927 3144 4976 sss-23⁴.
