3544 5506
504 351 617 409 222
1066 364 1218 407 rans
1254 363 1421 407 snae.
1460 363 1578 405 un.
1620 362 1692 405 ιι.
1739 363 1818 406 nn
1856 362 2043 406 anans
2080 361 2354 413 manno.
2395 361 2681 406 nomio.

505 477 720 549 Neque
751 489 904 537 vero
927 469 1348 535 dubitandum
1376 480 1498 547 est,
1530 474 1686 546 quin
1729 472 2000 533 aliarum
2023 472 2456 537 accessionum
2482 466 2797 531 restitutio
2822 470 3049 530 iisdem
3066 472 3304 545 regum

503 575 925 649 expendenda
949 576 1054 647 sit,
1086 570 1392 648 quoniam
1414 581 1481 634 et
1505 574 1837 649 persimilis
1871 589 2098 634 earum
2129 580 2226 633 est
2255 573 2444 643 ratio,
2476 579 2542 632 et
2585 573 2964 647 plerumque
3012 588 3124 633 eas
3136 574 3313 648 juris

503 676 706 737 nostri
725 682 1053 745 auctores,
1083 678 1165 735 de
1188 692 1382 736 causa
1397 671 1492 735 rei
1515 676 1909 735 restituenda
1928 675 2306 749 exposituri,
2339 690 2470 733 una
2500 689 2649 733 cum
2671 672 2979 733 fructibus
3008 687 3312 747 compre·

503 772 783 835 bendere
804 774 1015 833 solent
1025 769 1090 843 ⁸),
1109 769 1456 847 iisdemque
1476 773 1820 846 utrobique
1841 758 2165 846 principiis
2189 778 2256 831 et
2276 771 2746 846 propemodum
2771 765 2981 833 verbis
3000 771 3065 828 in
3084 771 3312 842 singu-

503 872 577 930 lis
605 868 1080 945 quaestionibus
1100 869 1523 948 dijudicandis
1550 879 1824 931 utuntur
1843 868 1913 946 ⁹).

1075 1047 1103 1121 5
1145 1050 1290 1110 252.
1322 1048 1397 1125 11)
1418 1049 1502 1107 De
1524 1047 1993 1108 incommodis.-
2024 1049 2216 1108 Onera
2240 1056 2410 1127 atque
2434 1049 2737 1126 impemae.

585 1228 736 1284 Cum
765 1235 997 1290 natura
1026 1247 1304 1306 aequum
1335 1234 1437 1303 sit,
1463 1241 1536 1291 ut
1559 1232 2165 1306 rerumjuriumque
2193 1232 2600 1292 incommoda
2625 1232 2705 1291 ad
2735 1247 2885 1294 eum
2916 1231 3309 1305 pertineant·

504 1335 699 1393 penes
727 1342 919 1399 quem
956 1336 1105 1387 sunt
1141 1331 1478 1389 commoda
1511 1327 1577 1407 ¹),
1607 1325 1921 1405 sequitur,
1948 1336 2023 1387 ut
2058 1330 2131 1399 is,
2178 1331 2259 1387 ad
2298 1345 2490 1403 quem
2516 1326 2616 1407 jus
2653 1323 2916 1403 aliquod
2939 1333 3217 1403 spectat,
3249 1332 3316 1385 et

502 1432 702 1478 onera
737 1421 822 1481 illi
862 1424 1279 1485 adhaerentia
1305 1427 1544 1496 subire,
1588 1434 1654 1486 et
1676 1426 2018 1500 impensas,
2044 1427 2143 1484 vel
2168 1433 2437 1499 propter
2452 1440 2593 1484 rem
2616 1426 2713 1484 vel
2741 1425 2805 1482 in
2829 1440 2966 1484 rem
2990 1420 3032 1493 2)
3059 1423 3141 1482 ab
3175 1422 3315 1498 ejus

502 1528 862 1586 possessore
881 1519 1100 1597 factas,
1117 1524 1472 1597 rependere
1496 1538 1754 1582 necesse
1777 1522 2027 1581 habeat.
2046 1519 2128 1580 Et
2143 1538 2317 1580 onera
2337 1522 2621 1598 quidem,
2647 1528 2963 1597 quatenus
2982 1527 3315 1593 tamquam

500 1628 720 1672 rerum
741 1615 1114 1695 juriumque
1146 1619 1503 1681 accessoria
1536 1623 2002 1681 consideranda
2042 1628 2215 1696 sunt,
2246 1622 2522 1681 maxime
2544 1617 2610 1681 in
2640 1621 2782 1702 jure
2816 1627 3040 1680 nostro
3065 1627 3209 1677 tum
3232 1619 3313 1676 ad

500 1707 914 1775 hereditarias
936 1732 1158 1776 causas
1173 1718 1564 1789 reseruntur,
1579 1724 1654 1776 ut
1676 1714 1841 1777 aeris
1865 1713 2054 1776 alieni
2079 1720 2437 1778 exsolvendi
2457 1720 2948 1793 legatorumque
2970 1722 3309 1790 praestan—

499 1804 733 1865 dorum
756 1824 917 1870 onus
966 1813 1036 1888 3),
1071 1820 1209 1873 tum
1243 1832 1399 1876 vero
1456 1816 1538 1874 ad
1587 1830 1805 1873 rerum
1854 1814 2166 1886 dominia,
2210 1817 2389 1874 velut
2435 1817 2823 1875 tributorum
2873 1826 3316 1886 censuumque

499 1903 986 1987 solvendorum,
1030 1912 1409 1970 servitutum
1444 1911 2009 1987 perferendarum,
2064 1912 2402 1986 pignorum
2461 1913 2850 1971 luendorum
2895 1925 3061 1970 onus
3084 1906 3155 1985 ⁴),
3185 1924 3316 1983 quo

499 1997 758 2075 quidem
803 2005 1082 2083 pertinet
1133 2012 1526 2071 tritissimum
1569 2007 1722 2069 illud
1763 2013 2175 2085 proverbium
2219 2035 2236 2073 ε
2280 2011 2407 2071 Res
2442 2013 2669 2072 transit
2711 2028 2860 2071 cum
2906 2026 3027 2071 suo
3083 2024 3309 2070 onere.

498 2104 791 2185 Impensae
856 2115 969 2166 aut
1028 2108 1355 2170 fructuum
1425 2111 1988 2187 quaerendorum,
2047 2113 2479 2184 cogendorum
2499 2156 2518 2183 ,
2586 2111 3317 2183 conservandorumque

499 2207 703 2278 gratia
739 2209 924 2279 flunt,
971 2210 1221 2285 haeque
1268 2212 1350 2269 ab
1390 2226 1493 2288 e0,
1524 2212 1607 2270 ad
1661 2227 1854 2285 quem
1885 2210 2131 2270 fructus
2180 2213 2528 2287 pertinent,
2571 2212 2672 2271 vel
2717 2210 3171 2284 suscipiendae
3217 2211 3318 2268 vel

500 2309 869 2369 reddendae
909 2317 1055 2369 sunt
1073 2308 1141 2385 ⁵),
1181 2312 1280 2370 vel
1312 2307 1506 2385 ipsius
1533 2311 1625 2370 rei
1658 2327 1851 2370 causa
1906 2320 2289 2383 erogantur;
2325 2327 2598 2386 quarum
2638 2318 2771 2371 tres
2806 2318 2957 2369 sunt
3001 2309 3254 2383 species
3299 2325 3316 2365 ε

500 2412 896 2476 necessariae
917 2460 937 2492 ,
957 2418 1174 2493 utiles,
1205 2420 1653 2491 voluptuosae,
1686 2434 1801 2477 seu
1831 2419 2253 2491 voluptariae.
2294 2418 2699 2477 Necessariae
2730 2416 3062 2487 dicuntur,
3088 2411 3327 2490 quibus

499 2526 628 2569 non
663 2511 844 2571 factis
889 2528 991 2570 res
1036 2519 1149 2571 aut
1190 2514 1479 2587 peritura
1519 2519 1631 2571 aut
1672 2514 1958 2573 deterior
2009 2512 2224 2572 sutura
2275 2521 2392 2586 est,
2438 2517 2616 2574 velut
2652 2514 2704 2572 si
2742 2514 2884 2587 quis
2925 2513 3127 2571 aedes
3157 2511 3326 2570 refe-

499 2611 660 2669 cerit
679 2657 696 2684 ,
724 2612 991 2670 arbores
1015 2613 1080 2670 in
1101 2614 1580 2672 demortuarum
1612 2615 1824 2673 locum
1856 2615 2240 2686 reposuerit,
2274 2611 2510 2673 horrea
2542 2615 2905 2673 necessaria
2929 2611 3322 2671 aedificave-

502 2710 614 2784 rit,
637 2727 712 2771 ex
734 2708 1146 2787 stipulatione
1186 2714 1402 2773 damni
1442 2710 1659 2776 infecti
1678 2760 1694 2785 ‚
1719 2730 1801 2774 ne
1838 2715 2279 2774 committatur
2297 2757 2314 2784 ‚
2343 2709 2734 2789 praestiterit
2751 2762 2768 2788 ,
2787 2714 2853 2774 in
2880 2707 3324 2773 valetudinem

498 2821 832 2867 servorum
854 2805 1095 2884 aliquid
1125 2808 1507 2885 impenderit
1523 2856 1540 2883 ,
1567 2819 1634 2871 et
1652 2827 1819 2885 quae
1838 2826 2064 2870 eorum
2088 2818 2239 2870 sunt
2267 2807 2494 2870 similia
2515 2832 2532 2883 ;
2562 2812 2751 2870 utiles
2791 2817 2938 2871 sunt
2962 2811 3322 2884 impensae,

499 2922 667 2979 quae
687 2910 1016 2970 meliorem
1045 2927 1183 2971 rem
1213 2919 1325 2970 aut
1347 2912 1842 2972 fructuosiorem
1863 2911 2577 2988 faciunt3voluptuosae
2599 2954 2614 2982 ,
2636 2926 2804 2984 quae
2822 2954 2839 2980 ,
2878 2917 2953 2968 ut
2982 2911 3328 2968 amoenior

498 3006 814 3067 efficiatur
842 3026 944 3070 res
970 3018 1164 3085 atque
1186 3014 1578 3080 exornatior,
1610 3007 2059 3086 erogantur⁶).
2098 3014 2304 3084 Atque
2326 3012 2725 3070 necessariae
2756 3011 3093 3082 impensae
3116 3008 3327 3067 omni-

498 3105 693 3163 modo
732 3103 1172 3168 restituendae
1200 3116 1349 3169 sunt
1371 3110 1446 3184 ⁷),
1476 3110 1761 3181 itemque
1791 3108 1980 3166 utiles
2006 3109 2384 3181 plerumque
2420 3107 2715 3167 dominus
2737 3105 3043 3165 refundat
3062 3121 3325 3165 necesse

497 3208 615 3269 est,
644 3211 1093 3278 praeterquam
1115 3207 1198 3278 ei,
1231 3206 1338 3278 qui
1359 3207 1528 3264 mala
1564 3206 1687 3262 [ide
1710 3219 1848 3261 rem
1873 3208 2054 3261 tenet
2081 3198 2127 3269 ⁸)
2143 3220 2161 3278 ;
2193 3210 2421 3262 contra
2443 3217 2598 3261 vero
2627 3203 3174 3275 voluptuosarum
3198 3218 3325 3261 ser·

496 3299 853 3357 vandarum
874 3315 1067 3359 causa
1111 3303 1293 3360 nulla
1317 3306 1694 3374 comparata
1721 3305 1873 3357 sunt
1915 3299 2199 3357 remedia
2223 3300 2321 3369 ei,
2351 3299 2460 3373 qui
2482 3315 2591 3358 eas
2611 3294 2923 3371 impendit
2943 3339 2961 3365 ‚
2996 3298 3119 3356 nisi
3148 3298 3325 3372 quod

485 3393 592 3467 jus
619 3393 1117 3454 auferendarum
1139 3397 1394 3455 illarum
1418 3396 1634 3465 habet,
1661 3389 1901 3453 scilicet
1923 3401 2244 3468 quatenus
2259 3395 2394 3455 sine
2412 3391 2505 3454 rei
2529 3390 2900 3468 principalis
2924 3394 3171 3469 injuria
3188 3389 3322 3454 fieri

495 3487 560 3550 id
592 3500 802 3566 potest
821 3491 891 3568 ⁸).
917 3498 1463 3574 Quemadmodum
1486 3501 1703 3554 autem
1727 3495 1964 3554 horum
1990 3502 2487 3570 praeceptorum
2505 3510 2660 3554 usus
2676 3510 2796 3570 pro
2825 3495 3008 3553 varia
3023 3501 3094 3554 et
3114 3491 3326 3555 homi-

560 3636 611 3693 8)
640 3638 693 3683 L.
717 3635 768 3684 7.
793 3641 818 3694 s
842 3640 889 3686 1.
940 3639 992 3684 L.
1016 3639 1093 3686 12.
1119 3642 1172 3686 D.
1215 3639 1285 3688 de
1325 3639 1481 3687 cond.
1523 3649 1694 3686 causa
1730 3636 1863 3685 data
1920 3638 2057 3696 fisci.
2082 3638 2242 3695 (xle
2261 3672 2277 3696 ‚
2300 3637 2402 3698 14.)
2428 3640 2585 3686 —Tit.
2611 3640 2666 3686 C.
2698 3639 2819 3684 sine
2842 3648 3013 3685 censu
3040 3638 3134 3684 vel
3165 3637 3323 3696 reliq.

492 3709 541 3744 c.
564 3711 672 3745 non
689 3711 796 3748 sec.
813 3704 932 3757 (ΧΙΙ,
952 3700 1021 3758 4.)
1045 3727 1098 3734 -
1122 3704 1174 3750 1..
1201 3701 1278 3748 15.
1305 3715 1378 3760 pr.
1401 3704 1453 3748 D.
1473 3702 1545 3747 de
1562 3701 1720 3748 cond.
1743 3701 1859 3747 ind.
1920 3699 2153 3756 fundum
2189 3701 2493 3757 comparari
2514 3713 2620 3747 non
2652 3712 2831 3760 posse.
2875 3702 2983 3759 (lv,
3006 3697 3239 3757 ⁴7.)-1..
3271 3702 3323 3747 3.

492 3760 591 3814 (ΧΙΙ
611 3797 625 3820 ,
647 3760 718 3820 6.)
747 3785 810 3798 —
833 3767 885 3812 L.
907 3765 986 3811 51.
1005 3766 1030 3819 S
1052 3761 1097 3810 4.
1124 3766 1176 3811 D.
1200 3766 1295 3811 sol.
1320 3764 1546 3811 matrim.
1576 3787 1629 3797 —
1655 3766 1707 3810 L.
1730 3761 1810 3810 91.
1837 3764 1864 3818 S
1926 3765 1976 3810 in
2001 3765 2037 3810 f.
2061 3764 2116 3810 C.
2140 3764 2208 3811 de
2237 3765 2421 3812 ser-vit.
2460 3769 2518 3812 et
2549 3777 2713 3824 aqua.
2743 3765 2854 3823 (ΙΙΙ,
2883 3761 3050 3820 mi.)—
3078 3764 3130 3807 L.
3154 3761 3239 3810 57.
3267 3767 3324 3812 D-

489 3819 542 3867 7.
567 3824 621 3872 D.
659 3825 729 3872 de
766 3829 865 3887 leq.
902 3829 938 3875 Ι.
975 3851 1036 3860 -
1078 3828 1130 3874 L.
1173 3826 1252 3874 25.
1277 3828 1303 3882 S
1335 3825 1383 3872 8.
1421 3830 1473 3872 D.
1503 3828 1572 3874 de
1598 3826 1756 3874 aedil.
1777 3825 1863 3873 ed.
1926 3826 1997 3872 de
2018 3826 2115 3887 leq.
2139 3827 2177 3872 l.
2220 3850 2274 3860 —
2314 3828 2389 3874 Ct'.
2417 3828 2470 3874 L.
2493 3829 2574 3874 13.
2597 3830 2651 3872 D.
2672 3827 2743 3875 de
2764 3828 2885 3884 imp.
2921 3825 2980 3872 in
3021 3835 3117 3871 res
3146 3826 3321 3874 dolat.

491 3884 610 3939 (ΧΧΙ
630 3921 646 3942 ‚
684 3889 749 3947 1.)
787 3915 842 3923 —-
884 3892 959 3938 cf.
988 3891 1040 3936 L.
1074 3891 1124 3937 3.
1156 3892 1209 3937 C.
1242 3888 1309 3936 de
1335 3888 1503 3944 fruct.
1537 3895 1595 3936 et
1626 3889 1707 3936 tie.
1739 3900 1863 3946 exp.
1923 3886 2062 3943 fact.
2087 3889 2249 3949 (xxv,
2275 3892 2344 3948 1.)

493 3947 612 4003 (vll,
633 3948 733 4004 51.)
1991 3949 2039 4010 5)
2056 3953 2108 3999 L.
2129 3951 2178 3999 7.
2203 3956 2231 4010 ς
2253 3951 2331 4001 16.
2355 3954 2410 3998 D.
2435 3951 2530 3997 sol.
2555 3950 2784 3998 matrim.
2810 3948 3155 4011 (xxiv,5.)—
3168 3953 3220 3999 L.
3238 3948 3322 4000 δῦ.

556 4007 603 4067 9)
624 4013 675 4058 1..
700 4011 780 4060 25.
804 4017 830 4071 ς
851 4011 900 4061 s.
924 4016 980 4061 o.
1000 4012 1069 4060 ae
1087 4014 1244 4061 aedit.
1267 4014 1352 4060 ed.
1389 4038 1449 4047 —
1483 4014 1534 4060 ι..
1559 4012 1641 4061 10.
1662 4016 1717 4061 n.
1741 4011 1798 4059 12.
1820 4015 1860 4059 t.
1926 4015 1952 4069 ς
1971 4011 2020 4059 5.
2046 4016 2100 4062 o.
2127 4015 2194 4061 de
2211 4019 2278 4064 Η.
2303 4018 2366 4063 P.
2386 4013 2465 4072 (v,
2485 4011 2555 4072 3.)

495 4094 551 4103 -
575 4073 650 4120 Cr.
675 4076 836 4123 Schol.
860 4079 1001 4124 Basil.
1026 4078 1086 4126 T.
1110 4079 1188 4123 ΙΙΙ.
1212 4090 1262 4136 p.
1285 4074 1397 4124 416.
1422 4080 1522 4123 not.
1558 4075 1610 4124 h.
1985 4074 2034 4135 6)
2065 4079 2274 4135 Ulpiani
2293 4080 2368 4125 Fr.
2393 4080 2471 4126 vt.
2493 4078 2518 4131 S
2545 4074 2602 4122 14
2621 4099 2681 4109 -
2703 4073 2782 4123 17.
2800 4100 2856 4108 —-
2878 4076 2932 4121 L.
2956 4073 3043 4121 79.
3074 4074 3129 4119 Ι).
3156 4074 3229 4121 de
3246 4077 3321 4121 V.

1084 4178 1110 4232 ς
1135 4171 1250 4221 259.
1925 4138 2552 4255 ἂν-ὶηιὲειᾌὶῗὶὲὼέἱ.
2585 4142 2612 4196 S
2645 4141 2737 4185 ult.
2763 4139 2814 4184 L.
2838 4138 2889 4185 6.
2916 4142 2971 4186 t..
2991 4137 3043 4185 7.
3069 4148 3149 4195 pr.
3176 4139 3230 4183 D.
3256 4138 3327 4185 de

555 4263 603 4319 1)
630 4264 681 4309 L.
706 4277 791 4312 un.
819 4268 845 4322 S
865 4264 913 4313 4.
939 4268 989 4313 in
1012 4269 1049 4316 1.
1073 4271 1125 4315 C.
1150 4269 1218 4315 de
1248 4267 1369 4314 cad.
1403 4265 1512 4314 tou.
1550 4265 1656 4323 (vl,
1679 4261 1780 4320 51.)
1805 4287 1862 4299 --
1986 4260 2038 4320 7)
2075 4266 2127 4311 L.
2158 4263 2208 4312 8.
2228 4277 2304 4323 pr.
2330 4268 2383 4311 D.
2407 4265 2634 4328 depiyn.
2658 4268 2765 4313 act.
2786 4264 2944 4322 (ΧΙΙΙ,
2964 4261 3040 4321 7.)
3066 4286 3126 4294 -
3152 4263 3209 4308 L.
3236 4261 3327 4310 29.

495 4325 741 4381 Arg.1..7.
760 4340 833 4384 pr.
856 4330 1189 4388 u.depe1·.et
1206 4327 1655 4378 commmeivend.
1676 4327 1863 4387 (xvnt,
1926 4326 1975 4371 in
2000 4326 2037 4370 1.
2063 4328 2116 4374 D.
2142 4328 2273 4382 ram.
2297 4328 2484 4375 ercisc.
2510 4328 2569 4384 (x
2588 4362 2602 4385 ‚
2634 4328 2706 4380 2.)
2735 4352 2789 4360 -
2815 4328 2867 4371 L.
2901 4324 2950 4370 5.
2976 4327 3032 4371 C.
3064 4327 3138 4371 de
3161 4327 3222 4371 R.
3250 4328 3321 4372 V.

492 4385 563 4441 6.)
586 4411 645 4421 -
665 4390 717 4435 L.
735 4389 814 4436 10.
840 4391 895 4437 D.
918 4392 986 4438 de
1009 4395 1247 4456 req.jur.
1926 4388 2027 4444 (ΙΙΙ,
2046 4386 2150 4448 32.)
2173 4416 2232 4424 —
2252 4391 2326 4438 Cf.
2354 4392 2406 4436 L.
2429 4388 2479 4436 7.
2501 4392 2527 4445 S
2548 4391 2596 4435 2.
2622 4392 2675 4436 D.
2707 4388 2775 4436 de
2797 4386 2980 4441 usust.
3005 4389 3135 4446 (vlt,
3165 4387 3236 4444 1.)
3258 4412 3324 4423 -—

556 4450 604 4506 2)
633 4451 771 4497 Unde
810 4452 1050 4510 impensas
1087 4457 1149 4503 ab
1184 4454 1405 4513 expensis
1434 4451 1727 4500 recentiores
1761 4449 1864 4497 Jctl
1928 4452 1979 4497 L.
2006 4450 2083 4498 15.
2106 4455 2159 4500 D.
2183 4454 2251 4501 de
2268 4453 2389 4508 imp.
2412 4452 2467 4498 in
2490 4464 2578 4498 res
2596 4452 2703 4498 dol.
2726 4450 2859 4505 face.

494 4513 789 4569 distinguere
810 4517 982 4562 solent.
1985 4511 2033 4572 8)
2055 4516 2107 4561 L.
2128 4517 2175 4563 2.
2202 4519 2255 4563 L.
2279 4514 2360 4564 45.
2382 4516 2435 4561 D.
2461 4513 2526 4561 de
2549 4520 2724 4575 neqot.
2744 4518 2879 4574 qest.
2899 4539 2953 4547 —-
2970 4514 3117 4559 Caet.
3140 4513 3241 4559 vid.
3267 4516 3321 4560 1..

557 4575 831 4630 s)1..21.§
855 4578 900 4623 1.
928 4580 983 4626 o.
1007 4579 1073 4627 de
1096 4582 1266 4638 neyot.
1288 4582 1421 4639 qest.
1444 4578 1547 4634 (ιιι,
1565 4576 1635 4633 5.)
1657 4600 1716 4608 -
1733 4575 1786 4620 ι..
1809 4573 1859 4621 2.
1924 4573 2003 4622 38.
2024 4579 2078 4622 ι).
2104 4578 2169 4625 de
2191 4579 2307 4626 lter.
2327 4581 2434 4634 pet.
2452 4578 2531 4635 (v,
2553 4577 2621 4637 5.)
2651 4601 2711 4612 -
2732 4579 2787 4623 1..
2813 4590 2897 4623 un.
2924 4579 2951 4632 s
2985 4574 3036 4622 5.
3064 4577 3121 4621 c.
3147 4576 3219 4621 ae
3239 4579 3323 4623 rea·

497 4640 522 4694 s
546 4639 594 4683 2.
621 4638 675 4682 D.
696 4639 742 4686 si
758 4637 876 4696 quis
893 4641 1122 4699 aliquem
1155 4643 1343 4689 testari
1359 4639 1560 4697 prohib.
1584 4638 1768 4694 (xxix.
1794 4633 1865 4693 θ’)
1929 4651 2087 4686 vxor·
2111 4647 2218 4688 ac!-
2241 4642 2319 4699 (V,
2339 4638 2436 4697 ¹5·)

498 4725 552 4732 —
576 4703 626 4746 L.
652 4712 733 4746 un.
765 4703 790 4756 S
814 4697 860 4747 4.
881 4701 933 4748 C.
958 4703 1026 4750 de
1044 4703 1166 4752 cad.
1193 4705 1299 4751 toll.
1343 4729 1406 4738 —-
1448 4705 1499 4749 L.
1518 4698 1598 4748 53.
1622 4713 1694 4757 pr.
1717 4701 1771 4745 D.
1798 4698 1867 4744 de
1992 4701 2040 4755 9)
2066 4706 2116 4749 L.
2143 4703 2222 4751 27.
2248 4715 2322 4763 pr.
2347 4704 2396 4748 in
2419 4704 2459 4749 f.
2484 4705 2537 4749 D.
2564 4703 2634 4748 de
2654 4704 2980 4763 περιρρεῖ.
3009 4726 3066 4734 -
3092 4701 3147 4745 L.
3166 4698 3244 4745 38.
3274 4714 3320 4747 s.

493 4764 591 4824 leq.
615 4764 674 4809 ll.
696 4787 755 4795 -
779 4764 832 4809 L.
858 4762 906 4812 1.
929 4765 984 4813 C.
1005 4766 1203 4813 delier.
1226 4778 1277 4812 v.
1311 4770 1419 4815 act.
1442 4765 1600 4812 vend.
1626 4764 1704 4819 (lv
1722 4797 1738 4820 ,
1759 4759 1861 4819 59.)
1925 4767 2297 4814 consuluimus
2328 4777 2462 4825 seqq.
2494 4767 2550 4812 D.
2581 4764 2650 4811 de
2677 4767 2733 4810 R.
2758 4763 2827 4809 V.
2864 4766 2940 4816 <vl
2960 4798 2976 4819 ,
3002 4766 3072 4817 1.)
3108 4787 3163 4794 -
3194 4764 3247 4809 Ι..
3270 4766 3335 4823 3.,

495 4850 553 4859 -
575 4827 625 4871 Ι..
650 4823 728 4871 50.
749 4827 775 4880 S
797 4827 845 4872 2.
872 4829 925 4873 D.
950 4828 1017 4874 de
1033 4830 1130 4888 leq.
1153 4832 1189 4875 1.
1928 4830 1954 4883 S
1977 4827 2025 4877 4.
2051 4830 2106 4874 Ι).
2123 4829 2189 4876 de
2211 4829 2267 4877 in
2287 4838 2399 4874 rem
2420 4839 2593 4875 ver-so.
2612 4829 2708 4883 (xv
2750 4825 2943 4882 5.)·-L.
2961 4825 3014 4873 9.
3036 4828 3093 4873 D.
3115 4825 3323 4883 deimp.

556 4885 604 4947 4)
628 4889 678 4934 ι..
705 4900 789 4932 un».
810 4889 864 4934 c.
888 4902 995 4937 rem
1018 4893 1178 4937 auen.
1198 4889 1462 4949 ,qm-entia
1489 4903 1600 4937 non
1619 4887 1862 4938 interdici
1927 4891 1981 4938 {n
2007 4901 2095 4938 res
2117 4892 2225 4938 dot.
2243 4889 2372 4953 fact.
2394 4916 2453 4924 -
2472 4891 2524 4936 1..
2546 4888 2624 4936 52.
2647 4892 2674 4947 s
2692 4860 2742 4936 ἐ.
2771 4887 2826 4935 ι).
2854 4888 2926 4933 de
2947 4889 3098 4934 adm.
3126 4894 3186 4934 et
3199 4903 3323 4947 per.

493 4961 677 4998 rerum
697 4961 846 4999 suar.
867 4953 1086 5001 alienat.
1105 4955 1205 5012 (tv,
1225 4951 1324 5010 53.)
1339 4979 1395 4989 —
1411 4956 1464 5000 L.
1486 4954 1567 5002 3⁶.
1592 4955 1647 5000 D.
1669 4952 1867 5009 dejure
1931 4957 2030 5002 tue.
2054 4953 2239 5016 (xxvi,
2257 4953 2331 5010 7.)
2353 4977 2412 4990 ·-
2436 4955 2486 5000 L.
2512 4951 2588 4999 19.
2613 4955 2640 5009 ς
2660 4951 2706 5001 4.
2732 4953 2786 4999 D.
2806 4953 2907 4999 loc.
2932 4951 3079 5007 (Xlx.
3108 4951 3181 5008 2.)
