<?xml version="1.0" encoding="UTF-8"?>
<!DOCTYPE html PUBLIC "-//W3C//DTD XHTML 1.0 Transitional//EN"
    "http://www.w3.org/TR/xhtml1/DTD/xhtml1-transitional.dtd">
<html xmlns="http://www.w3.org/1999/xhtml" xml:lang="en" lang="en">
 <head>
  <title>
</title>
<meta http-equiv="Content-Type" content="text/html;charset=utf-8" />
  <meta name='ocr-system' content='tesseract 3.04.00' />
  <meta name='ocr-capabilities' content='ocr_page ocr_carea ocr_par ocr_line ocrx_word'/>
</head>
<body>
  <div class='ocr_page' id='page_1' title='image "./doctrinapandect03mhgoog/doctrinapandect03mhgoog_0652.png"; bbox 0 0 3544 5506; ppageno 0'>
   <div class='ocr_carea' id='block_1_1' title="bbox 507 325 2623 382">
    <p class='ocr_par' dir='ltr' id='par_1_1' title="bbox 507 325 2623 382">
     <span class='ocr_line' id='line_1_1' title="bbox 507 325 2623 382; baseline -0.001 -1"><span class='ocrx_word' id='word_1_1' title='bbox 507 325 625 382; x_wconf 76' lang='lat'><strong>630</strong></span> <span class='ocrx_word' id='word_1_2' title='bbox 1224 336 1375 379; x_wconf 67' lang='lat' dir='ltr'><strong>rsus</strong></span> <span class='ocrx_word' id='word_1_3' title='bbox 1410 336 1569 379; x_wconf 66' lang='lat' dir='ltr'><strong>snm.</strong></span> <span class='ocrx_word' id='word_1_4' title='bbox 1607 336 1727 380; x_wconf 82' lang='lat' dir='ltr'><strong>m.</strong></span> <span class='ocrx_word' id='word_1_5' title='bbox 1765 336 1832 379; x_wconf 81' lang='lat' dir='ltr'><strong>v.</strong></span> <span class='ocrx_word' id='word_1_6' title='bbox 1871 336 1948 379; x_wconf 65' lang='lat' dir='ltr'><strong>mi</strong></span> <span class='ocrx_word' id='word_1_7' title='bbox 1983 335 2412 380; x_wconf 69' lang='lat' dir='ltr'><strong>annu-uun</strong></span> <span class='ocrx_word' id='word_1_8' title='bbox 2450 334 2623 379; x_wconf 69' lang='lat' dir='ltr'><strong>mat.</strong></span> 
     </span>
    </p>
   </div>
   <div class='ocr_carea' id='block_1_2' title="bbox 512 442 3318 1801">
    <p class='ocr_par' dir='ltr' id='par_1_2' title="bbox 512 442 3318 1801">
     <span class='ocr_line' id='line_1_2' title="bbox 512 442 3313 522; baseline 0.001 -16"><span class='ocrx_word' id='word_1_9' title='bbox 512 448 595 507; x_wconf 89' lang='lat' dir='ltr'><strong>de</strong></span> <span class='ocrx_word' id='word_1_10' title='bbox 623 448 975 508; x_wconf 84' lang='lat' dir='ltr'><strong>hereditate</strong></span> <span class='ocrx_word' id='word_1_11' title='bbox 995 447 1109 506; x_wconf 89' lang='lat' dir='ltr'><strong>sibi</strong></span> <span class='ocrx_word' id='word_1_12' title='bbox 1139 446 1432 506; x_wconf 89' lang='lat' dir='ltr'><strong>habenda</strong></span> <span class='ocrx_word' id='word_1_13' title='bbox 1459 464 1497 505; x_wconf 91' lang='lat' dir='ltr'><strong>a</strong></span> <span class='ocrx_word' id='word_1_14' title='bbox 1523 452 1893 507; x_wconf 77' lang='lat' dir='ltr'><strong>successore</strong></span> <span class='ocrx_word' id='word_1_15' title='bbox 1918 447 2087 506; x_wconf 84' lang='lat' dir='ltr'><strong>facta</strong></span> <span class='ocrx_word' id='word_1_16' title='bbox 2112 492 2129 516; x_wconf 85' lang='lat'><strong>,</strong></span> <span class='ocrx_word' id='word_1_17' title='bbox 2159 447 2553 521; x_wconf 86' lang='lat' dir='ltr'><strong>acquirendo</strong></span> <span class='ocrx_word' id='word_1_18' title='bbox 2574 448 2705 522; x_wconf 71' lang='lat' dir='ltr'><strong>Juri</strong></span> <span class='ocrx_word' id='word_1_19' title='bbox 2733 442 3063 507; x_wconf 83' lang='lat' dir='ltr'><strong>sufficeret</strong></span> <span class='ocrx_word' id='word_1_20' title='bbox 3086 443 3161 519; x_wconf 85' lang='lat'><strong>²).</strong></span> <span class='ocrx_word' id='word_1_21' title='bbox 3189 442 3313 508; x_wconf 79' lang='lat' dir='ltr'><strong>Nec</strong></span> 
     </span>
     <span class='ocr_line' id='line_1_3' title="bbox 513 541 3311 618; baseline 0.001 -18"><span class='ocrx_word' id='word_1_22' title='bbox 513 559 817 616; x_wconf 88' lang='lat' dir='ltr'><strong>umquam</strong></span> <span class='ocrx_word' id='word_1_23' title='bbox 866 543 1249 617; x_wconf 85' lang='lat' dir='ltr'><strong>prohibitum</strong></span> <span class='ocrx_word' id='word_1_24' title='bbox 1291 550 1428 612; x_wconf 88' lang='lat' dir='ltr'><strong>est,</strong></span> <span class='ocrx_word' id='word_1_25' title='bbox 1470 560 1600 617; x_wconf 88' lang='lat' dir='ltr'><strong>quo</strong></span> <span class='ocrx_word' id='word_1_26' title='bbox 1632 543 1842 601; x_wconf 90' lang='lat' dir='ltr'><strong>minus</strong></span> <span class='ocrx_word' id='word_1_27' title='bbox 1880 560 1997 616; x_wconf 88' lang='lat' dir='ltr'><strong>per</strong></span> <span class='ocrx_word' id='word_1_28' title='bbox 2032 552 2521 616; x_wconf 86' lang='lat' dir='ltr'><strong>procuratorem</strong></span> <span class='ocrx_word' id='word_1_29' title='bbox 2567 541 2694 618; x_wconf 86' lang='lat' dir='ltr'><strong>peti</strong></span> <span class='ocrx_word' id='word_1_30' title='bbox 2737 551 2957 617; x_wconf 88' lang='lat' dir='ltr'><strong>posset</strong></span> <span class='ocrx_word' id='word_1_31' title='bbox 2999 546 3311 602; x_wconf 82' lang='lat' dir='ltr'><strong>bonorum</strong></span> 
     </span>
     <span class='ocr_line' id='line_1_4' title="bbox 514 637 3305 714; baseline -0.002 -15"><span class='ocrx_word' id='word_1_32' title='bbox 514 641 824 714; x_wconf 73' lang='lat' dir='ltr'>possessio</span> <span class='ocrx_word' id='word_1_33' title='bbox 845 637 915 713; x_wconf 79' lang='lat'><strong>³),</strong></span> <span class='ocrx_word' id='word_1_34' title='bbox 931 641 1023 698; x_wconf 90' lang='lat' dir='ltr'><strong>his</strong></span> <span class='ocrx_word' id='word_1_35' title='bbox 1041 647 1241 711; x_wconf 90' lang='lat' dir='ltr'><strong>certe,</strong></span> <span class='ocrx_word' id='word_1_36' title='bbox 1257 643 1365 712; x_wconf 90' lang='lat' dir='ltr'><strong>qui</strong></span> <span class='ocrx_word' id='word_1_37' title='bbox 1389 654 1519 698; x_wconf 91' lang='lat' dir='ltr'><strong>non</strong></span> <span class='ocrx_word' id='word_1_38' title='bbox 1541 647 1615 698; x_wconf 90' lang='lat' dir='ltr'><strong>ut</strong></span> <span class='ocrx_word' id='word_1_39' title='bbox 1635 641 1998 713; x_wconf 74' lang='lat' dir='ltr'><strong>impuberes</strong></span> <span class='ocrx_word' id='word_1_40' title='bbox 2012 657 2089 699; x_wconf 91' lang='lat' dir='ltr'><strong>ac</strong></span> <span class='ocrx_word' id='word_1_41' title='bbox 2107 640 2326 700; x_wconf 89' lang='lat' dir='ltr'><strong>furiosi</strong></span> <span class='ocrx_word' id='word_1_42' title='bbox 2346 641 2466 699; x_wconf 89' lang='lat' dir='ltr'><strong>sub</strong></span> <span class='ocrx_word' id='word_1_43' title='bbox 2487 642 2689 699; x_wconf 89' lang='lat' dir='ltr'><strong>tutela</strong></span> <span class='ocrx_word' id='word_1_44' title='bbox 2710 647 2924 699; x_wconf 85' lang='lat' dir='ltr'><strong>essent</strong></span> <span class='ocrx_word' id='word_1_45' title='bbox 2946 642 3053 698; x_wconf 80' lang='lat' dir='ltr'><strong>vel</strong></span> <span class='ocrx_word' id='word_1_46' title='bbox 3078 637 3305 711; x_wconf 79' lang='lat' dir='ltr'><strong>cura‘J.</strong></span> 
     </span>
     <span class='ocr_line' id='line_1_5' title="bbox 514 726 3313 817; baseline 0 -19"><span class='ocrx_word' id='word_1_47' title='bbox 514 741 820 817; x_wconf 85' lang='lat' dir='ltr'><strong>Quoniam</strong></span> <span class='ocrx_word' id='word_1_48' title='bbox 844 726 1085 817; x_wconf 88' lang='lat' dir='ltr'><strong>autem,</strong></span> <span class='ocrx_word' id='word_1_49' title='bbox 1115 742 1290 814; x_wconf 87' lang='lat' dir='ltr'><strong>quod</strong></span> <span class='ocrx_word' id='word_1_50' title='bbox 1320 743 1403 799; x_wconf 89' lang='lat' dir='ltr'><strong>ad</strong></span> <span class='ocrx_word' id='word_1_51' title='bbox 1430 742 1554 799; x_wconf 81' lang='lat' dir='ltr'><strong>vim</strong></span> <span class='ocrx_word' id='word_1_52' title='bbox 1580 742 1807 800; x_wconf 78' lang='lat' dir='ltr'><strong>attinet</strong></span> <span class='ocrx_word' id='word_1_53' title='bbox 1834 758 1911 800; x_wconf 91' lang='lat' dir='ltr'><strong>ac</strong></span> <span class='ocrx_word' id='word_1_54' title='bbox 1935 749 2321 815; x_wconf 82' lang='lat' dir='ltr'><strong>potestatem</strong></span> <span class='ocrx_word' id='word_1_55' title='bbox 2349 744 2513 817; x_wconf 83' lang='lat' dir='ltr'><strong>juris</strong></span> <span class='ocrx_word' id='word_1_56' title='bbox 2531 786 2547 815; x_wconf 93' lang='lat'><strong>,</strong></span> <span class='ocrx_word' id='word_1_57' title='bbox 2574 740 2725 801; x_wconf 88' lang='lat' dir='ltr'><strong>nihil</strong></span> <span class='ocrx_word' id='word_1_58' title='bbox 2756 749 2853 801; x_wconf 87' lang='lat' dir='ltr'><strong>est</strong></span> <span class='ocrx_word' id='word_1_59' title='bbox 2874 744 3053 800; x_wconf 83' lang='lat' dir='ltr'><strong>inter</strong></span> <span class='ocrx_word' id='word_1_60' title='bbox 3079 741 3313 799; x_wconf 84' lang='lat' dir='ltr'><strong>heredi-</strong></span> 
     </span>
     <span class='ocr_line' id='line_1_6' title="bbox 512 841 3315 918; baseline -0.001 -18"><span class='ocrx_word' id='word_1_61' title='bbox 512 845 707 901; x_wconf 81' lang='lat' dir='ltr'><strong>tatem</strong></span> <span class='ocrx_word' id='word_1_62' title='bbox 731 848 795 899; x_wconf 92' lang='lat' dir='ltr'><strong>et</strong></span> <span class='ocrx_word' id='word_1_63' title='bbox 828 843 1145 899; x_wconf 90' lang='lat' dir='ltr'><strong>honorum</strong></span> <span class='ocrx_word' id='word_1_64' title='bbox 1184 842 1672 913; x_wconf 89' lang='lat' dir='ltr'><strong>possessionem,</strong></span> <span class='ocrx_word' id='word_1_65' title='bbox 1708 844 1882 916; x_wconf 92' lang='lat' dir='ltr'><strong>quod</strong></span> <span class='ocrx_word' id='word_1_66' title='bbox 1906 843 2160 901; x_wconf 78' lang='lat' dir='ltr'><strong>differat</strong></span> <span class='ocrx_word' id='word_1_67' title='bbox 2197 841 2246 916; x_wconf 82' lang='lat'><strong>⁵)</strong></span> <span class='ocrx_word' id='word_1_68' title='bbox 2267 892 2282 916; x_wconf 95' lang='lat'><strong>,</strong></span> <span class='ocrx_word' id='word_1_69' title='bbox 2315 845 2379 901; x_wconf 91' lang='lat' dir='ltr'><strong>id</strong></span> <span class='ocrx_word' id='word_1_70' title='bbox 2413 845 2546 918; x_wconf 86' lang='lat' dir='ltr'><strong>jam</strong></span> <span class='ocrx_word' id='word_1_71' title='bbox 2586 844 2767 901; x_wconf 85' lang='lat' dir='ltr'><strong>nobis</strong></span> <span class='ocrx_word' id='word_1_72' title='bbox 2806 842 3170 915; x_wconf 74' lang='lat' dir='ltr'><strong>praecipue</strong></span> <span class='ocrx_word' id='word_1_73' title='bbox 3202 842 3315 899; x_wconf 83' lang='lat' dir='ltr'><strong>erit</strong></span> 
     </span>
     <span class='ocr_line' id='line_1_7' title="bbox 514 938 3313 1015; baseline -0 -17"><span class='ocrx_word' id='word_1_74' title='bbox 514 941 984 1012; x_wconf 78' lang='lat' dir='ltr'><strong>anquirendum</strong></span> <span class='ocrx_word' id='word_1_75' title='bbox 1014 957 1213 1003; x_wconf 78' lang='lat' dir='ltr'><strong>:num</strong></span> <span class='ocrx_word' id='word_1_76' title='bbox 1242 942 1392 1012; x_wconf 83' lang='lat' dir='ltr'><strong>legis</strong></span> <span class='ocrx_word' id='word_1_77' title='bbox 1412 986 1428 1012; x_wconf 94' lang='lat'><strong>,</strong></span> <span class='ocrx_word' id='word_1_78' title='bbox 1461 957 1657 1014; x_wconf 85' lang='lat' dir='ltr'><strong>quam</strong></span> <span class='ocrx_word' id='word_1_79' title='bbox 1677 943 1758 1000; x_wconf 92' lang='lat' dir='ltr'><strong>de</strong></span> <span class='ocrx_word' id='word_1_80' title='bbox 1782 943 2077 1000; x_wconf 87' lang='lat' dir='ltr'><strong>aditionis</strong></span> <span class='ocrx_word' id='word_1_81' title='bbox 2107 950 2403 1015; x_wconf 85' lang='lat' dir='ltr'><strong>tempore</strong></span> <span class='ocrx_word' id='word_1_82' title='bbox 2433 949 2497 1001; x_wconf 93' lang='lat' dir='ltr'><strong>et</strong></span> <span class='ocrx_word' id='word_1_83' title='bbox 2520 938 2879 1000; x_wconf 74' lang='lat' dir='ltr'><strong>inventario</strong></span> <span class='ocrx_word' id='word_1_84' title='bbox 2918 939 3313 999; x_wconf 78' lang='lat' dir='ltr'><strong>Justinianus</strong></span> 
     </span>
     <span class='ocr_line' id='line_1_8' title="bbox 513 1033 3313 1111; baseline 0 -19"><span class='ocrx_word' id='word_1_85' title='bbox 513 1033 712 1093; x_wconf 82' lang='lat' dir='ltr'><strong>edidit</strong></span> <span class='ocrx_word' id='word_1_86' title='bbox 740 1037 797 1110; x_wconf 87' lang='lat'><strong>(§</strong></span> <span class='ocrx_word' id='word_1_87' title='bbox 829 1037 969 1095; x_wconf 81' lang='lat'><strong>695.</strong></span> <span class='ocrx_word' id='word_1_88' title='bbox 1007 1053 1102 1094; x_wconf 90' lang='lat' dir='ltr'><strong>nr.</strong></span> <span class='ocrx_word' id='word_1_89' title='bbox 1128 1039 1159 1094; x_wconf 90' lang='lat'>1</span> <span class='ocrx_word' id='word_1_90' title='bbox 1195 1048 1323 1110; x_wconf 83' lang='lat' dir='ltr'><strong>sq.)</strong></span> <span class='ocrx_word' id='word_1_91' title='bbox 1349 1080 1367 1111; x_wconf 86' lang='lat'><strong>,</strong></span> <span class='ocrx_word' id='word_1_92' title='bbox 1398 1054 1550 1096; x_wconf 86' lang='lat' dir='ltr'><strong>usus</strong></span> <span class='ocrx_word' id='word_1_93' title='bbox 1587 1038 1814 1109; x_wconf 89' lang='lat' dir='ltr'><strong>aliquis</strong></span> <span class='ocrx_word' id='word_1_94' title='bbox 1853 1038 1933 1095; x_wconf 88' lang='lat' dir='ltr'><strong>sit</strong></span> <span class='ocrx_word' id='word_1_95' title='bbox 1966 1038 2029 1095; x_wconf 91' lang='lat' dir='ltr'><strong>in</strong></span> <span class='ocrx_word' id='word_1_96' title='bbox 2067 1040 2387 1096; x_wconf 89' lang='lat' dir='ltr'><strong>honorum</strong></span> <span class='ocrx_word' id='word_1_97' title='bbox 2421 1037 2925 1110; x_wconf 74' lang='lat' dir='ltr'><strong>possessionibus</strong></span> <span class='ocrx_word' id='word_1_98' title='bbox 2948 1041 2977 1093; x_wconf 72' lang='grc' dir='ltr'><strong>ἰ’</strong></span> <span class='ocrx_word' id='word_1_99' title='bbox 3035 1041 3129 1095; x_wconf 87' lang='lat' dir='ltr'><strong>De</strong></span> <span class='ocrx_word' id='word_1_100' title='bbox 3160 1051 3313 1109; x_wconf 86' lang='lat' dir='ltr'><strong>quo,</strong></span> 
     </span>
     <span class='ocr_line' id='line_1_9' title="bbox 513 1132 3315 1208; baseline 0.001 -19"><span class='ocrx_word' id='word_1_101' title='bbox 513 1147 660 1189; x_wconf 91' lang='lat' dir='ltr'><strong>cum</strong></span> <span class='ocrx_word' id='word_1_102' title='bbox 688 1132 842 1189; x_wconf 90' lang='lat' dir='ltr'><strong>nihil</strong></span> <span class='ocrx_word' id='word_1_103' title='bbox 867 1133 1107 1204; x_wconf 84' lang='lat' dir='ltr'><strong>legibus</strong></span> <span class='ocrx_word' id='word_1_104' title='bbox 1127 1139 1435 1191; x_wconf 87' lang='lat' dir='ltr'><strong>statutum</strong></span> <span class='ocrx_word' id='word_1_105' title='bbox 1467 1136 1547 1192; x_wconf 90' lang='lat' dir='ltr'><strong>sit</strong></span> <span class='ocrx_word' id='word_1_106' title='bbox 1569 1177 1587 1208; x_wconf 87' lang='lat'>‚</span> <span class='ocrx_word' id='word_1_107' title='bbox 1612 1149 1782 1206; x_wconf 90' lang='lat' dir='ltr'><strong>quae</strong></span> <span class='ocrx_word' id='word_1_108' title='bbox 1807 1134 2239 1207; x_wconf 75' lang='lat' dir='ltr'><strong>probabiliora</strong></span> <span class='ocrx_word' id='word_1_109' title='bbox 2258 1141 2407 1193; x_wconf 87' lang='lat' dir='ltr'><strong>sunt</strong></span> <span class='ocrx_word' id='word_1_110' title='bbox 2427 1175 2443 1201; x_wconf 89' lang='lat'><strong>,</strong></span> <span class='ocrx_word' id='word_1_111' title='bbox 2467 1136 2645 1207; x_wconf 88' lang='lat' dir='ltr'><strong>sequi</strong></span> <span class='ocrx_word' id='word_1_112' title='bbox 2669 1133 2909 1193; x_wconf 86' lang='lat' dir='ltr'><strong>licebit.</strong></span> <span class='ocrx_word' id='word_1_113' title='bbox 2943 1132 2983 1191; x_wconf 86' lang='lat' dir='ltr'>J</span> <span class='ocrx_word' id='word_1_114' title='bbox 2989 1149 3101 1190; x_wconf 86' lang='lat' dir='ltr'><strong>am</strong></span> <span class='ocrx_word' id='word_1_115' title='bbox 3126 1149 3278 1192; x_wconf 72' lang='lat' dir='ltr'><strong>vero</strong></span> <span class='ocrx_word' id='word_1_116' title='bbox 3298 1178 3315 1203; x_wconf 83' lang='lat'><strong>,</strong></span> 
     </span>
     <span class='ocr_line' id='line_1_10' title="bbox 513 1233 3318 1308; baseline 0 -19"><span class='ocrx_word' id='word_1_117' title='bbox 513 1246 660 1289; x_wconf 87' lang='lat' dir='ltr'><strong>cum</strong></span> <span class='ocrx_word' id='word_1_118' title='bbox 689 1233 770 1290; x_wconf 89' lang='lat' dir='ltr'><strong>de</strong></span> <span class='ocrx_word' id='word_1_119' title='bbox 799 1234 1188 1305; x_wconf 89' lang='lat' dir='ltr'><strong>acquirendo</strong></span> <span class='ocrx_word' id='word_1_120' title='bbox 1224 1234 1636 1292; x_wconf 88' lang='lat' dir='ltr'><strong>successionis</strong></span> <span class='ocrx_word' id='word_1_121' title='bbox 1656 1234 1807 1306; x_wconf 86' lang='lat' dir='ltr'><strong>jnre</strong></span> <span class='ocrx_word' id='word_1_122' title='bbox 1842 1234 2178 1307; x_wconf 86' lang='lat' dir='ltr'><strong>quaeritur</strong></span> <span class='ocrx_word' id='word_1_123' title='bbox 2204 1281 2220 1308; x_wconf 88' lang='lat'><strong>,</strong></span> <span class='ocrx_word' id='word_1_124' title='bbox 2259 1234 2384 1292; x_wconf 90' lang='lat' dir='ltr'><strong>hoc</strong></span> <span class='ocrx_word' id='word_1_125' title='bbox 2408 1236 2509 1293; x_wconf 81' lang='lat' dir='ltr'><strong>vel</strong></span> <span class='ocrx_word' id='word_1_126' title='bbox 2547 1233 2816 1292; x_wconf 86' lang='lat' dir='ltr'><strong>maxime</strong></span> <span class='ocrx_word' id='word_1_127' title='bbox 2843 1233 3129 1291; x_wconf 86' lang='lat' dir='ltr'><strong>interest</strong></span> <span class='ocrx_word' id='word_1_128' title='bbox 3162 1233 3318 1290; x_wconf 87' lang='lat' dir='ltr'><strong>inter</strong></span> 
     </span>
     <span class='ocr_line' id='line_1_11' title="bbox 515 1329 3316 1408; baseline 0.001 -22"><span class='ocrx_word' id='word_1_129' title='bbox 515 1329 782 1389; x_wconf 88' lang='lat' dir='ltr'><strong>heredes</strong></span> <span class='ocrx_word' id='word_1_130' title='bbox 809 1338 876 1390; x_wconf 91' lang='lat' dir='ltr'><strong>et</strong></span> <span class='ocrx_word' id='word_1_131' title='bbox 911 1334 1227 1392; x_wconf 90' lang='lat' dir='ltr'><strong>bonorum</strong></span> <span class='ocrx_word' id='word_1_132' title='bbox 1251 1348 1642 1405; x_wconf 73' lang='lat' dir='ltr'><strong>possessores</strong></span> <span class='ocrx_word' id='word_1_133' title='bbox 1661 1371 1678 1400; x_wconf 90' lang='lat'>‚</span> <span class='ocrx_word' id='word_1_134' title='bbox 1711 1336 1887 1407; x_wconf 89' lang='lat' dir='ltr'><strong>quod</strong></span> <span class='ocrx_word' id='word_1_135' title='bbox 1910 1331 2003 1392; x_wconf 89' lang='lat' dir='ltr'><strong>his</strong></span> <span class='ocrx_word' id='word_1_136' title='bbox 2026 1335 2285 1408; x_wconf 87' lang='lat' dir='ltr'><strong>quidem</strong></span> <span class='ocrx_word' id='word_1_137' title='bbox 2318 1341 2549 1392; x_wconf 89' lang='lat' dir='ltr'><strong>contra</strong></span> <span class='ocrx_word' id='word_1_138' title='bbox 2582 1334 2780 1392; x_wconf 88' lang='lat' dir='ltr'><strong>stricti</strong></span> <span class='ocrx_word' id='word_1_139' title='bbox 2805 1334 2975 1406; x_wconf 85' lang='lat' dir='ltr'><strong>juris</strong></span> <span class='ocrx_word' id='word_1_140' title='bbox 3004 1333 3316 1391; x_wconf 87' lang='lat' dir='ltr'><strong>rationem</strong></span> 
     </span>
     <span class='ocr_line' id='line_1_12' title="bbox 515 1432 3318 1507; baseline 0 -19"><span class='ocrx_word' id='word_1_141' title='bbox 515 1435 580 1488; x_wconf 89' lang='lat' dir='ltr'><strong>et</strong></span> <span class='ocrx_word' id='word_1_142' title='bbox 603 1432 775 1489; x_wconf 81' lang='lat' dir='ltr'><strong>velut</strong></span> <span class='ocrx_word' id='word_1_143' title='bbox 804 1433 1307 1491; x_wconf 79' lang='lat' dir='ltr'><strong>extraordinario</strong></span> <span class='ocrx_word' id='word_1_144' title='bbox 1338 1434 1566 1493; x_wconf 83' lang='lat' dir='ltr'><strong>auxilio</strong></span> <span class='ocrx_word' id='word_1_145' title='bbox 1609 1432 1844 1492; x_wconf 87' lang='lat' dir='ltr'><strong>deferri</strong></span> <span class='ocrx_word' id='word_1_146' title='bbox 1893 1434 2147 1492; x_wconf 80' lang='lat' dir='ltr'><strong>videtur</strong></span> <span class='ocrx_word' id='word_1_147' title='bbox 2175 1434 2496 1491; x_wconf 83' lang='lat' dir='ltr'><strong>hereditas</strong></span> <span class='ocrx_word' id='word_1_148' title='bbox 2519 1434 2692 1507; x_wconf 89' lang='lat' dir='ltr'><strong>(not.</strong></span> <span class='ocrx_word' id='word_1_149' title='bbox 2723 1449 2860 1506; x_wconf 88' lang='lat' dir='ltr'><strong>seq.</strong></span> <span class='ocrx_word' id='word_1_150' title='bbox 2889 1433 2955 1489; x_wconf 89' lang='lat' dir='ltr'><strong>in</strong></span> <span class='ocrx_word' id='word_1_151' title='bbox 2999 1432 3046 1489; x_wconf 85' lang='lat' dir='ltr'><strong>f.</strong></span> <span class='ocrx_word' id='word_1_152' title='bbox 3068 1432 3120 1504; x_wconf 87' lang='grc'><strong>);</strong></span> <span class='ocrx_word' id='word_1_153' title='bbox 3148 1433 3318 1505; x_wconf 81' lang='lat' dir='ltr'><strong>cujus</strong></span> 
     </span>
     <span class='ocr_line' id='line_1_13' title="bbox 516 1527 3317 1609; baseline 0.001 -23"><span class='ocrx_word' id='word_1_154' title='bbox 516 1527 914 1590; x_wconf 68' lang='lat' dir='ltr'><strong>differentiae</strong></span> <span class='ocrx_word' id='word_1_155' title='bbox 936 1539 1004 1590; x_wconf 91' lang='lat' dir='ltr'><strong>et</strong></span> <span class='ocrx_word' id='word_1_156' title='bbox 1034 1533 1124 1589; x_wconf 81' lang='lat' dir='ltr'><strong>vis</strong></span> <span class='ocrx_word' id='word_1_157' title='bbox 1148 1538 1215 1590; x_wconf 91' lang='lat' dir='ltr'><strong>et</strong></span> <span class='ocrx_word' id='word_1_158' title='bbox 1244 1533 1477 1591; x_wconf 89' lang='lat' dir='ltr'><strong>utilitas</strong></span> <span class='ocrx_word' id='word_1_159' title='bbox 1499 1547 1578 1591; x_wconf 90' lang='lat' dir='ltr'><strong>eo</strong></span> <span class='ocrx_word' id='word_1_160' title='bbox 1605 1534 2001 1606; x_wconf 87' lang='lat' dir='ltr'><strong>potissimum</strong></span> <span class='ocrx_word' id='word_1_161' title='bbox 2033 1535 2320 1592; x_wconf 87' lang='lat' dir='ltr'><strong>cernitur</strong></span> <span class='ocrx_word' id='word_1_162' title='bbox 2341 1578 2359 1609; x_wconf 87' lang='lat'>‚</span> <span class='ocrx_word' id='word_1_163' title='bbox 2393 1536 2563 1607; x_wconf 90' lang='lat' dir='ltr'><strong>quod</strong></span> <span class='ocrx_word' id='word_1_164' title='bbox 2588 1534 2780 1591; x_wconf 84' lang='lat' dir='ltr'><strong>etiam</strong></span> <span class='ocrx_word' id='word_1_165' title='bbox 2808 1533 3167 1591; x_wconf 72' lang='lat' dir='ltr'><strong>novissimo</strong></span> <span class='ocrx_word' id='word_1_166' title='bbox 3184 1533 3317 1604; x_wconf 73' lang='lat' dir='ltr'><strong>iure</strong></span> 
     </span>
     <span class='ocr_line' id='line_1_14' title="bbox 518 1627 3317 1708; baseline 0 -21"><span class='ocrx_word' id='word_1_167' title='bbox 518 1629 584 1688; x_wconf 90' lang='lat' dir='ltr'><strong>b.</strong></span> <span class='ocrx_word' id='word_1_168' title='bbox 622 1645 687 1701; x_wconf 91' lang='lat' dir='ltr'><strong>p.</strong></span> <span class='ocrx_word' id='word_1_169' title='bbox 721 1632 892 1703; x_wconf 89' lang='lat' dir='ltr'><strong>apud</strong></span> <span class='ocrx_word' id='word_1_170' title='bbox 909 1633 1189 1706; x_wconf 88' lang='lat' dir='ltr'><strong>judicem</strong></span> <span class='ocrx_word' id='word_1_171' title='bbox 1212 1635 1484 1706; x_wconf 86' lang='lat' dir='ltr'><strong>petenda</strong></span> <span class='ocrx_word' id='word_1_172' title='bbox 1514 1634 1610 1699; x_wconf 85' lang='lat' dir='ltr'><strong>sit,</strong></span> <span class='ocrx_word' id='word_1_173' title='bbox 1634 1641 1771 1692; x_wconf 92' lang='lat' dir='ltr'><strong>tum</strong></span> <span class='ocrx_word' id='word_1_174' title='bbox 1802 1630 1971 1692; x_wconf 88' lang='lat' dir='ltr'><strong>intra</strong></span> <span class='ocrx_word' id='word_1_175' title='bbox 2001 1641 2296 1708; x_wconf 83' lang='lat' dir='ltr'><strong>tempora</strong></span> <span class='ocrx_word' id='word_1_176' title='bbox 2334 1634 2544 1706; x_wconf 87' lang='lat' dir='ltr'><strong>prisco</strong></span> <span class='ocrx_word' id='word_1_177' title='bbox 2565 1634 2715 1706; x_wconf 84' lang='lat' dir='ltr'><strong>jure</strong></span> <span class='ocrx_word' id='word_1_178' title='bbox 2752 1633 3117 1690; x_wconf 85' lang='lat' dir='ltr'><strong>constituta</strong></span> <span class='ocrx_word' id='word_1_179' title='bbox 3147 1627 3215 1702; x_wconf 77' lang='lat'><strong>⁶).</strong></span> <span class='ocrx_word' id='word_1_180' title='bbox 3244 1627 3317 1687; x_wconf 78' lang='lat' dir='ltr'><strong>Ex</strong></span> 
     </span>
     <span class='ocr_line' id='line_1_15' title="bbox 518 1723 3318 1801; baseline 0 -19"><span class='ocrx_word' id='word_1_181' title='bbox 518 1740 648 1796; x_wconf 85' lang='lat' dir='ltr'><strong>quo</strong></span> <span class='ocrx_word' id='word_1_182' title='bbox 668 1725 850 1785; x_wconf 87' lang='lat' dir='ltr'><strong>facile</strong></span> <span class='ocrx_word' id='word_1_183' title='bbox 863 1729 1204 1799; x_wconf 81' lang='lat' dir='ltr'><strong>colligitur,</strong></span> <span class='ocrx_word' id='word_1_184' title='bbox 1225 1744 1394 1801; x_wconf 91' lang='lat' dir='ltr'><strong>quae</strong></span> <span class='ocrx_word' id='word_1_185' title='bbox 1405 1731 1485 1786; x_wconf 91' lang='lat' dir='ltr'><strong>de</strong></span> <span class='ocrx_word' id='word_1_186' title='bbox 1503 1729 1872 1788; x_wconf 89' lang='lat' dir='ltr'><strong>hereditatis</strong></span> <span class='ocrx_word' id='word_1_187' title='bbox 1885 1724 2054 1787; x_wconf 82' lang='lat' dir='ltr'><strong>intra</strong></span> <span class='ocrx_word' id='word_1_188' title='bbox 2082 1738 2209 1788; x_wconf 86' lang='lat' dir='ltr'><strong>tres</strong></span> <span class='ocrx_word' id='word_1_189' title='bbox 2226 1745 2475 1788; x_wconf 86' lang='lat' dir='ltr'><strong>menses</strong></span> <span class='ocrx_word' id='word_1_190' title='bbox 2491 1729 2931 1800; x_wconf 88' lang='lat' dir='ltr'><strong>repudiandae</strong></span> <span class='ocrx_word' id='word_1_191' title='bbox 2942 1723 3318 1785; x_wconf 82' lang='lat' dir='ltr'><strong>necessitate</strong></span> 
     </span>
    </p>
   </div>
   <div class='ocr_carea' id='block_1_3' title="bbox 517 1825 3317 2094">
    <p class='ocr_par' dir='ltr' id='par_1_3' title="bbox 517 1825 3317 2094">
     <span class='ocr_line' id='line_1_16' title="bbox 517 1825 3317 1903; baseline -0 -22"><span class='ocrx_word' id='word_1_192' title='bbox 517 1826 906 1885; x_wconf 71' lang='lat' dir='ltr'><strong>Iustinianus</strong></span> <span class='ocrx_word' id='word_1_193' title='bbox 936 1829 1228 1894; x_wconf 81' lang='lat' dir='ltr'><strong>sancivit,</strong></span> <span class='ocrx_word' id='word_1_194' title='bbox 1261 1829 1341 1886; x_wconf 90' lang='lat' dir='ltr'><strong>ad</strong></span> <span class='ocrx_word' id='word_1_195' title='bbox 1365 1844 1475 1887; x_wconf 90' lang='lat' dir='ltr'><strong>eos</strong></span> <span class='ocrx_word' id='word_1_196' title='bbox 1497 1830 1672 1887; x_wconf 86' lang='lat' dir='ltr'><strong>nulla</strong></span> <span class='ocrx_word' id='word_1_197' title='bbox 1699 1826 1950 1889; x_wconf 86' lang='lat' dir='ltr'><strong>ratione</strong></span> <span class='ocrx_word' id='word_1_198' title='bbox 1977 1845 2159 1903; x_wconf 87' lang='lat' dir='ltr'><strong>posse</strong></span> <span class='ocrx_word' id='word_1_199' title='bbox 2184 1829 2509 1902; x_wconf 82' lang='lat' dir='ltr'><strong>pertinere</strong></span> <span class='ocrx_word' id='word_1_200' title='bbox 2527 1872 2543 1898; x_wconf 91' lang='lat'>‚</span> <span class='ocrx_word' id='word_1_201' title='bbox 2572 1829 2802 1899; x_wconf 86' lang='lat' dir='ltr'><strong>quibus</strong></span> <span class='ocrx_word' id='word_1_202' title='bbox 2835 1825 3215 1884; x_wconf 82' lang='lat' dir='ltr'><strong>necessaria</strong></span> <span class='ocrx_word' id='word_1_203' title='bbox 3235 1828 3317 1880; x_wconf 76' lang='lat' dir='ltr'><strong>est</strong></span> 
     </span>
     <span class='ocr_line' id='line_1_17' title="bbox 517 1920 3317 2001; baseline 0 -25"><span class='ocrx_word' id='word_1_204' title='bbox 517 1920 839 1980; x_wconf 88' lang='lat' dir='ltr'><strong>bonorum</strong></span> <span class='ocrx_word' id='word_1_205' title='bbox 871 1924 1177 1995; x_wconf 85' lang='lat' dir='ltr'><strong>possessio</strong></span> <span class='ocrx_word' id='word_1_206' title='bbox 1210 1921 1277 1996; x_wconf 87' lang='lat'><strong>⁷).</strong></span> <span class='ocrx_word' id='word_1_207' title='bbox 1313 1929 1543 1982; x_wconf 85' lang='lat' dir='ltr'><strong>Contra</strong></span> <span class='ocrx_word' id='word_1_208' title='bbox 1571 1938 1727 1984; x_wconf 78' lang='lat' dir='ltr'><strong>vero</strong></span> <span class='ocrx_word' id='word_1_209' title='bbox 1756 1927 1858 2001; x_wconf 87' lang='lat' dir='ltr'><strong>hi,</strong></span> <span class='ocrx_word' id='word_1_210' title='bbox 1917 1920 2146 1998; x_wconf 83' lang='lat' dir='ltr'><strong>quibus</strong></span> <span class='ocrx_word' id='word_1_211' title='bbox 2196 1921 2333 1998; x_wconf 86' lang='lat' dir='ltr'><strong>ipso</strong></span> <span class='ocrx_word' id='word_1_212' title='bbox 2367 1924 2515 1999; x_wconf 85' lang='lat' dir='ltr'><strong>jure</strong></span> <span class='ocrx_word' id='word_1_213' title='bbox 2559 1922 2853 1980; x_wconf 75' lang='lat' dir='ltr'><strong>defertur</strong></span> <span class='ocrx_word' id='word_1_214' title='bbox 2888 1921 3225 1979; x_wconf 79' lang='lat' dir='ltr'><strong>hereditas</strong></span> <span class='ocrx_word' id='word_1_215' title='bbox 3254 1935 3317 1977; x_wconf 81' lang='lat' dir='ltr'><strong>ac</strong></span> 
     </span>
     <span class='ocr_line' id='line_1_18' title="bbox 520 2013 3314 2094; baseline -0 -22"><span class='ocrx_word' id='word_1_216' title='bbox 520 2031 703 2087; x_wconf 84' lang='lat' dir='ltr'><strong>pure,</strong></span> <span class='ocrx_word' id='word_1_217' title='bbox 732 2018 875 2076; x_wconf 91' lang='lat' dir='ltr'><strong>licet</strong></span> <span class='ocrx_word' id='word_1_218' title='bbox 898 2021 1089 2078; x_wconf 89' lang='lat' dir='ltr'><strong>etiam</strong></span> <span class='ocrx_word' id='word_1_219' title='bbox 1115 2034 1460 2091; x_wconf 85' lang='lat' dir='ltr'><strong>agnoscere</strong></span> <span class='ocrx_word' id='word_1_220' title='bbox 1492 2023 1733 2094; x_wconf 82' lang='lat' dir='ltr'><strong>possint</strong></span> <span class='ocrx_word' id='word_1_221' title='bbox 1760 2024 1913 2080; x_wconf 89' lang='lat' dir='ltr'><strong>hon.</strong></span> <span class='ocrx_word' id='word_1_222' title='bbox 1951 2037 2117 2094; x_wconf 85' lang='lat' dir='ltr'><strong>poss.</strong></span> <span class='ocrx_word' id='word_1_223' title='bbox 2138 2022 2184 2094; x_wconf 71' lang='lat' dir='ltr'><strong>(S</strong></span> <span class='ocrx_word' id='word_1_224' title='bbox 2198 2022 2339 2080; x_wconf 77' lang='lat'><strong>6-20.</strong></span> <span class='ocrx_word' id='word_1_225' title='bbox 2374 2037 2474 2079; x_wconf 91' lang='lat' dir='ltr'><strong>nr.</strong></span> <span class='ocrx_word' id='word_1_226' title='bbox 2503 2019 2615 2091; x_wconf 76' lang='grc'><strong>4.),</strong></span> <span class='ocrx_word' id='word_1_227' title='bbox 2646 2025 2864 2075; x_wconf 88' lang='lat' dir='ltr'><strong>tamen</strong></span> <span class='ocrx_word' id='word_1_228' title='bbox 2885 2033 2965 2074; x_wconf 88' lang='lat' dir='ltr'><strong>ex</strong></span> <span class='ocrx_word' id='word_1_229' title='bbox 2992 2013 3314 2075; x_wconf 68' lang='lat' dir='ltr'><strong>justiniani</strong></span> 
     </span>
    </p>
   </div>
   <div class='ocr_carea' id='block_1_4' title="bbox 433 2114 3314 2191">
    <p class='ocr_par' dir='ltr' id='par_1_4' title="bbox 433 2114 3314 2191">
     <span class='ocr_line' id='line_1_19' title="bbox 433 2114 3314 2191; baseline -0 -21"><span class='ocrx_word' id='word_1_230' title='bbox 433 2117 441 2126; x_wconf 83' lang='lat'>&#39;</span> <span class='ocrx_word' id='word_1_231' title='bbox 521 2116 999 2189; x_wconf 88' lang='lat' dir='ltr'><strong>constitutione,</strong></span> <span class='ocrx_word' id='word_1_232' title='bbox 1026 2116 1262 2190; x_wconf 87' lang='lat' dir='ltr'><strong>quippe</strong></span> <span class='ocrx_word' id='word_1_233' title='bbox 1289 2133 1456 2189; x_wconf 88' lang='lat' dir='ltr'><strong>quae</strong></span> <span class='ocrx_word' id='word_1_234' title='bbox 1479 2118 1759 2191; x_wconf 86' lang='lat' dir='ltr'><strong>alioquin</strong></span> <span class='ocrx_word' id='word_1_235' title='bbox 1785 2114 2018 2176; x_wconf 84' lang='lat' dir='ltr'><strong>exitum</strong></span> <span class='ocrx_word' id='word_1_236' title='bbox 2046 2119 2291 2175; x_wconf 91' lang='lat' dir='ltr'><strong>nullum</strong></span> <span class='ocrx_word' id='word_1_237' title='bbox 2321 2116 2559 2174; x_wconf 86' lang='lat' dir='ltr'><strong>habere</strong></span> <span class='ocrx_word' id='word_1_238' title='bbox 2588 2116 2807 2187; x_wconf 85' lang='lat' dir='ltr'><strong>possit,</strong></span> <span class='ocrx_word' id='word_1_239' title='bbox 2833 2120 2955 2170; x_wconf 89' lang='lat' dir='ltr'><strong>aut</strong></span> <span class='ocrx_word' id='word_1_240' title='bbox 2983 2114 3314 2184; x_wconf 81' lang='lat' dir='ltr'><strong>repudiare</strong></span> 
     </span>
    </p>
   </div>
   <div class='ocr_carea' id='block_1_5' title="bbox 523 2206 3313 2681">
    <p class='ocr_par' dir='ltr' id='par_1_5' title="bbox 523 2206 3313 2681">
     <span class='ocr_line' id='line_1_20' title="bbox 523 2206 3313 2286; baseline -0.001 -21"><span class='ocrx_word' id='word_1_241' title='bbox 523 2207 979 2280; x_wconf 79' lang='lat' dir='ltr'><strong>hereditatem,</strong></span> <span class='ocrx_word' id='word_1_242' title='bbox 1012 2220 1121 2271; x_wconf 90' lang='lat' dir='ltr'><strong>aut</strong></span> <span class='ocrx_word' id='word_1_243' title='bbox 1146 2229 1288 2272; x_wconf 85' lang='lat' dir='ltr'><strong>eam</strong></span> <span class='ocrx_word' id='word_1_244' title='bbox 1317 2210 1529 2280; x_wconf 88' lang='lat' dir='ltr'><strong>adire,</strong></span> <span class='ocrx_word' id='word_1_245' title='bbox 1559 2222 1673 2272; x_wconf 84' lang='lat' dir='ltr'><strong>aut</strong></span> <span class='ocrx_word' id='word_1_246' title='bbox 1693 2215 2221 2272; x_wconf 82' lang='lat' dir='ltr'><strong>deliberationem</strong></span> <span class='ocrx_word' id='word_1_247' title='bbox 2252 2219 2509 2286; x_wconf 86' lang='lat' dir='ltr'><strong>petere,</strong></span> <span class='ocrx_word' id='word_1_248' title='bbox 2539 2224 2805 2268; x_wconf 88' lang='lat' dir='ltr'><strong>necesse</strong></span> <span class='ocrx_word' id='word_1_249' title='bbox 2828 2209 3114 2275; x_wconf 85' lang='lat' dir='ltr'><strong>habent;</strong></span> <span class='ocrx_word' id='word_1_250' title='bbox 3146 2209 3251 2265; x_wconf 84' lang='lat' dir='ltr'><strong>nisi</strong></span> <span class='ocrx_word' id='word_1_251' title='bbox 3272 2206 3313 2263; x_wconf 77' lang='lat' dir='ltr'><strong>si</strong></span> 
     </span>
     <span class='ocr_line' id='line_1_21' title="bbox 524 2304 3311 2382; baseline -0.002 -19"><span class='ocrx_word' id='word_1_252' title='bbox 524 2304 690 2364; x_wconf 89' lang='lat' dir='ltr'><strong>forte</strong></span> <span class='ocrx_word' id='word_1_253' title='bbox 720 2323 836 2379; x_wconf 88' lang='lat' dir='ltr'><strong>per</strong></span> <span class='ocrx_word' id='word_1_254' title='bbox 865 2304 1057 2366; x_wconf 88' lang='lat' dir='ltr'><strong>alium</strong></span> <span class='ocrx_word' id='word_1_255' title='bbox 1092 2306 1495 2368; x_wconf 89' lang='lat' dir='ltr'><strong>commissum</strong></span> <span class='ocrx_word' id='word_1_256' title='bbox 1519 2311 1600 2368; x_wconf 89' lang='lat' dir='ltr'><strong>sit</strong></span> <span class='ocrx_word' id='word_1_257' title='bbox 1622 2312 1901 2369; x_wconf 89' lang='lat' dir='ltr'><strong>edictum</strong></span> <span class='ocrx_word' id='word_1_258' title='bbox 1932 2306 2002 2382; x_wconf 82' lang='lat'><strong>⁸),</strong></span> <span class='ocrx_word' id='word_1_259' title='bbox 2029 2325 2161 2382; x_wconf 88' lang='lat' dir='ltr'><strong>quo</strong></span> <span class='ocrx_word' id='word_1_260' title='bbox 2189 2309 2445 2381; x_wconf 88' lang='lat' dir='ltr'><strong>quidem</strong></span> <span class='ocrx_word' id='word_1_261' title='bbox 2471 2306 2643 2365; x_wconf 90' lang='lat' dir='ltr'><strong>facto</strong></span> <span class='ocrx_word' id='word_1_262' title='bbox 2669 2305 2793 2362; x_wconf 88' lang='lat' dir='ltr'><strong>dici</strong></span> <span class='ocrx_word' id='word_1_263' title='bbox 2814 2318 2950 2362; x_wconf 87' lang='lat' dir='ltr'><strong>non</strong></span> <span class='ocrx_word' id='word_1_264' title='bbox 2978 2310 3221 2375; x_wconf 78' lang='lat' dir='ltr'><strong>potest,</strong></span> <span class='ocrx_word' id='word_1_265' title='bbox 3240 2304 3311 2359; x_wconf 81' lang='lat' dir='ltr'><strong>ita</strong></span> 
     </span>
     <span class='ocr_line' id='line_1_22' title="bbox 524 2402 3313 2482; baseline -0.001 -20"><span class='ocrx_word' id='word_1_266' title='bbox 524 2412 769 2464; x_wconf 91' lang='lat' dir='ltr'><strong>certam</strong></span> <span class='ocrx_word' id='word_1_267' title='bbox 796 2414 990 2480; x_wconf 88' lang='lat' dir='ltr'><strong>atque</strong></span> <span class='ocrx_word' id='word_1_268' title='bbox 1035 2409 1393 2467; x_wconf 88' lang='lat' dir='ltr'><strong>absolutam</strong></span> <span class='ocrx_word' id='word_1_269' title='bbox 1429 2424 1566 2468; x_wconf 90' lang='lat' dir='ltr'><strong>esse</strong></span> <span class='ocrx_word' id='word_1_270' title='bbox 1596 2411 1874 2482; x_wconf 89' lang='lat' dir='ltr'><strong>priorem</strong></span> <span class='ocrx_word' id='word_1_271' title='bbox 1897 2408 2229 2467; x_wconf 87' lang='lat' dir='ltr'><strong>delationis</strong></span> <span class='ocrx_word' id='word_1_272' title='bbox 2257 2422 2538 2481; x_wconf 87' lang='lat' dir='ltr'><strong>causam,</strong></span> <span class='ocrx_word' id='word_1_273' title='bbox 2563 2412 2636 2463; x_wconf 90' lang='lat' dir='ltr'><strong>ut</strong></span> <span class='ocrx_word' id='word_1_274' title='bbox 2661 2406 2889 2476; x_wconf 88' lang='lat' dir='ltr'><strong>utique</strong></span> <span class='ocrx_word' id='word_1_275' title='bbox 2920 2403 3113 2476; x_wconf 89' lang='lat' dir='ltr'><strong>sequi</strong></span> <span class='ocrx_word' id='word_1_276' title='bbox 3158 2402 3313 2461; x_wconf 85' lang='lat' dir='ltr'><strong>Justi-</strong></span> 
     </span>
     <span class='ocr_line' id='line_1_23' title="bbox 528 2503 3311 2578; baseline -0.001 -17"><span class='ocrx_word' id='word_1_277' title='bbox 528 2505 704 2562; x_wconf 89' lang='lat' dir='ltr'><strong>niani</strong></span> <span class='ocrx_word' id='word_1_278' title='bbox 731 2503 1255 2568; x_wconf 89' lang='lat' dir='ltr'><strong>constitutionem</strong></span> <span class='ocrx_word' id='word_1_279' title='bbox 1293 2524 1551 2568; x_wconf 88' lang='lat' dir='ltr'><strong>necesse</strong></span> <span class='ocrx_word' id='word_1_280' title='bbox 1575 2511 1810 2567; x_wconf 88' lang='lat' dir='ltr'><strong>habeat</strong></span> <span class='ocrx_word' id='word_1_281' title='bbox 1843 2509 2050 2567; x_wconf 88' lang='lat' dir='ltr'><strong>heres.</strong></span> <span class='ocrx_word' id='word_1_282' title='bbox 2075 2511 2406 2567; x_wconf 85' lang='lat' dir='ltr'><strong>Caeterum</strong></span> <span class='ocrx_word' id='word_1_283' title='bbox 2437 2506 2589 2563; x_wconf 89' lang='lat' dir='ltr'><strong>nihil</strong></span> <span class='ocrx_word' id='word_1_284' title='bbox 2617 2505 2884 2578; x_wconf 88' lang='lat' dir='ltr'><strong>impedit</strong></span> <span class='ocrx_word' id='word_1_285' title='bbox 2903 2546 2922 2572; x_wconf 92' lang='lat'><strong>,</strong></span> <span class='ocrx_word' id='word_1_286' title='bbox 2956 2519 3099 2577; x_wconf 87' lang='lat' dir='ltr'><strong>quo</strong></span> <span class='ocrx_word' id='word_1_287' title='bbox 3131 2503 3311 2559; x_wconf 81' lang='lat' dir='ltr'><strong>minus</strong></span> 
     </span>
     <span class='ocr_line' id='line_1_24' title="bbox 528 2602 3306 2681; baseline -0.001 -20"><span class='ocrx_word' id='word_1_288' title='bbox 528 2607 719 2662; x_wconf 89' lang='lat' dir='ltr'><strong>etiam</strong></span> <span class='ocrx_word' id='word_1_289' title='bbox 743 2607 1059 2666; x_wconf 89' lang='lat' dir='ltr'><strong>bonorum</strong></span> <span class='ocrx_word' id='word_1_290' title='bbox 1085 2610 1429 2681; x_wconf 88' lang='lat' dir='ltr'><strong>possessori</strong></span> <span class='ocrx_word' id='word_1_291' title='bbox 1456 2610 1639 2667; x_wconf 88' lang='lat' dir='ltr'><strong>liceat</strong></span> <span class='ocrx_word' id='word_1_292' title='bbox 1661 2652 1676 2677; x_wconf 94' lang='lat'><strong>,</strong></span> <span class='ocrx_word' id='word_1_293' title='bbox 1711 2615 1778 2667; x_wconf 93' lang='lat' dir='ltr'><strong>et</strong></span> <span class='ocrx_word' id='word_1_294' title='bbox 1802 2624 1950 2667; x_wconf 89' lang='lat' dir='ltr'><strong>cum</strong></span> <span class='ocrx_word' id='word_1_295' title='bbox 1981 2608 2316 2666; x_wconf 86' lang='lat' dir='ltr'><strong>inventarii</strong></span> <span class='ocrx_word' id='word_1_296' title='bbox 2339 2606 2649 2665; x_wconf 81' lang='lat' dir='ltr'><strong>beneflcio</strong></span> <span class='ocrx_word' id='word_1_297' title='bbox 2672 2604 2853 2663; x_wconf 87' lang='lat' dir='ltr'><strong>adire</strong></span> <span class='ocrx_word' id='word_1_298' title='bbox 2875 2602 3306 2672; x_wconf 85' lang='lat' dir='ltr'><strong>hereditatem,</strong></span> 
     </span>
    </p>
   </div>
   <div class='ocr_carea' id='block_1_6' title="bbox 528 2700 3299 2882">
    <p class='ocr_par' dir='ltr' id='par_1_6' title="bbox 528 2700 3299 2882">
     <span class='ocr_line' id='line_1_25' title="bbox 528 2700 3299 2784; baseline -0.001 -21"><span class='ocrx_word' id='word_1_299' title='bbox 528 2712 592 2764; x_wconf 90' lang='lat' dir='ltr'><strong>et</strong></span> <span class='ocrx_word' id='word_1_300' title='bbox 615 2705 1004 2767; x_wconf 87' lang='lat' dir='ltr'><strong>deliberandi</strong></span> <span class='ocrx_word' id='word_1_301' title='bbox 1020 2711 1293 2783; x_wconf 82' lang='lat' dir='ltr'><strong>spatium</strong></span> <span class='ocrx_word' id='word_1_302' title='bbox 1317 2705 1430 2769; x_wconf 90' lang='lat' dir='ltr'><strong>sibi</strong></span> <span class='ocrx_word' id='word_1_303' title='bbox 1453 2717 1694 2784; x_wconf 88' lang='lat' dir='ltr'><strong>petere,</strong></span> <span class='ocrx_word' id='word_1_304' title='bbox 1720 2710 1956 2784; x_wconf 82' lang='lat' dir='ltr'><strong>quippe</strong></span> <span class='ocrx_word' id='word_1_305' title='bbox 1978 2709 2154 2783; x_wconf 87' lang='lat' dir='ltr'><strong>quod</strong></span> <span class='ocrx_word' id='word_1_306' title='bbox 2183 2710 2265 2767; x_wconf 90' lang='lat' dir='ltr'><strong>ad</strong></span> <span class='ocrx_word' id='word_1_307' title='bbox 2291 2716 2663 2783; x_wconf 87' lang='lat' dir='ltr'><strong>utrumque,</strong></span> <span class='ocrx_word' id='word_1_308' title='bbox 2680 2712 2747 2766; x_wconf 90' lang='lat' dir='ltr'><strong>et</strong></span> <span class='ocrx_word' id='word_1_309' title='bbox 2761 2700 3027 2765; x_wconf 77' lang='lat' dir='ltr'><strong>civilem</strong></span> <span class='ocrx_word' id='word_1_310' title='bbox 3056 2711 3119 2763; x_wconf 92' lang='lat' dir='ltr'><strong>et</strong></span> <span class='ocrx_word' id='word_1_311' title='bbox 3142 2716 3299 2777; x_wconf 79' lang='lat' dir='ltr'><strong>prae·</strong></span> 
     </span>
     <span class='ocr_line' id='line_1_26' title="bbox 528 2803 2144 2882; baseline 0.002 -23"><span class='ocrx_word' id='word_1_312' title='bbox 528 2803 763 2862; x_wconf 89' lang='lat' dir='ltr'><strong>torium</strong></span> <span class='ocrx_word' id='word_1_313' title='bbox 793 2849 809 2876; x_wconf 88' lang='lat'><strong>,</strong></span> <span class='ocrx_word' id='word_1_314' title='bbox 854 2820 1287 2866; x_wconf 82' lang='lat' dir='ltr'><strong>successorem</strong></span> <span class='ocrx_word' id='word_1_315' title='bbox 1326 2823 1531 2880; x_wconf 88' lang='lat' dir='ltr'><strong>aeque</strong></span> <span class='ocrx_word' id='word_1_316' title='bbox 1567 2808 1762 2882; x_wconf 88' lang='lat' dir='ltr'><strong>possit</strong></span> <span class='ocrx_word' id='word_1_317' title='bbox 1799 2807 2144 2880; x_wconf 88' lang='lat' dir='ltr'><strong>pertinere.</strong></span> 
     </span>
    </p>
   </div>
   <div class='ocr_carea' id='block_1_7' title="bbox 1160 2995 2683 3048">
    <p class='ocr_par' dir='ltr' id='par_1_7' title="bbox 1160 2995 2683 3048">
     <span class='ocr_line' id='line_1_27' title="bbox 1160 2995 2683 3048; baseline -0.002 -16"><span class='ocrx_word' id='word_1_318' title='bbox 1160 2999 1259 3034; x_wconf 71' lang='lat' dir='ltr'><strong>ut.</strong></span> <span class='ocrx_word' id='word_1_319' title='bbox 1293 2999 1354 3034; x_wconf 84' lang='lat' dir='ltr'><strong>n.</strong></span> <span class='ocrx_word' id='word_1_320' title='bbox 1388 2999 1450 3033; x_wconf 69' lang='lat' dir='ltr'><strong>DE</strong></span> <span class='ocrx_word' id='word_1_321' title='bbox 1482 2997 1776 3048; x_wconf 62' lang='lat' dir='ltr'><strong>acquisitu</strong></span> <span class='ocrx_word' id='word_1_322' title='bbox 1808 2997 2136 3034; x_wconf 69' lang='lat' dir='ltr'><strong>nunninus</strong></span> <span class='ocrx_word' id='word_1_323' title='bbox 2168 2997 2222 3031; x_wconf 77' lang='lat' dir='ltr'><strong>vt</strong></span> <span class='ocrx_word' id='word_1_324' title='bbox 2256 2996 2419 3046; x_wconf 65' lang='lat' dir='ltr'><strong>Arous</strong></span> <span class='ocrx_word' id='word_1_325' title='bbox 2450 2995 2683 3031; x_wconf 62' lang='lat' dir='ltr'><strong>nuncto.</strong></span> 
     </span>
    </p>
   </div>
   <div class='ocr_carea' id='block_1_8' title="bbox 974 3142 2892 3225">
    <p class='ocr_par' dir='ltr' id='par_1_8' title="bbox 974 3142 2892 3225">
     <span class='ocr_line' id='line_1_28' title="bbox 974 3142 2892 3225; baseline -0.003 -20"><span class='ocrx_word' id='word_1_326' title='bbox 974 3152 998 3225; x_wconf 89' lang='lat'>§</span> <span class='ocrx_word' id='word_1_327' title='bbox 1024 3148 1167 3207; x_wconf 89' lang='grc'><strong>697.</strong></span> <span class='ocrx_word' id='word_1_328' title='bbox 1191 3143 1220 3202; x_wconf 93' lang='lat'>1</span> <span class='ocrx_word' id='word_1_329' title='bbox 1243 3146 1367 3215; x_wconf 77' lang='lat' dir='ltr'><strong>Jus,</strong></span> <span class='ocrx_word' id='word_1_330' title='bbox 1395 3145 1473 3204; x_wconf 84' lang='lat' dir='ltr'><strong>ad</strong></span> <span class='ocrx_word' id='word_1_331' title='bbox 1491 3145 1642 3225; x_wconf 74' lang='lat' dir='ltr'><strong>quod</strong></span> <span class='ocrx_word' id='word_1_332' title='bbox 1665 3152 1887 3224; x_wconf 80' lang='lat' dir='ltr'><strong>spectat</strong></span> <span class='ocrx_word' id='word_1_333' title='bbox 1908 3144 2231 3224; x_wconf 80' lang='lat' dir='ltr'><strong>acquisitio.</strong></span> <span class='ocrx_word' id='word_1_334' title='bbox 2258 3178 2333 3188; x_wconf 93' lang='lat'>—</span> <span class='ocrx_word' id='word_1_335' title='bbox 2356 3142 2659 3203; x_wconf 80' lang='lat' dir='ltr'><strong>Hereditas</strong></span> <span class='ocrx_word' id='word_1_336' title='bbox 2671 3142 2892 3220; x_wconf 72' lang='lat' dir='ltr'><strong>jacens.</strong></span> 
     </span>
    </p>
   </div>
   <div class='ocr_carea' id='block_1_9' title="bbox 532 3336 3319 3514">
    <p class='ocr_par' dir='ltr' id='par_1_9' title="bbox 532 3336 3319 3514">
     <span class='ocr_line' id='line_1_29' title="bbox 614 3336 3317 3418; baseline 0 -22"><span class='ocrx_word' id='word_1_337' title='bbox 614 3337 909 3400; x_wconf 86' lang='lat' dir='ltr'><strong>Succedit</strong></span> <span class='ocrx_word' id='word_1_338' title='bbox 933 3342 1117 3401; x_wconf 87' lang='lat' dir='ltr'><strong>heres</strong></span> <span class='ocrx_word' id='word_1_339' title='bbox 1144 3342 1207 3400; x_wconf 91' lang='lat' dir='ltr'><strong>in</strong></span> <span class='ocrx_word' id='word_1_340' title='bbox 1235 3343 1601 3402; x_wconf 83' lang='lat' dir='ltr'><strong>universum</strong></span> <span class='ocrx_word' id='word_1_341' title='bbox 1632 3338 1917 3402; x_wconf 79' lang='lat' dir='ltr'><strong>defuncti</strong></span> <span class='ocrx_word' id='word_1_342' title='bbox 1940 3342 2043 3418; x_wconf 87' lang='lat' dir='ltr'><strong>jus</strong></span> <span class='ocrx_word' id='word_1_343' title='bbox 2080 3348 2193 3399; x_wconf 90' lang='lat' dir='ltr'><strong>aut</strong></span> <span class='ocrx_word' id='word_1_344' title='bbox 2227 3349 2476 3416; x_wconf 82' lang='lat' dir='ltr'><strong>partem</strong></span> <span class='ocrx_word' id='word_1_345' title='bbox 2508 3341 2646 3417; x_wconf 87' lang='lat' dir='ltr'><strong>ejus</strong></span> <span class='ocrx_word' id='word_1_346' title='bbox 2677 3356 2795 3415; x_wconf 85' lang='lat' dir='ltr'><strong>pro</strong></span> <span class='ocrx_word' id='word_1_347' title='bbox 2838 3336 3154 3410; x_wconf 87' lang='lat' dir='ltr'><strong>indiviso,</strong></span> <span class='ocrx_word' id='word_1_348' title='bbox 3177 3353 3317 3411; x_wconf 77' lang='lat' dir='ltr'><strong>qua-</strong></span> 
     </span>
     <span class='ocr_line' id='line_1_30' title="bbox 532 3432 3319 3514; baseline -0.002 -20"><span class='ocrx_word' id='word_1_349' title='bbox 532 3444 718 3497; x_wconf 90' lang='lat' dir='ltr'><strong>tenus</strong></span> <span class='ocrx_word' id='word_1_350' title='bbox 745 3440 896 3496; x_wconf 90' lang='lat' dir='ltr'><strong>illud</strong></span> <span class='ocrx_word' id='word_1_351' title='bbox 929 3455 1057 3497; x_wconf 91' lang='lat' dir='ltr'><strong>non</strong></span> <span class='ocrx_word' id='word_1_352' title='bbox 1081 3456 1154 3496; x_wconf 89' lang='lat' dir='ltr'><strong>ex</strong></span> <span class='ocrx_word' id='word_1_353' title='bbox 1181 3454 1256 3497; x_wconf 89' lang='lat' dir='ltr'><strong>eo</strong></span> <span class='ocrx_word' id='word_1_354' title='bbox 1279 3455 1513 3511; x_wconf 85' lang='lat' dir='ltr'><strong>genere</strong></span> <span class='ocrx_word' id='word_1_355' title='bbox 1538 3446 1656 3512; x_wconf 88' lang='lat' dir='ltr'><strong>est,</strong></span> <span class='ocrx_word' id='word_1_356' title='bbox 1690 3442 1863 3513; x_wconf 90' lang='lat' dir='ltr'><strong>quod</strong></span> <span class='ocrx_word' id='word_1_357' title='bbox 1890 3456 2035 3497; x_wconf 86' lang='lat' dir='ltr'><strong>cum</strong></span> <span class='ocrx_word' id='word_1_358' title='bbox 2070 3454 2341 3514; x_wconf 86' lang='lat' dir='ltr'><strong>persona</strong></span> <span class='ocrx_word' id='word_1_359' title='bbox 2365 3438 2783 3509; x_wconf 88' lang='lat' dir='ltr'><strong>exstinguitur</strong></span> <span class='ocrx_word' id='word_1_360' title='bbox 2809 3435 2874 3510; x_wconf 89' lang='lat'><strong>¹).</strong></span> <span class='ocrx_word' id='word_1_361' title='bbox 2912 3440 2992 3495; x_wconf 84' lang='lat' dir='ltr'><strong>At</strong></span> <span class='ocrx_word' id='word_1_362' title='bbox 3022 3452 3176 3496; x_wconf 81' lang='lat' dir='ltr'><strong>vero</strong></span> <span class='ocrx_word' id='word_1_363' title='bbox 3198 3432 3319 3492; x_wconf 77' lang='lat' dir='ltr'><strong>fleri</strong></span> 
     </span>
    </p>
   </div>
   <div class='ocr_carea' id='block_1_10' title="bbox 532 3534 3320 3712">
    <p class='ocr_par' dir='ltr' id='par_1_10' title="bbox 532 3534 3320 3712">
     <span class='ocr_line' id='line_1_31' title="bbox 532 3534 3320 3619; baseline -0.002 -23"><span class='ocrx_word' id='word_1_364' title='bbox 532 3538 721 3596; x_wconf 87' lang='lat' dir='ltr'><strong>etiam</strong></span> <span class='ocrx_word' id='word_1_365' title='bbox 755 3545 963 3611; x_wconf 88' lang='lat' dir='ltr'><strong>potest</strong></span> <span class='ocrx_word' id='word_1_366' title='bbox 982 3582 998 3608; x_wconf 86' lang='lat'><strong>,</strong></span> <span class='ocrx_word' id='word_1_367' title='bbox 1033 3546 1104 3596; x_wconf 91' lang='lat' dir='ltr'><strong>ut</strong></span> <span class='ocrx_word' id='word_1_368' title='bbox 1132 3541 1281 3597; x_wconf 88' lang='lat' dir='ltr'><strong>talia</strong></span> <span class='ocrx_word' id='word_1_369' title='bbox 1308 3534 1433 3596; x_wconf 89' lang='lat' dir='ltr'><strong>sint</strong></span> <span class='ocrx_word' id='word_1_370' title='bbox 1472 3540 1533 3597; x_wconf 91' lang='lat' dir='ltr'><strong>in</strong></span> <span class='ocrx_word' id='word_1_371' title='bbox 1563 3541 1915 3619; x_wconf 86' lang='lat' dir='ltr'><strong>hereditate</strong></span> <span class='ocrx_word' id='word_1_372' title='bbox 1951 3540 2100 3612; x_wconf 86' lang='lat' dir='ltr'><strong>jura</strong></span> <span class='ocrx_word' id='word_1_373' title='bbox 2120 3582 2136 3607; x_wconf 89' lang='lat'><strong>,</strong></span> <span class='ocrx_word' id='word_1_374' title='bbox 2166 3555 2331 3611; x_wconf 88' lang='lat' dir='ltr'><strong>quae</strong></span> <span class='ocrx_word' id='word_1_375' title='bbox 2360 3540 2441 3596; x_wconf 87' lang='lat' dir='ltr'><strong>ad</strong></span> <span class='ocrx_word' id='word_1_376' title='bbox 2480 3539 2686 3610; x_wconf 90' lang='lat' dir='ltr'><strong>ipsum</strong></span> <span class='ocrx_word' id='word_1_377' title='bbox 2713 3536 3102 3595; x_wconf 81' lang='lat' dir='ltr'><strong>defunctum</strong></span> <span class='ocrx_word' id='word_1_378' title='bbox 3131 3536 3320 3592; x_wconf 89' lang='lat' dir='ltr'><strong>haud·</strong></span> 
     </span>
     <span class='ocr_line' id='line_1_32' title="bbox 533 3627 3318 3712; baseline -0.001 -21"><span class='ocrx_word' id='word_1_379' title='bbox 533 3650 853 3707; x_wconf 84' lang='lat' dir='ltr'><strong>quaquam</strong></span> <span class='ocrx_word' id='word_1_380' title='bbox 887 3635 1352 3707; x_wconf 89' lang='lat' dir='ltr'><strong>pertinuerunt.</strong></span> <span class='ocrx_word' id='word_1_381' title='bbox 1395 3639 1528 3712; x_wconf 84' lang='lat' dir='ltr'><strong>Quo</strong></span> <span class='ocrx_word' id='word_1_382' title='bbox 1558 3637 1621 3692; x_wconf 89' lang='lat' dir='ltr'><strong>in</strong></span> <span class='ocrx_word' id='word_1_383' title='bbox 1648 3649 1884 3706; x_wconf 88' lang='lat' dir='ltr'><strong>genere</strong></span> <span class='ocrx_word' id='word_1_384' title='bbox 1910 3678 1926 3704; x_wconf 94' lang='lat'><strong>,</strong></span> <span class='ocrx_word' id='word_1_385' title='bbox 1957 3642 2216 3707; x_wconf 87' lang='lat' dir='ltr'><strong>praeter</strong></span> <span class='ocrx_word' id='word_1_386' title='bbox 2239 3649 2316 3692; x_wconf 87' lang='lat' dir='ltr'><strong>ea</strong></span> <span class='ocrx_word' id='word_1_387' title='bbox 2342 3675 2358 3701; x_wconf 91' lang='lat'>‚</span> <span class='ocrx_word' id='word_1_388' title='bbox 2391 3648 2666 3706; x_wconf 92' lang='lat' dir='ltr'><strong>quorum</strong></span> <span class='ocrx_word' id='word_1_389' title='bbox 2695 3647 2892 3704; x_wconf 88' lang='lat' dir='ltr'><strong>supra</strong></span> <span class='ocrx_word' id='word_1_390' title='bbox 2932 3627 3318 3688; x_wconf 86' lang='lat' dir='ltr'><strong>mentionem</strong></span> 
     </span>
    </p>
   </div>
   <div class='ocr_carea' id='block_1_11' title="bbox 533 3730 3321 4009">
    <p class='ocr_par' dir='ltr' id='par_1_11' title="bbox 533 3730 3321 4009">
     <span class='ocr_line' id='line_1_33' title="bbox 533 3730 3320 3808; baseline -0.002 -17"><span class='ocrx_word' id='word_1_391' title='bbox 533 3733 795 3792; x_wconf 75' lang='lat' dir='ltr'><strong>fecimus</strong></span> <span class='ocrx_word' id='word_1_392' title='bbox 817 3731 863 3806; x_wconf 87' lang='lat'><strong>(§</strong></span> <span class='ocrx_word' id='word_1_393' title='bbox 893 3735 1034 3792; x_wconf 90' lang='grc'><strong>610.</strong></span> <span class='ocrx_word' id='word_1_394' title='bbox 1061 3742 1196 3793; x_wconf 89' lang='lat' dir='ltr'><strong>not.</strong></span> <span class='ocrx_word' id='word_1_395' title='bbox 1224 3734 1478 3806; x_wconf 79' lang='lat'><strong>5—5.)‚</strong></span> <span class='ocrx_word' id='word_1_396' title='bbox 1510 3730 1795 3808; x_wconf 83' lang='lat' dir='ltr'><strong>inprimis</strong></span> <span class='ocrx_word' id='word_1_397' title='bbox 1818 3734 2158 3804; x_wconf 87' lang='lat' dir='ltr'><strong>habentur,</strong></span> <span class='ocrx_word' id='word_1_398' title='bbox 2187 3750 2354 3808; x_wconf 89' lang='lat' dir='ltr'><strong>quae</strong></span> <span class='ocrx_word' id='word_1_399' title='bbox 2371 3733 2735 3805; x_wconf 84' lang='lat' dir='ltr'><strong>hereditati,</strong></span> <span class='ocrx_word' id='word_1_400' title='bbox 2757 3733 2913 3788; x_wconf 86' lang='lat' dir='ltr'><strong>dum</strong></span> <span class='ocrx_word' id='word_1_401' title='bbox 2931 3732 3138 3804; x_wconf 81' lang='lat' dir='ltr'><strong>jacet,</strong></span> <span class='ocrx_word' id='word_1_402' title='bbox 3159 3731 3320 3787; x_wconf 81' lang='lat' dir='ltr'><strong>velut</strong></span> 
     </span>
     <span class='ocr_line' id='line_1_34' title="bbox 535 3830 3320 3910; baseline -0.003 -16"><span class='ocrx_word' id='word_1_403' title='bbox 535 3850 848 3906; x_wconf 87' lang='lat' dir='ltr'><strong>personae</strong></span> <span class='ocrx_word' id='word_1_404' title='bbox 867 3831 911 3910; x_wconf 85' lang='lat'><strong>²)</strong></span> <span class='ocrx_word' id='word_1_405' title='bbox 939 3841 1364 3894; x_wconf 87' lang='lat' dir='ltr'><strong>accesserunt.</strong></span> <span class='ocrx_word' id='word_1_406' title='bbox 1383 3838 1583 3908; x_wconf 82' lang='lat' dir='ltr'><strong>Atque</strong></span> <span class='ocrx_word' id='word_1_407' title='bbox 1604 3852 1680 3894; x_wconf 89' lang='lat' dir='ltr'><strong>ex</strong></span> <span class='ocrx_word' id='word_1_408' title='bbox 1702 3836 1795 3893; x_wconf 89' lang='lat' dir='ltr'><strong>his</strong></span> <span class='ocrx_word' id='word_1_409' title='bbox 1819 3835 2074 3907; x_wconf 89' lang='lat' dir='ltr'><strong>quidem</strong></span> <span class='ocrx_word' id='word_1_410' title='bbox 2098 3836 2220 3893; x_wconf 89' lang='lat' dir='ltr'><strong>alia</strong></span> <span class='ocrx_word' id='word_1_411' title='bbox 2248 3836 2329 3892; x_wconf 88' lang='lat' dir='ltr'><strong>ad</strong></span> <span class='ocrx_word' id='word_1_412' title='bbox 2354 3832 2868 3906; x_wconf 85' lang='lat' dir='ltr'><strong>acquisitionum,</strong></span> <span class='ocrx_word' id='word_1_413' title='bbox 2883 3832 3013 3888; x_wconf 88' lang='lat' dir='ltr'><strong>alia</strong></span> <span class='ocrx_word' id='word_1_414' title='bbox 3036 3832 3123 3888; x_wconf 84' lang='lat' dir='ltr'><strong>ad</strong></span> <span class='ocrx_word' id='word_1_415' title='bbox 3146 3830 3320 3888; x_wconf 82' lang='lat' dir='ltr'><strong>amis·</strong></span> 
     </span>
     <span class='ocr_line' id='line_1_35' title="bbox 538 3932 3321 4009; baseline -0.003 -15"><span class='ocrx_word' id='word_1_416' title='bbox 538 3935 784 3995; x_wconf 89' lang='lat' dir='ltr'><strong>sionum</strong></span> <span class='ocrx_word' id='word_1_417' title='bbox 807 3952 1030 3993; x_wconf 87' lang='lat' dir='ltr'><strong>causas</strong></span> <span class='ocrx_word' id='word_1_418' title='bbox 1059 3936 1590 4008; x_wconf 81' lang='lat' dir='ltr'><strong>obligationumve</strong></span> <span class='ocrx_word' id='word_1_419' title='bbox 1601 3932 2155 4009; x_wconf 89' lang='lat' dir='ltr'><strong>succipiendarum</strong></span> <span class='ocrx_word' id='word_1_420' title='bbox 2173 3951 2333 3994; x_wconf 91' lang='lat' dir='ltr'><strong>onus</strong></span> <span class='ocrx_word' id='word_1_421' title='bbox 2349 3935 2685 3994; x_wconf 86' lang='lat' dir='ltr'><strong>referenda</strong></span> <span class='ocrx_word' id='word_1_422' title='bbox 2702 3939 2872 3991; x_wconf 89' lang='lat' dir='ltr'><strong>sunt.</strong></span> <span class='ocrx_word' id='word_1_423' title='bbox 2892 3933 3321 4006; x_wconf 78' lang='lat' dir='ltr'><strong>Acquiruntur</strong></span> 
     </span>
    </p>
   </div>
   <div class='ocr_carea' id='block_1_12' title="bbox 533 4075 3322 4294">
    <p class='ocr_par' dir='ltr' id='par_1_12' title="bbox 533 4075 3322 4294">
     <span class='ocr_line' id='line_1_36' title="bbox 599 4075 3322 4170; baseline 0 -15"><span class='ocrx_word' id='word_1_424' title='bbox 599 4107 647 4167; x_wconf 72' lang='lat'><strong>2)</strong></span> <span class='ocrx_word' id='word_1_425' title='bbox 683 4112 735 4157; x_wconf 87' lang='lat'><strong>1..</strong></span> <span class='ocrx_word' id='word_1_426' title='bbox 758 4075 848 4157; x_wconf 87' lang='lat' dir='ltr'><strong>ult.</strong></span> <span class='ocrx_word' id='word_1_427' title='bbox 873 4112 926 4157; x_wconf 89' lang='lat' dir='ltr'><strong>C.</strong></span> <span class='ocrx_word' id='word_1_428' title='bbox 949 4111 1042 4168; x_wconf 78' lang='lat' dir='ltr'><strong>qui</strong></span> <span class='ocrx_word' id='word_1_429' title='bbox 1062 4109 1203 4157; x_wconf 82' lang='lat' dir='ltr'><strong>adm.</strong></span> <span class='ocrx_word' id='word_1_430' title='bbox 1246 4111 1322 4157; x_wconf 81' lang='lat' dir='ltr'><strong>ad</strong></span> <span class='ocrx_word' id='word_1_431' title='bbox 1355 4110 1405 4157; x_wconf 79' lang='lat' dir='ltr'><strong>b.</strong></span> <span class='ocrx_word' id='word_1_432' title='bbox 1434 4124 1488 4168; x_wconf 85' lang='lat' dir='ltr'><strong>p.</strong></span> <span class='ocrx_word' id='word_1_433' title='bbox 1527 4121 1672 4167; x_wconf 77' lang='lat' dir='ltr'><strong>poss.</strong></span> <span class='ocrx_word' id='word_1_434' title='bbox 1698 4111 1795 4166; x_wconf 79' lang='lat' dir='ltr'><strong>(vl,</strong></span> <span class='ocrx_word' id='word_1_435' title='bbox 1816 4108 1888 4168; x_wconf 88' lang='grc'><strong>9.)</strong></span> <span class='ocrx_word' id='word_1_436' title='bbox 2021 4109 2072 4168; x_wconf 88' lang='grc'><strong>7)</strong></span> <span class='ocrx_word' id='word_1_437' title='bbox 2105 4113 2212 4167; x_wconf 89' lang='lat' dir='ltr'><strong>Quo</strong></span> <span class='ocrx_word' id='word_1_438' title='bbox 2232 4111 2285 4158; x_wconf 89' lang='lat' dir='ltr'><strong>in</strong></span> <span class='ocrx_word' id='word_1_439' title='bbox 2309 4123 2485 4170; x_wconf 73' lang='lat' dir='ltr'><strong>genere</strong></span> <span class='ocrx_word' id='word_1_440' title='bbox 2506 4116 2621 4157; x_wconf 84' lang='lat' dir='ltr'><strong>sunt</strong></span> <span class='ocrx_word' id='word_1_441' title='bbox 2638 4144 2653 4167; x_wconf 83' lang='lat'><strong>,</strong></span> <span class='ocrx_word' id='word_1_442' title='bbox 2674 4114 2725 4157; x_wconf 84' lang='lat' dir='ltr'><strong>et</strong></span> <span class='ocrx_word' id='word_1_443' title='bbox 2741 4110 2825 4169; x_wconf 82' lang='lat' dir='ltr'><strong>qui</strong></span> <span class='ocrx_word' id='word_1_444' title='bbox 2845 4115 3024 4157; x_wconf 79' lang='lat' dir='ltr'><strong>contra</strong></span> <span class='ocrx_word' id='word_1_445' title='bbox 3049 4112 3157 4157; x_wconf 79' lang='lat' dir='ltr'><strong>tab.</strong></span> <span class='ocrx_word' id='word_1_446' title='bbox 3180 4116 3230 4156; x_wconf 77' lang='lat' dir='ltr'><strong>et</strong></span> <span class='ocrx_word' id='word_1_447' title='bbox 3248 4107 3322 4166; x_wconf 75' lang='lat' dir='ltr'><strong>qui</strong></span> 
     </span>
     <span class='ocr_line' id='line_1_37' title="bbox 537 4171 3321 4232; baseline -0 -14"><span class='ocrx_word' id='word_1_448' title='bbox 537 4171 621 4230; x_wconf 74' lang='lat' dir='ltr'><strong>(ct.</strong></span> <span class='ocrx_word' id='word_1_449' title='bbox 646 4173 697 4218; x_wconf 88' lang='lat' dir='ltr'><strong>L.</strong></span> <span class='ocrx_word' id='word_1_450' title='bbox 724 4173 769 4220; x_wconf 95' lang='grc'><strong>1.</strong></span> <span class='ocrx_word' id='word_1_451' title='bbox 794 4178 844 4218; x_wconf 83' lang='lat' dir='ltr'><strong>et</strong></span> <span class='ocrx_word' id='word_1_452' title='bbox 865 4171 912 4218; x_wconf 66' lang='lat'><strong>2.</strong></span> <span class='ocrx_word' id='word_1_453' title='bbox 934 4174 984 4218; x_wconf 90' lang='lat' dir='ltr'><strong>C.</strong></span> <span class='ocrx_word' id='word_1_454' title='bbox 1002 4184 1185 4220; x_wconf 85' lang='lat' dir='ltr'><strong>comm.</strong></span> <span class='ocrx_word' id='word_1_455' title='bbox 1205 4172 1424 4220; x_wconf 79' lang='lat' dir='ltr'><strong>desucc.</strong></span> <span class='ocrx_word' id='word_1_456' title='bbox 1444 4174 1543 4230; x_wconf 78' lang='lat' dir='ltr'><strong>(Vl,</strong></span> <span class='ocrx_word' id='word_1_457' title='bbox 1561 4172 1893 4228; x_wconf 70' lang='lat' dir='ltr'><strong>59.)-Tlaeo-</strong></span> <span class='ocrx_word' id='word_1_458' title='bbox 1952 4185 2049 4220; x_wconf 78' lang='lat' dir='ltr'><strong>sec.</strong></span> <span class='ocrx_word' id='word_1_459' title='bbox 2089 4175 2192 4221; x_wconf 87' lang='lat' dir='ltr'><strong>tab.</strong></span> <span class='ocrx_word' id='word_1_460' title='bbox 2231 4175 2280 4222; x_wconf 89' lang='lat' dir='ltr'><strong>b.</strong></span> <span class='ocrx_word' id='word_1_461' title='bbox 2319 4188 2368 4232; x_wconf 90' lang='lat' dir='ltr'><strong>p.</strong></span> <span class='ocrx_word' id='word_1_462' title='bbox 2409 4181 2579 4232; x_wconf 79' lang='lat' dir='ltr'><strong>petere</strong></span> <span class='ocrx_word' id='word_1_463' title='bbox 2599 4180 2824 4231; x_wconf 80' lang='lat' dir='ltr'><strong>possunt,</strong></span> <span class='ocrx_word' id='word_1_464' title='bbox 2848 4179 2955 4218; x_wconf 80' lang='lat' dir='ltr'><strong>tum</strong></span> <span class='ocrx_word' id='word_1_465' title='bbox 2992 4175 3151 4219; x_wconf 73' lang='lat' dir='ltr'><strong>etiam</strong></span> <span class='ocrx_word' id='word_1_466' title='bbox 3174 4173 3252 4231; x_wconf 82' lang='lat' dir='ltr'><strong>qni</strong></span> <span class='ocrx_word' id='word_1_467' title='bbox 3270 4180 3321 4215; x_wconf 77' lang='lat' dir='ltr'><strong>ex</strong></span> 
     </span>
     <span class='ocr_line' id='line_1_38' title="bbox 533 4232 3318 4294; baseline -0 -14"><span class='ocrx_word' id='word_1_468' title='bbox 533 4234 661 4290; x_wconf 72' lang='lat' dir='ltr'><strong>phili</strong></span> <span class='ocrx_word' id='word_1_469' title='bbox 679 4234 904 4293; x_wconf 85' lang='lat' dir='ltr'><strong>paraphr.</strong></span> <span class='ocrx_word' id='word_1_470' title='bbox 929 4236 989 4280; x_wconf 79' lang='lat' dir='ltr'><strong>ad</strong></span> <span class='ocrx_word' id='word_1_471' title='bbox 1009 4237 1035 4289; x_wconf 69' lang='grc' dir='ltr'><strong>ς</strong></span> <span class='ocrx_word' id='word_1_472' title='bbox 1059 4237 1149 4282; x_wconf 87' lang='lat' dir='ltr'><strong>ult.</strong></span> <span class='ocrx_word' id='word_1_473' title='bbox 1174 4237 1210 4282; x_wconf 89' lang='lat'><strong>1.</strong></span> <span class='ocrx_word' id='word_1_474' title='bbox 1234 4237 1294 4281; x_wconf 82' lang='lat' dir='ltr'><strong>de</strong></span> <span class='ocrx_word' id='word_1_475' title='bbox 1313 4237 1427 4282; x_wconf 89' lang='lat' dir='ltr'><strong>bon.</strong></span> <span class='ocrx_word' id='word_1_476' title='bbox 1445 4235 1708 4294; x_wconf 55' lang='lat' dir='ltr'><strong>posse—de</strong></span> <span class='ocrx_word' id='word_1_477' title='bbox 1720 4235 1894 4282; x_wconf 80' lang='lat' dir='ltr'><strong>Loelu·</strong></span> <span class='ocrx_word' id='word_1_478' title='bbox 1952 4237 2115 4283; x_wconf 79' lang='lat' dir='ltr'><strong>cdicto</strong></span> <span class='ocrx_word' id='word_1_479' title='bbox 2141 4251 2153 4281; x_wconf 73' lang='grc' dir='ltr'>ε</span> <span class='ocrx_word' id='word_1_480' title='bbox 2181 4238 2307 4282; x_wconf 82' lang='lat' dir='ltr'><strong>unde</strong></span> <span class='ocrx_word' id='word_1_481' title='bbox 2330 4239 2404 4283; x_wconf 83' lang='lat' dir='ltr'><strong>vir</strong></span> <span class='ocrx_word' id='word_1_482' title='bbox 2421 4243 2472 4282; x_wconf 79' lang='lat' dir='ltr'><strong>et</strong></span> <span class='ocrx_word' id='word_1_483' title='bbox 2492 4247 2638 4293; x_wconf 80' lang='lat' dir='ltr'><strong>uxor,</strong></span> <span class='ocrx_word' id='word_1_484' title='bbox 2661 4235 2954 4283; x_wconf 78' lang='lat' dir='ltr'><strong>succedunt.</strong></span> <span class='ocrx_word' id='word_1_485' title='bbox 2984 4258 3047 4268; x_wconf 92' lang='lat'><strong>—-</strong></span> <span class='ocrx_word' id='word_1_486' title='bbox 3068 4237 3146 4282; x_wconf 75' lang='lat' dir='ltr'><strong>Cf.</strong></span> <span class='ocrx_word' id='word_1_487' title='bbox 3170 4232 3275 4290; x_wconf 74' lang='lat'><strong>577</strong></span> <span class='ocrx_word' id='word_1_488' title='bbox 3306 4263 3318 4275; x_wconf 87' lang='lat'><strong>.</strong></span> 
     </span>
    </p>
   </div>
   <div class='ocr_carea' id='block_1_13' title="bbox 537 4294 3380 4794">
    <p class='ocr_par' dir='ltr' id='par_1_13' title="bbox 537 4294 3380 4421">
     <span class='ocr_line' id='line_1_39' title="bbox 537 4294 3380 4355; baseline 0.002 -14"><span class='ocrx_word' id='word_1_489' title='bbox 537 4297 720 4352; x_wconf 76' lang='lat' dir='ltr'><strong>Magaz.</strong></span> <span class='ocrx_word' id='word_1_490' title='bbox 746 4299 825 4344; x_wconf 85' lang='grc' dir='ltr'><strong>ΙΙΙ.</strong></span> <span class='ocrx_word' id='word_1_491' title='bbox 851 4309 899 4354; x_wconf 86' lang='lat' dir='ltr'><strong>p.</strong></span> <span class='ocrx_word' id='word_1_492' title='bbox 920 4294 1068 4355; x_wconf 52' lang='lat'><strong>2850.</strong></span> <span class='ocrx_word' id='word_1_493' title='bbox 1953 4294 2067 4345; x_wconf 89' lang='grc'><strong>780.</strong></span> <span class='ocrx_word' id='word_1_494' title='bbox 2092 4299 2187 4354; x_wconf 80' lang='lat' dir='ltr'><strong>ets</strong></span> <span class='ocrx_word' id='word_1_495' title='bbox 2220 4296 2331 4345; x_wconf 81' lang='grc'><strong>636.</strong></span> <span class='ocrx_word' id='word_1_496' title='bbox 2356 4311 2432 4345; x_wconf 87' lang='lat' dir='ltr'><strong>nr.</strong></span> <span class='ocrx_word' id='word_1_497' title='bbox 2459 4299 2506 4345; x_wconf 91' lang='grc'><strong>1.</strong></span> <span class='ocrx_word' id='word_1_498' title='bbox 3372 4341 3380 4346; x_wconf 88' lang='grc'><strong>.</strong></span> 
     </span>
     <span class='ocr_line' id='line_1_40' title="bbox 600 4356 3321 4421; baseline -0.001 -17"><span class='ocrx_word' id='word_1_499' title='bbox 600 4357 650 4411; x_wconf 79' lang='lat'><strong>5&gt;</strong></span> <span class='ocrx_word' id='word_1_500' title='bbox 683 4361 735 4406; x_wconf 88' lang='lat' dir='ltr'><strong>L.</strong></span> <span class='ocrx_word' id='word_1_501' title='bbox 758 4363 805 4408; x_wconf 74' lang='grc' dir='ltr'><strong>ὅ.</strong></span> <span class='ocrx_word' id='word_1_502' title='bbox 831 4360 857 4414; x_wconf 79' lang='lat' dir='ltr'>S</span> <span class='ocrx_word' id='word_1_503' title='bbox 883 4356 933 4405; x_wconf 89' lang='lat'><strong>7.</strong></span> <span class='ocrx_word' id='word_1_504' title='bbox 958 4359 1009 4406; x_wconf 88' lang='lat' dir='ltr'><strong>L.</strong></span> <span class='ocrx_word' id='word_1_505' title='bbox 1039 4359 1113 4408; x_wconf 85' lang='lat'><strong>15.</strong></span> <span class='ocrx_word' id='word_1_506' title='bbox 1141 4358 1219 4406; x_wconf 87' lang='grc'><strong>16.</strong></span> <span class='ocrx_word' id='word_1_507' title='bbox 1243 4361 1297 4405; x_wconf 86' lang='lat' dir='ltr'><strong>D.</strong></span> <span class='ocrx_word' id='word_1_508' title='bbox 1331 4359 1397 4406; x_wconf 82' lang='lat' dir='ltr'><strong>de</strong></span> <span class='ocrx_word' id='word_1_509' title='bbox 1418 4361 1479 4406; x_wconf 86' lang='lat' dir='ltr'><strong>B.</strong></span> <span class='ocrx_word' id='word_1_510' title='bbox 1499 4361 1564 4406; x_wconf 94' lang='grc' dir='ltr'><strong>Ρ.</strong></span> <span class='ocrx_word' id='word_1_511' title='bbox 1607 4360 1848 4417; x_wconf 73' lang='lat' dir='ltr'><strong>(xxxvii</strong></span> <span class='ocrx_word' id='word_1_512' title='bbox 1872 4393 1887 4421; x_wconf 88' lang='lat'><strong>,</strong></span> <span class='ocrx_word' id='word_1_513' title='bbox 2017 4360 2066 4418; x_wconf 88' lang='grc'><strong>8)</strong></span> <span class='ocrx_word' id='word_1_514' title='bbox 2104 4362 2151 4406; x_wconf 81' lang='lat' dir='ltr'><strong>t..</strong></span> <span class='ocrx_word' id='word_1_515' title='bbox 2178 4358 2226 4407; x_wconf 77' lang='grc' dir='ltr'><strong>ὅ.</strong></span> <span class='ocrx_word' id='word_1_516' title='bbox 2252 4362 2277 4414; x_wconf 77' lang='lat' dir='ltr'>S</span> <span class='ocrx_word' id='word_1_517' title='bbox 2297 4360 2373 4407; x_wconf 83' lang='grc'><strong>11.</strong></span> <span class='ocrx_word' id='word_1_518' title='bbox 2398 4360 2515 4406; x_wconf 85' lang='grc'><strong>1..8.</strong></span> <span class='ocrx_word' id='word_1_519' title='bbox 2539 4363 2565 4417; x_wconf 78' lang='lat' dir='ltr'><strong>s</strong></span> <span class='ocrx_word' id='word_1_520' title='bbox 2585 4359 2643 4406; x_wconf 97' lang='grc'><strong>11</strong></span> <span class='ocrx_word' id='word_1_521' title='bbox 2665 4371 2773 4418; x_wconf 73' lang='lat' dir='ltr'><strong>sqq.</strong></span> <span class='ocrx_word' id='word_1_522' title='bbox 2795 4359 2867 4406; x_wconf 77' lang='lat' dir='ltr'><strong>de</strong></span> <span class='ocrx_word' id='word_1_523' title='bbox 2886 4360 3181 4418; x_wconf 66' lang='lat' dir='ltr'><strong>bompou.</strong></span> <span class='ocrx_word' id='word_1_524' title='bbox 3202 4369 3321 4406; x_wconf 69' lang='lat' dir='ltr'><strong>con·</strong></span> 
     </span>
    </p>

    <p class='ocr_par' dir='ltr' id='par_1_14' title="bbox 539 4419 3023 4542">
     <span class='ocr_line' id='line_1_41' title="bbox 539 4419 3023 4483; baseline 0 -16"><span class='ocrx_word' id='word_1_525' title='bbox 539 4419 588 4467; x_wconf 92' lang='grc'><strong>1.</strong></span> <span class='ocrx_word' id='word_1_526' title='bbox 614 4422 650 4477; x_wconf 90' lang='grc'><strong>).</strong></span> <span class='ocrx_word' id='word_1_527' title='bbox 1953 4426 2040 4469; x_wconf 77' lang='lat' dir='ltr'><strong>tra</strong></span> <span class='ocrx_word' id='word_1_528' title='bbox 2053 4423 2160 4470; x_wconf 79' lang='lat' dir='ltr'><strong>tab.</strong></span> <span class='ocrx_word' id='word_1_529' title='bbox 2183 4421 2515 4483; x_wconf 71' lang='lat' dir='ltr'><strong>(xxxvll,4.)</strong></span> <span class='ocrx_word' id='word_1_530' title='bbox 2548 4423 2616 4469; x_wconf 73' lang='lat' dir='ltr'><strong>cf.</strong></span> <span class='ocrx_word' id='word_1_531' title='bbox 2641 4423 2774 4469; x_wconf 74' lang='lat' dir='ltr'><strong>infra</strong></span> <span class='ocrx_word' id='word_1_532' title='bbox 2795 4423 2915 4481; x_wconf 84' lang='lat' dir='ltr'><strong>Cap.</strong></span> <span class='ocrx_word' id='word_1_533' title='bbox 2942 4423 3023 4468; x_wconf 76' lang='lat' dir='ltr'><strong>Vl.</strong></span> 
     </span>
     <span class='ocr_line' id='line_1_42' title="bbox 600 4481 1888 4542; baseline 0 -13"><span class='ocrx_word' id='word_1_534' title='bbox 600 4481 648 4542; x_wconf 74' lang='grc'><strong>4)</strong></span> <span class='ocrx_word' id='word_1_535' title='bbox 680 4484 751 4530; x_wconf 79' lang='lat' dir='ltr'><strong>cf.</strong></span> <span class='ocrx_word' id='word_1_536' title='bbox 779 4487 828 4532; x_wconf 81' lang='lat' dir='ltr'><strong>l..</strong></span> <span class='ocrx_word' id='word_1_537' title='bbox 852 4487 898 4531; x_wconf 89' lang='grc'><strong>1.</strong></span> <span class='ocrx_word' id='word_1_538' title='bbox 921 4482 972 4532; x_wconf 88' lang='lat' dir='ltr'><strong>D.</strong></span> <span class='ocrx_word' id='word_1_539' title='bbox 997 4484 1064 4532; x_wconf 78' lang='lat' dir='ltr'><strong>de</strong></span> <span class='ocrx_word' id='word_1_540' title='bbox 1087 4486 1146 4531; x_wconf 82' lang='grc' dir='ltr'><strong>Β.</strong></span> <span class='ocrx_word' id='word_1_541' title='bbox 1168 4485 1231 4530; x_wconf 95' lang='grc' dir='ltr'><strong>Ρ.</strong></span> <span class='ocrx_word' id='word_1_542' title='bbox 1252 4482 1360 4538; x_wconf 74' lang='lat' dir='ltr'><strong>sur.</strong></span> <span class='ocrx_word' id='word_1_543' title='bbox 1397 4495 1563 4539; x_wconf 77' lang='lat' dir='ltr'><strong>comp.</strong></span> <span class='ocrx_word' id='word_1_544' title='bbox 1609 4487 1624 4540; x_wconf 89' lang='lat'><strong>(</strong></span> <span class='ocrx_word' id='word_1_545' title='bbox 1649 4484 1851 4530; x_wconf 80' lang='lat' dir='ltr'><strong>xxxvll</strong></span> <span class='ocrx_word' id='word_1_546' title='bbox 1873 4517 1888 4540; x_wconf 89' lang='lat'><em>‚</em></span> 
     </span>
    </p>

    <p class='ocr_par' dir='ltr' id='par_1_15' title="bbox 538 4542 2724 4606">
     <span class='ocr_line' id='line_1_43' title="bbox 538 4542 2724 4606; baseline 0 -14"><span class='ocrx_word' id='word_1_547' title='bbox 538 4543 588 4601; x_wconf 66' lang='grc' dir='ltr'><strong>ὅ.</strong></span> <span class='ocrx_word' id='word_1_548' title='bbox 612 4546 627 4602; x_wconf 94' lang='grc'><strong>)</strong></span> <span class='ocrx_word' id='word_1_549' title='bbox 651 4570 709 4580; x_wconf 84' lang='lat'><em>-</em></span> <span class='ocrx_word' id='word_1_550' title='bbox 729 4548 780 4592; x_wconf 84' lang='grc' dir='ltr'><strong>ι..</strong></span> <span class='ocrx_word' id='word_1_551' title='bbox 804 4548 881 4594; x_wconf 86' lang='lat'><strong>11.</strong></span> <span class='ocrx_word' id='word_1_552' title='bbox 907 4551 958 4595; x_wconf 83' lang='lat' dir='ltr'><strong>o.</strong></span> <span class='ocrx_word' id='word_1_553' title='bbox 984 4548 1055 4593; x_wconf 78' lang='lat' dir='ltr'><strong>de</strong></span> <span class='ocrx_word' id='word_1_554' title='bbox 1073 4549 1216 4593; x_wconf 78' lang='lat' dir='ltr'><strong>auct.</strong></span> <span class='ocrx_word' id='word_1_555' title='bbox 1242 4550 1338 4592; x_wconf 79' lang='lat' dir='ltr'><strong>tut.</strong></span> <span class='ocrx_word' id='word_1_556' title='bbox 1359 4548 1541 4603; x_wconf 74' lang='lat' dir='ltr'><strong>(xxvi,</strong></span> <span class='ocrx_word' id='word_1_557' title='bbox 1559 4545 1689 4606; x_wconf 88' lang='lat'><strong>8.)-—-</strong></span> <span class='ocrx_word' id='word_1_558' title='bbox 1714 4550 1770 4593; x_wconf 75' lang='lat' dir='ltr'><strong>At</strong></span> <span class='ocrx_word' id='word_1_559' title='bbox 1792 4547 1887 4591; x_wconf 79' lang='lat' dir='ltr'><strong>vid.</strong></span> <span class='ocrx_word' id='word_1_560' title='bbox 2549 4550 2576 4603; x_wconf 80' lang='lat' dir='ltr'><strong>s</strong></span> <span class='ocrx_word' id='word_1_561' title='bbox 2609 4542 2724 4592; x_wconf 70' lang='lat'><strong>«34⁴.</strong></span> 
     </span>
    </p>

    <p class='ocr_par' dir='ltr' id='par_1_16' title="bbox 542 4606 1888 4669">
     <span class='ocr_line' id='line_1_44' title="bbox 542 4606 1888 4669; baseline 0 -15"><span class='ocrx_word' id='word_1_562' title='bbox 542 4608 594 4654; x_wconf 82' lang='lat'><strong>1..</strong></span> <span class='ocrx_word' id='word_1_563' title='bbox 616 4606 664 4654; x_wconf 89' lang='grc'><strong>7.</strong></span> <span class='ocrx_word' id='word_1_564' title='bbox 685 4610 775 4663; x_wconf 79' lang='lat'><strong>§¹-</strong></span> <span class='ocrx_word' id='word_1_565' title='bbox 799 4611 851 4656; x_wconf 90' lang='lat' dir='ltr'><strong>L.</strong></span> <span class='ocrx_word' id='word_1_566' title='bbox 874 4607 922 4656; x_wconf 90' lang='lat'><strong>8.</strong></span> <span class='ocrx_word' id='word_1_567' title='bbox 951 4612 1001 4656; x_wconf 90' lang='lat' dir='ltr'><strong>L.</strong></span> <span class='ocrx_word' id='word_1_568' title='bbox 1026 4609 1102 4659; x_wconf 80' lang='lat'><strong>11.</strong></span> <span class='ocrx_word' id='word_1_569' title='bbox 1130 4611 1183 4655; x_wconf 85' lang='lat' dir='ltr'><strong>D.</strong></span> <span class='ocrx_word' id='word_1_570' title='bbox 1205 4607 1271 4655; x_wconf 82' lang='lat' dir='ltr'><strong>de</strong></span> <span class='ocrx_word' id='word_1_571' title='bbox 1298 4611 1359 4656; x_wconf 88' lang='lat' dir='ltr'><strong>B.</strong></span> <span class='ocrx_word' id='word_1_572' title='bbox 1393 4611 1454 4656; x_wconf 88' lang='lat' dir='ltr'><strong>P.</strong></span> <span class='ocrx_word' id='word_1_573' title='bbox 1476 4614 1525 4654; x_wconf 85' lang='lat' dir='ltr'><strong>et</strong></span> <span class='ocrx_word' id='word_1_574' title='bbox 1555 4621 1700 4669; x_wconf 85' lang='lat' dir='ltr'><strong>supra</strong></span> <span class='ocrx_word' id='word_1_575' title='bbox 1732 4606 1888 4667; x_wconf 71' lang='lat'><strong>5690.</strong></span> 
     </span>
    </p>

    <p class='ocr_par' dir='ltr' id='par_1_17' title="bbox 544 4668 3318 4794">
     <span class='ocr_line' id='line_1_45' title="bbox 544 4668 3318 4730; baseline 0.001 -15"><span class='ocrx_word' id='word_1_576' title='bbox 544 4675 645 4716; x_wconf 84' lang='lat' dir='ltr'><strong>not.</strong></span> <span class='ocrx_word' id='word_1_577' title='bbox 668 4668 700 4716; x_wconf 87' lang='grc'><strong>6</strong></span> <span class='ocrx_word' id='word_1_578' title='bbox 715 4683 822 4730; x_wconf 83' lang='lat' dir='ltr'><strong>sqq.</strong></span> <span class='ocrx_word' id='word_1_579' title='bbox 2021 4670 2066 4729; x_wconf 91' lang='grc'><strong>1)</strong></span> <span class='ocrx_word' id='word_1_580' title='bbox 2101 4672 2239 4727; x_wconf 82' lang='lat' dir='ltr'><strong>Quod</strong></span> <span class='ocrx_word' id='word_1_581' title='bbox 2263 4670 2458 4730; x_wconf 81' lang='lat' dir='ltr'><strong>quidem</strong></span> <span class='ocrx_word' id='word_1_582' title='bbox 2495 4677 2846 4728; x_wconf 77' lang='lat' dir='ltr'><strong>argumentum</strong></span> <span class='ocrx_word' id='word_1_583' title='bbox 2882 4671 3167 4730; x_wconf 73' lang='lat' dir='ltr'><strong>plenissime</strong></span> <span class='ocrx_word' id='word_1_584' title='bbox 3187 4677 3318 4728; x_wconf 70' lang='lat' dir='ltr'><strong>supra</strong></span> 
     </span>
     <span class='ocr_line' id='line_1_46' title="bbox 603 4729 2653 4794; baseline 0 -16"><span class='ocrx_word' id='word_1_585' title='bbox 603 4729 650 4786; x_wconf 73' lang='lat'><strong>5)</strong></span> <span class='ocrx_word' id='word_1_586' title='bbox 682 4733 756 4780; x_wconf 83' lang='lat' dir='ltr'><strong>Cf.</strong></span> <span class='ocrx_word' id='word_1_587' title='bbox 781 4736 806 4788; x_wconf 74' lang='grc' dir='ltr'><strong>ς</strong></span> <span class='ocrx_word' id='word_1_588' title='bbox 825 4731 937 4780; x_wconf 86' lang='grc'><strong>619.</strong></span> <span class='ocrx_word' id='word_1_589' title='bbox 961 4740 1011 4781; x_wconf 83' lang='lat' dir='ltr'><strong>et</strong></span> <span class='ocrx_word' id='word_1_590' title='bbox 1029 4735 1095 4781; x_wconf 88' lang='lat' dir='ltr'><strong>ib.</strong></span> <span class='ocrx_word' id='word_1_591' title='bbox 1117 4735 1330 4781; x_wconf 76' lang='lat' dir='ltr'><strong>context.</strong></span> <span class='ocrx_word' id='word_1_592' title='bbox 1355 4734 1416 4780; x_wconf 84' lang='lat' dir='ltr'><strong>ad</strong></span> <span class='ocrx_word' id='word_1_593' title='bbox 1440 4738 1547 4781; x_wconf 89' lang='lat' dir='ltr'><strong>not.</strong></span> <span class='ocrx_word' id='word_1_594' title='bbox 1574 4731 1607 4779; x_wconf 84' lang='grc'><strong>9</strong></span> <span class='ocrx_word' id='word_1_595' title='bbox 1627 4745 1735 4793; x_wconf 82' lang='lat' dir='ltr'><strong>sqq.</strong></span> <span class='ocrx_word' id='word_1_596' title='bbox 1958 4735 2201 4794; x_wconf 79' lang='lat' dir='ltr'><strong>persecuti</strong></span> <span class='ocrx_word' id='word_1_597' title='bbox 2223 4745 2391 4779; x_wconf 81' lang='lat' dir='ltr'><strong>sumus</strong></span> <span class='ocrx_word' id='word_1_598' title='bbox 2415 4735 2440 4789; x_wconf 77' lang='lat' dir='ltr'>S</span> <span class='ocrx_word' id='word_1_599' title='bbox 2463 4731 2560 4781; x_wconf 88' lang='grc'><strong>610</strong></span> <span class='ocrx_word' id='word_1_600' title='bbox 2580 4745 2653 4791; x_wconf 80' lang='lat' dir='ltr'><strong>sq.</strong></span> 
     </span>
    </p>
   </div>
   <div class='ocr_carea' id='block_1_14' title="bbox 544 4792 3313 4981">
    <p class='ocr_par' dir='ltr' id='par_1_18' title="bbox 544 4792 3313 4981">
     <span class='ocr_line' id='line_1_47' title="bbox 606 4792 3313 4856; baseline -0.001 -17"><span class='ocrx_word' id='word_1_601' title='bbox 606 4793 654 4850; x_wconf 87' lang='grc'><strong>6)</strong></span> <span class='ocrx_word' id='word_1_602' title='bbox 687 4797 711 4849; x_wconf 77' lang='lat' dir='ltr'>S</span> <span class='ocrx_word' id='word_1_603' title='bbox 735 4797 826 4842; x_wconf 85' lang='lat' dir='ltr'><strong>ult.</strong></span> <span class='ocrx_word' id='word_1_604' title='bbox 848 4796 966 4842; x_wconf 83' lang='lat' dir='ltr'><strong>Lde</strong></span> <span class='ocrx_word' id='word_1_605' title='bbox 986 4799 1045 4844; x_wconf 77' lang='grc' dir='ltr'><strong>Β.</strong></span> <span class='ocrx_word' id='word_1_606' title='bbox 1069 4799 1130 4843; x_wconf 89' lang='grc' dir='ltr'><strong>Ρ.</strong></span> <span class='ocrx_word' id='word_1_607' title='bbox 1153 4818 1215 4829; x_wconf 93' lang='grc'><strong>-</strong></span> <span class='ocrx_word' id='word_1_608' title='bbox 1239 4798 1290 4842; x_wconf 90' lang='lat' dir='ltr'><strong>L.</strong></span> <span class='ocrx_word' id='word_1_609' title='bbox 1313 4797 1406 4842; x_wconf 87' lang='lat' dir='ltr'><strong>ult.</strong></span> <span class='ocrx_word' id='word_1_610' title='bbox 1437 4797 1493 4842; x_wconf 86' lang='lat' dir='ltr'><strong>C.</strong></span> <span class='ocrx_word' id='word_1_611' title='bbox 1529 4795 1622 4856; x_wconf 78' lang='lat' dir='ltr'><strong>qui</strong></span> <span class='ocrx_word' id='word_1_612' title='bbox 1641 4797 1787 4843; x_wconf 83' lang='lat' dir='ltr'><strong>adm.</strong></span> <span class='ocrx_word' id='word_1_613' title='bbox 1823 4793 1900 4840; x_wconf 79' lang='lat' dir='ltr'><strong>ad</strong></span> <span class='ocrx_word' id='word_1_614' title='bbox 2022 4796 2070 4853; x_wconf 70' lang='lat'><strong>2)</strong></span> <span class='ocrx_word' id='word_1_615' title='bbox 2092 4799 2117 4853; x_wconf 81' lang='lat' dir='ltr'><strong>s</strong></span> <span class='ocrx_word' id='word_1_616' title='bbox 2138 4795 2188 4842; x_wconf 77' lang='lat'><strong>2.</strong></span> <span class='ocrx_word' id='word_1_617' title='bbox 2213 4798 2250 4842; x_wconf 89' lang='lat'><strong>1.</strong></span> <span class='ocrx_word' id='word_1_618' title='bbox 2274 4795 2341 4843; x_wconf 83' lang='lat' dir='ltr'><strong>de</strong></span> <span class='ocrx_word' id='word_1_619' title='bbox 2360 4796 2474 4844; x_wconf 71' lang='lat' dir='ltr'><strong>lter.</strong></span> <span class='ocrx_word' id='word_1_620' title='bbox 2498 4796 2743 4843; x_wconf 54' lang='lat' dir='ltr'><strong>insa—L.</strong></span> <span class='ocrx_word' id='word_1_621' title='bbox 2770 4793 2849 4842; x_wconf 75' lang='lat'><strong>15.</strong></span> <span class='ocrx_word' id='word_1_622' title='bbox 2875 4808 2953 4854; x_wconf 78' lang='lat' dir='ltr'><strong>pr.</strong></span> <span class='ocrx_word' id='word_1_623' title='bbox 2977 4797 3033 4841; x_wconf 83' lang='lat'><strong>1).</strong></span> <span class='ocrx_word' id='word_1_624' title='bbox 3060 4795 3132 4842; x_wconf 79' lang='lat' dir='ltr'><strong>de</strong></span> <span class='ocrx_word' id='word_1_625' title='bbox 3154 4794 3247 4840; x_wconf 71' lang='lat' dir='ltr'><strong>lat.</strong></span> <span class='ocrx_word' id='word_1_626' title='bbox 3265 4792 3313 4837; x_wconf 69' lang='lat' dir='ltr'><strong>in</strong></span> 
     </span>
     <span class='ocr_line' id='line_1_48' title="bbox 544 4853 3313 4916; baseline -0.001 -13"><span class='ocrx_word' id='word_1_627' title='bbox 544 4857 605 4903; x_wconf 86' lang='lat' dir='ltr'><strong>B.</strong></span> <span class='ocrx_word' id='word_1_628' title='bbox 638 4859 702 4904; x_wconf 88' lang='grc' dir='ltr'><strong>Ρ.</strong></span> <span class='ocrx_word' id='word_1_629' title='bbox 722 4869 864 4913; x_wconf 77' lang='lat' dir='ltr'><strong>poss.</strong></span> <span class='ocrx_word' id='word_1_630' title='bbox 889 4860 989 4914; x_wconf 88' lang='lat' dir='ltr'><strong>(Vl.</strong></span> <span class='ocrx_word' id='word_1_631' title='bbox 1008 4858 1076 4916; x_wconf 88' lang='lat'><strong>9.)</strong></span> <span class='ocrx_word' id='word_1_632' title='bbox 1096 4882 1152 4891; x_wconf 93' lang='lat'>—</span> <span class='ocrx_word' id='word_1_633' title='bbox 1177 4859 1307 4916; x_wconf 75' lang='lat' dir='ltr'><strong>(Nec</strong></span> <span class='ocrx_word' id='word_1_634' title='bbox 1327 4862 1575 4905; x_wconf 82' lang='lat' dir='ltr'><strong>contraria</strong></span> <span class='ocrx_word' id='word_1_635' title='bbox 1598 4866 1670 4905; x_wconf 79' lang='lat' dir='ltr'><strong>est</strong></span> <span class='ocrx_word' id='word_1_636' title='bbox 1693 4861 1744 4905; x_wconf 85' lang='lat' dir='ltr'><strong>L.</strong></span> <span class='ocrx_word' id='word_1_637' title='bbox 1768 4855 1817 4903; x_wconf 84' lang='lat'><strong>8.</strong></span> <span class='ocrx_word' id='word_1_638' title='bbox 1843 4859 1897 4903; x_wconf 82' lang='lat' dir='ltr'><strong>C.</strong></span> <span class='ocrx_word' id='word_1_639' title='bbox 1952 4861 2083 4915; x_wconf 77' lang='lat' dir='ltr'><strong>jure</strong></span> <span class='ocrx_word' id='word_1_640' title='bbox 2103 4858 2212 4914; x_wconf 72' lang='lat' dir='ltr'><strong>rac.</strong></span> <span class='ocrx_word' id='word_1_641' title='bbox 2232 4859 2331 4915; x_wconf 81' lang='lat' dir='ltr'><strong>(xl,</strong></span> <span class='ocrx_word' id='word_1_642' title='bbox 2352 4859 2539 4915; x_wconf 84' lang='lat'><strong>1.)—1..</strong></span> <span class='ocrx_word' id='word_1_643' title='bbox 2562 4855 2644 4904; x_wconf 72' lang='lat'><strong>54.</strong></span> <span class='ocrx_word' id='word_1_644' title='bbox 2671 4860 2725 4905; x_wconf 79' lang='lat' dir='ltr'><strong>D.</strong></span> <span class='ocrx_word' id='word_1_645' title='bbox 2748 4870 2804 4905; x_wconf 85' lang='grc' dir='ltr'><strong>α.</strong></span> <span class='ocrx_word' id='word_1_646' title='bbox 2824 4871 2873 4903; x_wconf 77' lang='lat' dir='ltr'><strong>r.</strong></span> <span class='ocrx_word' id='word_1_647' title='bbox 2892 4857 2946 4903; x_wconf 78' lang='lat' dir='ltr'><strong>d.</strong></span> <span class='ocrx_word' id='word_1_648' title='bbox 2972 4858 3110 4913; x_wconf 71' lang='grc' dir='ltr'>(ΧΗ,</span> <span class='ocrx_word' id='word_1_649' title='bbox 3126 4853 3313 4911; x_wconf 72' lang='grc' dir='ltr'><strong>1.)-ᾱ.</strong></span> 
     </span>
     <span class='ocr_line' id='line_1_49' title="bbox 546 4917 3183 4981; baseline 0 -16"><span class='ocrx_word' id='word_1_650' title='bbox 546 4918 661 4978; x_wconf 69' lang='lat' dir='ltr'><strong>eod.</strong></span> <span class='ocrx_word' id='word_1_651' title='bbox 690 4944 743 4952; x_wconf 94' lang='lat'>—</span> <span class='ocrx_word' id='word_1_652' title='bbox 767 4919 840 4966; x_wconf 78' lang='lat' dir='ltr'><strong>ef.</strong></span> <span class='ocrx_word' id='word_1_653' title='bbox 880 4921 1053 4968; x_wconf 79' lang='lat' dir='ltr'><strong>Archiv</strong></span> <span class='ocrx_word' id='word_1_654' title='bbox 1076 4921 1113 4968; x_wconf 71' lang='lat' dir='ltr'><strong>f.</strong></span> <span class='ocrx_word' id='word_1_655' title='bbox 1144 4924 1236 4969; x_wconf 79' lang='lat' dir='ltr'><strong>civ.</strong></span> <span class='ocrx_word' id='word_1_656' title='bbox 1259 4923 1338 4969; x_wconf 81' lang='lat' dir='ltr'><strong>Pr.</strong></span> <span class='ocrx_word' id='word_1_657' title='bbox 1361 4922 1419 4968; x_wconf 89' lang='lat' dir='ltr'><strong>ll.</strong></span> <span class='ocrx_word' id='word_1_658' title='bbox 1444 4933 1493 4981; x_wconf 83' lang='lat' dir='ltr'><strong>p.</strong></span> <span class='ocrx_word' id='word_1_659' title='bbox 1517 4918 1633 4971; x_wconf 76' lang='lat'><strong>587.</strong></span> <span class='ocrx_word' id='word_1_660' title='bbox 1657 4927 1760 4969; x_wconf 89' lang='lat' dir='ltr'><strong>not.</strong></span> <span class='ocrx_word' id='word_1_661' title='bbox 1782 4919 1900 4978; x_wconf 78' lang='lat'><strong>58.)</strong></span> <span class='ocrx_word' id='word_1_662' title='bbox 1964 4923 1991 4977; x_wconf 80' lang='lat' dir='ltr'><strong>s</strong></span> <span class='ocrx_word' id='word_1_663' title='bbox 2021 4919 2136 4969; x_wconf 89' lang='grc'><strong>608.</strong></span> <span class='ocrx_word' id='word_1_664' title='bbox 2166 4927 2268 4969; x_wconf 91' lang='lat' dir='ltr'><strong>not.</strong></span> <span class='ocrx_word' id='word_1_665' title='bbox 2292 4920 2341 4969; x_wconf 71' lang='grc' dir='ltr'><strong>Ξ.</strong></span> <span class='ocrx_word' id='word_1_666' title='bbox 2361 4922 2388 4975; x_wconf 80' lang='lat' dir='ltr'><strong>s</strong></span> <span class='ocrx_word' id='word_1_667' title='bbox 2411 4919 2525 4970; x_wconf 81' lang='grc'><strong>609.</strong></span> <span class='ocrx_word' id='word_1_668' title='bbox 2552 4927 2656 4970; x_wconf 87' lang='lat' dir='ltr'><strong>not.</strong></span> <span class='ocrx_word' id='word_1_669' title='bbox 2680 4922 2730 4967; x_wconf 72' lang='grc' dir='ltr'><strong>ὅ.</strong></span> <span class='ocrx_word' id='word_1_670' title='bbox 2753 4922 2847 4978; x_wconf 72' lang='grc' dir='ltr'><strong>εις</strong></span> <span class='ocrx_word' id='word_1_671' title='bbox 2867 4917 2982 4969; x_wconf 73' lang='grc'><strong>618.</strong></span> <span class='ocrx_word' id='word_1_672' title='bbox 3006 4926 3111 4966; x_wconf 84' lang='lat' dir='ltr'><strong>not.</strong></span> <span class='ocrx_word' id='word_1_673' title='bbox 3133 4917 3183 4965; x_wconf 85' lang='lat'><strong>5.</strong></span> 
     </span>
    </p>
   </div>
  </div>
 </body>
</html>
