<?xml version="1.0" encoding="UTF-8"?>
<!DOCTYPE html PUBLIC "-//W3C//DTD XHTML 1.0 Transitional//EN"
    "http://www.w3.org/TR/xhtml1/DTD/xhtml1-transitional.dtd">
<html xmlns="http://www.w3.org/1999/xhtml" xml:lang="en" lang="en">
 <head>
  <title>
</title>
<meta http-equiv="Content-Type" content="text/html;charset=utf-8" />
  <meta name='ocr-system' content='tesseract 3.04.00' />
  <meta name='ocr-capabilities' content='ocr_page ocr_carea ocr_par ocr_line ocrx_word'/>
</head>
<body>
  <div class='ocr_page' id='page_1' title='image "./doctrinapandect03mhgoog/doctrinapandect03mhgoog_0045.png"; bbox 0 0 3544 5506; ppageno 0'>
   <div class='ocr_carea' id='block_1_1' title="bbox 1469 289 3061 344">
    <p class='ocr_par' dir='ltr' id='par_1_1' title="bbox 1469 289 3061 344">
     <span class='ocr_line' id='line_1_1' title="bbox 1469 289 3061 344; baseline -0.002 0"><span class='ocrx_word' id='word_1_1' title='bbox 1469 300 1834 344; x_wconf 71' lang='lat' dir='ltr'><strong>Pnoomtttm</strong></span> <span class='ocrx_word' id='word_1_2' title='bbox 1843 325 1857 341; x_wconf 81' lang='lat'><strong>·</strong></span> <span class='ocrx_word' id='word_1_3' title='bbox 2993 289 3061 342; x_wconf 67' lang='lat'><strong>21</strong></span> 
     </span>
    </p>
   </div>
   <div class='ocr_carea' id='block_1_2' title="bbox 251 411 3075 780">
    <p class='ocr_par' dir='ltr' id='par_1_2' title="bbox 251 411 3075 780">
     <span class='ocr_line' id='line_1_2' title="bbox 252 411 3075 489; baseline 0.002 -20"><span class='ocrx_word' id='word_1_4' title='bbox 252 417 463 471; x_wconf 86' lang='lat' dir='ltr'><strong>totam</strong></span> <span class='ocrx_word' id='word_1_5' title='bbox 504 411 644 471; x_wconf 76' lang='lat' dir='ltr'><strong>rere</strong></span> <span class='ocrx_word' id='word_1_6' title='bbox 682 416 1001 488; x_wconf 77' lang='lat' dir='ltr'><strong>Europam</strong></span> <span class='ocrx_word' id='word_1_7' title='bbox 1032 419 1477 489; x_wconf 86' lang='lat' dir='ltr'><strong>propagatum,</strong></span> <span class='ocrx_word' id='word_1_8' title='bbox 1520 411 1813 486; x_wconf 82' lang='lat' dir='ltr'><strong>jurisque</strong></span> <span class='ocrx_word' id='word_1_9' title='bbox 1857 411 2076 485; x_wconf 88' lang='lat' dir='ltr'><strong>scripti</strong></span> <span class='ocrx_word' id='word_1_10' title='bbox 2104 412 2554 471; x_wconf 90' lang='lat' dir='ltr'><strong>auctoritatem</strong></span> <span class='ocrx_word' id='word_1_11' title='bbox 2576 419 2838 472; x_wconf 90' lang='lat' dir='ltr'><strong>nactum</strong></span> <span class='ocrx_word' id='word_1_12' title='bbox 2864 414 2943 472; x_wconf 88' lang='lat' dir='ltr'><strong>sit</strong></span> <span class='ocrx_word' id='word_1_13' title='bbox 2978 414 3027 476; x_wconf 92' lang='grc' dir='ltr'><strong>ι)</strong></span> <span class='ocrx_word' id='word_1_14' title='bbox 3059 453 3075 480; x_wconf 82' lang='grc'><em>,</em></span> 
     </span>
     <span class='ocr_line' id='line_1_3' title="bbox 252 507 3066 588; baseline -0 -18"><span class='ocrx_word' id='word_1_15' title='bbox 252 528 423 585; x_wconf 83' lang='lat' dir='ltr'><strong>quae</strong></span> <span class='ocrx_word' id='word_1_16' title='bbox 447 513 713 586; x_wconf 86' lang='lat' dir='ltr'><strong>quidem</strong></span> <span class='ocrx_word' id='word_1_17' title='bbox 741 521 891 574; x_wconf 89' lang='lat' dir='ltr'><strong>ante</strong></span> <span class='ocrx_word' id='word_1_18' title='bbox 906 516 1003 573; x_wconf 80' lang='lat' dir='ltr'><strong>vel</strong></span> <span class='ocrx_word' id='word_1_19' title='bbox 1027 516 1215 588; x_wconf 89' lang='lat' dir='ltr'><strong>plane</strong></span> <span class='ocrx_word' id='word_1_20' title='bbox 1243 515 1419 571; x_wconf 89' lang='lat' dir='ltr'><strong>nulla</strong></span> <span class='ocrx_word' id='word_1_21' title='bbox 1442 515 1677 582; x_wconf 81' lang='lat' dir='ltr'><strong>fuerat,</strong></span> <span class='ocrx_word' id='word_1_22' title='bbox 1698 507 1797 570; x_wconf 80' lang='lat' dir='ltr'><strong>vel</strong></span> <span class='ocrx_word' id='word_1_23' title='bbox 1820 510 2220 588; x_wconf 76' lang='lat' dir='ltr'><strong>imperfecte,</strong></span> <span class='ocrx_word' id='word_1_24' title='bbox 2238 518 2351 570; x_wconf 89' lang='lat' dir='ltr'><strong>aut</strong></span> <span class='ocrx_word' id='word_1_25' title='bbox 2365 513 2627 572; x_wconf 90' lang='lat' dir='ltr'><strong>omnino</strong></span> <span class='ocrx_word' id='word_1_26' title='bbox 2644 514 2895 571; x_wconf 88' lang='lat' dir='ltr'><strong>incerto</strong></span> <span class='ocrx_word' id='word_1_27' title='bbox 2921 513 3066 576; x_wconf 84' lang='lat' dir='ltr'><strong>fon—</strong></span> 
     </span>
     <span class='ocr_line' id='line_1_4' title="bbox 251 610 3063 683; baseline -0 -14"><span class='ocrx_word' id='word_1_28' title='bbox 251 611 411 670; x_wconf 88' lang='lat' dir='ltr'><strong>tium</strong></span> <span class='ocrx_word' id='word_1_29' title='bbox 448 627 574 670; x_wconf 91' lang='lat' dir='ltr'><strong>usu</strong></span> <span class='ocrx_word' id='word_1_30' title='bbox 603 613 945 671; x_wconf 75' lang='lat' dir='ltr'><strong>nitebatur.</strong></span> <span class='ocrx_word' id='word_1_31' title='bbox 1001 616 1078 672; x_wconf 84' lang='lat' dir='ltr'><strong>At</strong></span> <span class='ocrx_word' id='word_1_32' title='bbox 1103 627 1259 671; x_wconf 84' lang='lat' dir='ltr'><strong>vero</strong></span> <span class='ocrx_word' id='word_1_33' title='bbox 1304 611 1695 671; x_wconf 79' lang='lat' dir='ltr'><strong>felicissimus</strong></span> <span class='ocrx_word' id='word_1_34' title='bbox 1723 611 1830 670; x_wconf 89' lang='lat' dir='ltr'><strong>ille</strong></span> <span class='ocrx_word' id='word_1_35' title='bbox 1860 625 2187 669; x_wconf 76' lang='lat' dir='ltr'><strong>successus</strong></span> <span class='ocrx_word' id='word_1_36' title='bbox 2231 626 2424 683; x_wconf 89' lang='lat' dir='ltr'><strong>quam</strong></span> <span class='ocrx_word' id='word_1_37' title='bbox 2471 610 2742 668; x_wconf 85' lang='lat' dir='ltr'>maxime</span> <span class='ocrx_word' id='word_1_38' title='bbox 2770 612 2962 669; x_wconf 89' lang='lat' dir='ltr'><strong>etiam</strong></span> <span class='ocrx_word' id='word_1_39' title='bbox 2989 626 3063 668; x_wconf 90' lang='lat' dir='ltr'><strong>ex</strong></span> 
     </span>
     <span class='ocr_line' id='line_1_5' title="bbox 252 705 3064 780; baseline -0 -16"><span class='ocrx_word' id='word_1_40' title='bbox 252 708 448 780; x_wconf 87' lang='lat' dir='ltr'><strong>ipsius</strong></span> <span class='ocrx_word' id='word_1_41' title='bbox 462 707 629 780; x_wconf 84' lang='lat' dir='ltr'><strong>juris</strong></span> <span class='ocrx_word' id='word_1_42' title='bbox 658 709 920 767; x_wconf 84' lang='lat' dir='ltr'><strong>Romani</strong></span> <span class='ocrx_word' id='word_1_43' title='bbox 947 710 1159 768; x_wconf 91' lang='lat' dir='ltr'><strong>indole</strong></span> <span class='ocrx_word' id='word_1_44' title='bbox 1180 707 1563 780; x_wconf 89' lang='lat' dir='ltr'><strong>ingenioque</strong></span> <span class='ocrx_word' id='word_1_45' title='bbox 1602 706 1935 779; x_wconf 87' lang='lat' dir='ltr'><strong>praeclaro</strong></span> <span class='ocrx_word' id='word_1_46' title='bbox 1989 707 2377 777; x_wconf 89' lang='lat' dir='ltr'><strong>repetendus</strong></span> <span class='ocrx_word' id='word_1_47' title='bbox 2425 711 2542 764; x_wconf 91' lang='lat' dir='ltr'><strong>est.</strong></span> <span class='ocrx_word' id='word_1_48' title='bbox 2595 705 2782 779; x_wconf 88' lang='lat' dir='ltr'><strong>Cujus</strong></span> <span class='ocrx_word' id='word_1_49' title='bbox 2827 706 3064 778; x_wconf 82' lang='lat' dir='ltr'>quippe</span> 
     </span>
    </p>
   </div>
   <div class='ocr_carea' id='block_1_3' title="bbox 253 802 3062 973">
    <p class='ocr_par' dir='ltr' id='par_1_3' title="bbox 253 802 3062 973">
     <span class='ocr_line' id='line_1_6' title="bbox 253 802 3062 878; baseline -0.001 -18"><span class='ocrx_word' id='word_1_50' title='bbox 253 811 630 878; x_wconf 88' lang='lat' dir='ltr'><strong>praecepta,</strong></span> <span class='ocrx_word' id='word_1_51' title='bbox 664 804 715 861; x_wconf 87' lang='lat' dir='ltr'><strong>si</strong></span> <span class='ocrx_word' id='word_1_52' title='bbox 738 805 943 863; x_wconf 88' lang='lat' dir='ltr'><strong>minus</strong></span> <span class='ocrx_word' id='word_1_53' title='bbox 973 804 1223 876; x_wconf 88' lang='lat' dir='ltr'><strong>omnia,</strong></span> <span class='ocrx_word' id='word_1_54' title='bbox 1260 810 1326 861; x_wconf 88' lang='lat' dir='ltr'><strong>at</strong></span> <span class='ocrx_word' id='word_1_55' title='bbox 1372 809 1548 862; x_wconf 89' lang='lat' dir='ltr'><strong>certe</strong></span> <span class='ocrx_word' id='word_1_56' title='bbox 1575 802 1850 874; x_wconf 88' lang='lat' dir='ltr'><strong>plurima</strong></span> <span class='ocrx_word' id='word_1_57' title='bbox 1886 816 2091 873; x_wconf 90' lang='lat' dir='ltr'><strong>eaque</strong></span> <span class='ocrx_word' id='word_1_58' title='bbox 2131 802 2498 872; x_wconf 79' lang='lat' dir='ltr'><strong>gravissima</strong></span> <span class='ocrx_word' id='word_1_59' title='bbox 2522 802 2611 859; x_wconf 89' lang='lat' dir='ltr'><strong>ita</strong></span> <span class='ocrx_word' id='word_1_60' title='bbox 2634 806 2785 859; x_wconf 88' lang='lat' dir='ltr'><strong>sunt</strong></span> <span class='ocrx_word' id='word_1_61' title='bbox 2805 816 3062 875; x_wconf 80' lang='lat' dir='ltr'><strong>compa-</strong></span> 
     </span>
     <span class='ocr_line' id='line_1_7' title="bbox 254 897 3061 973; baseline -0.001 -17"><span class='ocrx_word' id='word_1_62' title='bbox 254 905 420 973; x_wconf 89' lang='lat' dir='ltr'><strong>rata,</strong></span> <span class='ocrx_word' id='word_1_63' title='bbox 452 905 528 956; x_wconf 94' lang='lat' dir='ltr'><strong>ut</strong></span> <span class='ocrx_word' id='word_1_64' title='bbox 564 915 794 958; x_wconf 92' lang='lat' dir='ltr'><strong>eorum</strong></span> <span class='ocrx_word' id='word_1_65' title='bbox 822 916 970 959; x_wconf 88' lang='lat' dir='ltr'><strong>usus</strong></span> <span class='ocrx_word' id='word_1_66' title='bbox 1000 900 1259 958; x_wconf 89' lang='lat' dir='ltr'><strong>minime</strong></span> <span class='ocrx_word' id='word_1_67' title='bbox 1281 908 1392 958; x_wconf 91' lang='lat' dir='ltr'><strong>aut</strong></span> <span class='ocrx_word' id='word_1_68' title='bbox 1419 905 1745 957; x_wconf 89' lang='lat' dir='ltr'><strong>certarum</strong></span> <span class='ocrx_word' id='word_1_69' title='bbox 1769 897 2100 968; x_wconf 88' lang='lat' dir='ltr'><strong>regionum</strong></span> <span class='ocrx_word' id='word_1_70' title='bbox 2130 897 2417 955; x_wconf 91' lang='lat' dir='ltr'><strong>terminis</strong></span> <span class='ocrx_word' id='word_1_71' title='bbox 2464 897 2873 956; x_wconf 89' lang='lat' dir='ltr'><strong>contineatur</strong></span> <span class='ocrx_word' id='word_1_72' title='bbox 2896 939 2913 965; x_wconf 95' lang='lat'>‚</span> <span class='ocrx_word' id='word_1_73' title='bbox 2948 904 3061 954; x_wconf 91' lang='lat' dir='ltr'><strong>aut</strong></span> 
     </span>
    </p>
   </div>
   <div class='ocr_carea' id='block_1_4' title="bbox 224 992 3065 4205">
    <p class='ocr_par' dir='ltr' id='par_1_4' title="bbox 224 992 3065 4205">
     <span class='ocr_line' id='line_1_8' title="bbox 255 992 3065 1067; baseline -0.001 -15"><span class='ocrx_word' id='word_1_74' title='bbox 255 994 581 1066; x_wconf 87' lang='lat' dir='ltr'><strong>regiminis</strong></span> <span class='ocrx_word' id='word_1_75' title='bbox 605 995 884 1067; x_wconf 87' lang='lat' dir='ltr'><strong>quadam</strong></span> <span class='ocrx_word' id='word_1_76' title='bbox 899 995 1172 1054; x_wconf 78' lang='lat' dir='ltr'><strong>formula</strong></span> <span class='ocrx_word' id='word_1_77' title='bbox 1196 1001 1415 1054; x_wconf 89' lang='lat' dir='ltr'><strong>certae</strong></span> <span class='ocrx_word' id='word_1_78' title='bbox 1441 993 1713 1052; x_wconf 79' lang='lat' dir='ltr'><strong>civitatis</strong></span> <span class='ocrx_word' id='word_1_79' title='bbox 1734 992 1996 1066; x_wconf 91' lang='lat' dir='ltr'><strong>propria</strong></span> <span class='ocrx_word' id='word_1_80' title='bbox 2017 992 2383 1064; x_wconf 81' lang='lat' dir='ltr'><strong>definiatur,</strong></span> <span class='ocrx_word' id='word_1_81' title='bbox 2423 1007 2648 1050; x_wconf 84' lang='lat' dir='ltr'><strong>verum</strong></span> <span class='ocrx_word' id='word_1_82' title='bbox 2678 993 2884 1052; x_wconf 85' lang='lat' dir='ltr'><strong>ubivis</strong></span> <span class='ocrx_word' id='word_1_83' title='bbox 2911 1008 3065 1064; x_wconf 89' lang='lat' dir='ltr'><strong>gen-</strong></span> 
     </span>
     <span class='ocr_line' id='line_1_9' title="bbox 254 1087 3062 1163; baseline -0 -17"><span class='ocrx_word' id='word_1_84' title='bbox 254 1091 414 1148; x_wconf 88' lang='lat' dir='ltr'><strong>tium</strong></span> <span class='ocrx_word' id='word_1_85' title='bbox 436 1106 578 1149; x_wconf 82' lang='lat' dir='ltr'><strong>esse</strong></span> <span class='ocrx_word' id='word_1_86' title='bbox 597 1091 820 1163; x_wconf 81' lang='lat' dir='ltr'><strong>possit,</strong></span> <span class='ocrx_word' id='word_1_87' title='bbox 844 1092 1112 1151; x_wconf 82' lang='lat' dir='ltr'>maxime</span> <span class='ocrx_word' id='word_1_88' title='bbox 1140 1091 1249 1148; x_wconf 90' lang='lat' dir='ltr'><strong>ubi</strong></span> <span class='ocrx_word' id='word_1_89' title='bbox 1279 1089 1813 1149; x_wconf 79' lang='lat' dir='ltr'><strong>commerciorum</strong></span> <span class='ocrx_word' id='word_1_90' title='bbox 1836 1103 1987 1146; x_wconf 87' lang='lat' dir='ltr'><strong>usus</strong></span> <span class='ocrx_word' id='word_1_91' title='bbox 2020 1090 2263 1160; x_wconf 82' lang='lat' dir='ltr'><strong>augeri,</strong></span> <span class='ocrx_word' id='word_1_92' title='bbox 2299 1090 2428 1146; x_wconf 85' lang='lat' dir='ltr'><strong>vita</strong></span> <span class='ocrx_word' id='word_1_93' title='bbox 2442 1088 2636 1147; x_wconf 80' lang='lat' dir='ltr'><strong>civilis</strong></span> <span class='ocrx_word' id='word_1_94' title='bbox 2657 1087 3062 1160; x_wconf 90' lang='lat' dir='ltr'><strong>negotiorum</strong></span> 
     </span>
     <span class='ocr_line' id='line_1_10' title="bbox 254 1189 3058 1263; baseline -0 -16"><span class='ocrx_word' id='word_1_95' title='bbox 254 1191 538 1262; x_wconf 84' lang='lat' dir='ltr'><strong>quadam</strong></span> <span class='ocrx_word' id='word_1_96' title='bbox 558 1191 964 1249; x_wconf 89' lang='lat' dir='ltr'><strong>multitudine</strong></span> <span class='ocrx_word' id='word_1_97' title='bbox 984 1191 1359 1263; x_wconf 81' lang='lat' dir='ltr'><strong>amplificari</strong></span> <span class='ocrx_word' id='word_1_98' title='bbox 1377 1189 1823 1263; x_wconf 82' lang='lat' dir='ltr'><strong>impedirique,</strong></span> <span class='ocrx_word' id='word_1_99' title='bbox 1855 1203 1931 1247; x_wconf 89' lang='lat' dir='ltr'><strong>ac</strong></span> <span class='ocrx_word' id='word_1_100' title='bbox 1976 1191 2253 1262; x_wconf 89' lang='lat' dir='ltr'><strong>populus</strong></span> <span class='ocrx_word' id='word_1_101' title='bbox 2280 1190 2413 1262; x_wconf 88' lang='lat' dir='ltr'><strong>ipsc</strong></span> <span class='ocrx_word' id='word_1_102' title='bbox 2435 1190 2517 1247; x_wconf 92' lang='lat' dir='ltr'><strong>ad</strong></span> <span class='ocrx_word' id='word_1_103' title='bbox 2548 1189 2905 1247; x_wconf 89' lang='lat' dir='ltr'><strong>litterarum</strong></span> <span class='ocrx_word' id='word_1_104' title='bbox 2921 1203 3058 1248; x_wconf 89' lang='lat' dir='ltr'><strong>om·</strong></span> 
     </span>
     <span class='ocr_line' id='line_1_11' title="bbox 252 1288 3060 1363; baseline -0.001 -16"><span class='ocrx_word' id='word_1_105' title='bbox 252 1289 564 1363; x_wconf 89' lang='lat' dir='ltr'><strong>niumque</strong></span> <span class='ocrx_word' id='word_1_106' title='bbox 591 1291 912 1348; x_wconf 89' lang='lat' dir='ltr'><strong>bonarum</strong></span> <span class='ocrx_word' id='word_1_107' title='bbox 937 1291 1170 1348; x_wconf 89' lang='lat' dir='ltr'><strong>artium</strong></span> <span class='ocrx_word' id='word_1_108' title='bbox 1187 1291 1467 1349; x_wconf 90' lang='lat' dir='ltr'><strong>studium</strong></span> <span class='ocrx_word' id='word_1_109' title='bbox 1484 1291 1832 1361; x_wconf 88' lang='lat' dir='ltr'><strong>adsurgere</strong></span> <span class='ocrx_word' id='word_1_110' title='bbox 1862 1289 2098 1361; x_wconf 89' lang='lat' dir='ltr'><strong>coepit.</strong></span> <span class='ocrx_word' id='word_1_111' title='bbox 2134 1291 2370 1347; x_wconf 87' lang='lat' dir='ltr'><strong>Contra</strong></span> <span class='ocrx_word' id='word_1_112' title='bbox 2387 1302 2544 1346; x_wconf 84' lang='lat' dir='ltr'><strong>vero</strong></span> <span class='ocrx_word' id='word_1_113' title='bbox 2566 1288 3060 1348; x_wconf 87' lang='lat' dir='ltr'><strong>domesticarum</strong></span> 
     </span>
     <span class='ocr_line' id='line_1_12' title="bbox 252 1385 3060 1463; baseline -0 -17"><span class='ocrx_word' id='word_1_114' title='bbox 252 1390 463 1460; x_wconf 86' lang='lat' dir='ltr'><strong>legum</strong></span> <span class='ocrx_word' id='word_1_115' title='bbox 484 1390 766 1448; x_wconf 86' lang='lat' dir='ltr'><strong>studium</strong></span> <span class='ocrx_word' id='word_1_116' title='bbox 787 1405 1015 1463; x_wconf 89' lang='lat' dir='ltr'><strong>parum</strong></span> <span class='ocrx_word' id='word_1_117' title='bbox 1050 1390 1306 1449; x_wconf 78' lang='lat' dir='ltr'><strong>adferre</strong></span> <span class='ocrx_word' id='word_1_118' title='bbox 1328 1390 1668 1448; x_wconf 84' lang='lat' dir='ltr'><strong>videbatur</strong></span> <span class='ocrx_word' id='word_1_119' title='bbox 1691 1388 1999 1463; x_wconf 78' lang='lat' dir='ltr'><strong>utilitatis,</strong></span> <span class='ocrx_word' id='word_1_120' title='bbox 2029 1403 2106 1446; x_wconf 83' lang='lat' dir='ltr'><strong>ac</strong></span> <span class='ocrx_word' id='word_1_121' title='bbox 2129 1390 2336 1446; x_wconf 87' lang='lat' dir='ltr'><strong>multo</strong></span> <span class='ocrx_word' id='word_1_122' title='bbox 2365 1385 2560 1446; x_wconf 88' lang='lat' dir='ltr'><strong>etiam</strong></span> <span class='ocrx_word' id='word_1_123' title='bbox 2584 1388 2792 1447; x_wconf 88' lang='lat' dir='ltr'><strong>minus</strong></span> <span class='ocrx_word' id='word_1_124' title='bbox 2819 1387 3060 1445; x_wconf 91' lang='lat' dir='ltr'><strong>babere</strong></span> 
     </span>
     <span class='ocr_line' id='line_1_13' title="bbox 250 1488 3056 1562; baseline 0 -18"><span class='ocrx_word' id='word_1_125' title='bbox 250 1488 713 1547; x_wconf 81' lang='lat' dir='ltr'><strong>delectationis.</strong></span> <span class='ocrx_word' id='word_1_126' title='bbox 749 1490 1116 1548; x_wconf 85' lang='lat' dir='ltr'><strong>Inconditae</strong></span> <span class='ocrx_word' id='word_1_127' title='bbox 1142 1491 1311 1548; x_wconf 90' lang='lat' dir='ltr'><strong>euim</strong></span> <span class='ocrx_word' id='word_1_128' title='bbox 1336 1495 1523 1548; x_wconf 92' lang='lat' dir='ltr'><strong>erant</strong></span> <span class='ocrx_word' id='word_1_129' title='bbox 1538 1495 1605 1547; x_wconf 90' lang='lat' dir='ltr'><strong>et</strong></span> <span class='ocrx_word' id='word_1_130' title='bbox 1622 1489 1839 1562; x_wconf 88' lang='lat' dir='ltr'><strong>rudes,</strong></span> <span class='ocrx_word' id='word_1_131' title='bbox 1868 1503 1944 1546; x_wconf 89' lang='lat' dir='ltr'><strong>ac</strong></span> <span class='ocrx_word' id='word_1_132' title='bbox 1967 1502 2432 1560; x_wconf 84' lang='lat' dir='ltr'><strong>saepenumero</strong></span> <span class='ocrx_word' id='word_1_133' title='bbox 2453 1488 2647 1545; x_wconf 91' lang='lat' dir='ltr'><strong>etiam</strong></span> <span class='ocrx_word' id='word_1_134' title='bbox 2675 1493 2788 1545; x_wconf 90' lang='lat' dir='ltr'><strong>aut</strong></span> <span class='ocrx_word' id='word_1_135' title='bbox 2823 1500 3056 1562; x_wconf 90' lang='lat' dir='ltr'><strong>mores,</strong></span> 
     </span>
     <span class='ocr_line' id='line_1_14' title="bbox 250 1585 3049 1666; baseline -0.001 -20"><span class='ocrx_word' id='word_1_136' title='bbox 250 1595 363 1646; x_wconf 90' lang='lat' dir='ltr'><strong>aut</strong></span> <span class='ocrx_word' id='word_1_137' title='bbox 384 1585 677 1647; x_wconf 90' lang='lat' dir='ltr'><strong>instituta</strong></span> <span class='ocrx_word' id='word_1_138' title='bbox 707 1590 935 1664; x_wconf 82' lang='lat' dir='ltr'><strong>civilia,</strong></span> <span class='ocrx_word' id='word_1_139' title='bbox 984 1590 1269 1664; x_wconf 85' lang='lat' dir='ltr'><strong>inprimis</strong></span> <span class='ocrx_word' id='word_1_140' title='bbox 1298 1591 1474 1663; x_wconf 89' lang='lat' dir='ltr'><strong>quod</strong></span> <span class='ocrx_word' id='word_1_141' title='bbox 1503 1591 1585 1648; x_wconf 90' lang='lat' dir='ltr'><strong>ad</strong></span> <span class='ocrx_word' id='word_1_142' title='bbox 1620 1588 2007 1666; x_wconf 84' lang='lat' dir='ltr'><strong>judiciorum</strong></span> <span class='ocrx_word' id='word_1_143' title='bbox 2030 1588 2337 1647; x_wconf 77' lang='lat' dir='ltr'><strong>formulas</strong></span> <span class='ocrx_word' id='word_1_144' title='bbox 2355 1595 2551 1662; x_wconf 88' lang='lat' dir='ltr'><strong>atque</strong></span> <span class='ocrx_word' id='word_1_145' title='bbox 2573 1589 2889 1646; x_wconf 89' lang='lat' dir='ltr'><strong>rationem</strong></span> <span class='ocrx_word' id='word_1_146' title='bbox 2912 1587 3049 1643; x_wconf 90' lang='lat' dir='ltr'><strong>atti·</strong></span> 
     </span>
     <span class='ocr_line' id='line_1_15' title="bbox 249 1686 3047 1764; baseline -0.001 -19"><span class='ocrx_word' id='word_1_147' title='bbox 249 1695 380 1761; x_wconf 85' lang='lat' dir='ltr'><strong>net,</strong></span> <span class='ocrx_word' id='word_1_148' title='bbox 414 1690 801 1748; x_wconf 84' lang='lat' dir='ltr'><strong>redolebant</strong></span> <span class='ocrx_word' id='word_1_149' title='bbox 847 1690 1180 1764; x_wconf 72' lang='lat' dir='ltr'><strong>eiusmodi,</strong></span> <span class='ocrx_word' id='word_1_150' title='bbox 1208 1706 1377 1764; x_wconf 88' lang='lat' dir='ltr'><strong>quae</strong></span> <span class='ocrx_word' id='word_1_151' title='bbox 1419 1706 1540 1749; x_wconf 88' lang='lat' dir='ltr'><strong>usu</strong></span> <span class='ocrx_word' id='word_1_152' title='bbox 1566 1707 1641 1749; x_wconf 92' lang='lat' dir='ltr'><strong>ac</strong></span> <span class='ocrx_word' id='word_1_153' title='bbox 1684 1694 2000 1748; x_wconf 83' lang='lat' dir='ltr'><strong>vetustate</strong></span> <span class='ocrx_word' id='word_1_154' title='bbox 2024 1689 2161 1762; x_wconf 85' lang='lat' dir='ltr'><strong>jam</strong></span> <span class='ocrx_word' id='word_1_155' title='bbox 2192 1690 2621 1749; x_wconf 78' lang='lat' dir='ltr'><strong>exoleverant.</strong></span> <span class='ocrx_word' id='word_1_156' title='bbox 2676 1690 2829 1746; x_wconf 89' lang='lat' dir='ltr'><strong>Cum</strong></span> <span class='ocrx_word' id='word_1_157' title='bbox 2857 1686 3047 1758; x_wconf 89' lang='lat' dir='ltr'><strong>igitur</strong></span> 
     </span>
     <span class='ocr_line' id='line_1_16' title="bbox 246 1775 3060 1863; baseline -0.001 -18"><span class='ocrx_word' id='word_1_158' title='bbox 246 1787 419 1845; x_wconf 81' lang='lat' dir='ltr'><strong>istius</strong></span> <span class='ocrx_word' id='word_1_159' title='bbox 438 1787 582 1846; x_wconf 85' lang='lat' dir='ltr'><strong>aevi</strong></span> <span class='ocrx_word' id='word_1_160' title='bbox 598 1789 885 1847; x_wconf 89' lang='lat' dir='ltr'><strong>homines</strong></span> <span class='ocrx_word' id='word_1_161' title='bbox 918 1790 1101 1850; x_wconf 87' lang='lat' dir='ltr'><strong>l&#39;acile</strong></span> <span class='ocrx_word' id='word_1_162' title='bbox 1132 1792 1604 1858; x_wconf 82' lang='lat' dir='ltr'><strong>adsuescerent,</strong></span> <span class='ocrx_word' id='word_1_163' title='bbox 1651 1789 1959 1863; x_wconf 88' lang='lat' dir='ltr'><strong>quidquid</strong></span> <span class='ocrx_word' id='word_1_164' title='bbox 1981 1790 2064 1847; x_wconf 91' lang='lat' dir='ltr'><strong>de</strong></span> <span class='ocrx_word' id='word_1_165' title='bbox 2090 1789 2238 1863; x_wconf 88' lang='lat' dir='ltr'><strong>jure</strong></span> <span class='ocrx_word' id='word_1_166' title='bbox 2261 1791 2362 1847; x_wconf 78' lang='lat' dir='ltr'><strong>vel</strong></span> <span class='ocrx_word' id='word_1_167' title='bbox 2397 1775 2757 1861; x_wconf 84' lang='lat' dir='ltr'><strong>cogitarent</strong></span> <span class='ocrx_word' id='word_1_168' title='bbox 2777 1787 2879 1844; x_wconf 78' lang='lat' dir='ltr'><strong>vel</strong></span> <span class='ocrx_word' id='word_1_169' title='bbox 2907 1785 3060 1844; x_wconf 90' lang='lat' dir='ltr'><strong>scri-</strong></span> 
     </span>
     <span class='ocr_line' id='line_1_17' title="bbox 245 1883 3055 1960; baseline -0.001 -18"><span class='ocrx_word' id='word_1_170' title='bbox 245 1884 496 1953; x_wconf 85' lang='lat' dir='ltr'><strong>berent,</strong></span> <span class='ocrx_word' id='word_1_171' title='bbox 527 1883 591 1941; x_wconf 86' lang='lat' dir='ltr'><strong>id</strong></span> <span class='ocrx_word' id='word_1_172' title='bbox 623 1885 974 1947; x_wconf 83' lang='lat' dir='ltr'><strong>sententiis.</strong></span> <span class='ocrx_word' id='word_1_173' title='bbox 1009 1900 1087 1944; x_wconf 78' lang='lat' dir='ltr'><strong>ex</strong></span> <span class='ocrx_word' id='word_1_174' title='bbox 1113 1887 1263 1960; x_wconf 86' lang='lat' dir='ltr'><strong>jure</strong></span> <span class='ocrx_word' id='word_1_175' title='bbox 1291 1890 1577 1945; x_wconf 83' lang='lat' dir='ltr'><strong>Romano</strong></span> <span class='ocrx_word' id='word_1_176' title='bbox 1600 1885 1972 1958; x_wconf 90' lang='lat' dir='ltr'><strong>depromtis‚</strong></span> <span class='ocrx_word' id='word_1_177' title='bbox 2023 1890 2352 1956; x_wconf 89' lang='lat' dir='ltr'><strong>tamquam</strong></span> <span class='ocrx_word' id='word_1_178' title='bbox 2397 1884 2700 1957; x_wconf 85' lang='lat' dir='ltr'><strong>antiquae</strong></span> <span class='ocrx_word' id='word_1_179' title='bbox 2727 1889 2794 1940; x_wconf 88' lang='lat' dir='ltr'><strong>et</strong></span> <span class='ocrx_word' id='word_1_180' title='bbox 2823 1896 3055 1955; x_wconf 83' lang='lat' dir='ltr'><strong>perpe-</strong></span> 
     </span>
     <span class='ocr_line' id='line_1_18' title="bbox 245 1979 3056 2056; baseline -0 -19"><span class='ocrx_word' id='word_1_181' title='bbox 245 1987 392 2044; x_wconf 84' lang='lat' dir='ltr'><strong>tuae</strong></span> <span class='ocrx_word' id='word_1_182' title='bbox 414 1980 775 2052; x_wconf 84' lang='lat' dir='ltr'><strong>sapientiae</strong></span> <span class='ocrx_word' id='word_1_183' title='bbox 800 1982 1155 2056; x_wconf 86' lang='lat' dir='ltr'><strong>praeceptis</strong></span> <span class='ocrx_word' id='word_1_184' title='bbox 1181 1982 1521 2051; x_wconf 88' lang='lat' dir='ltr'><strong>instruere‚</strong></span> <span class='ocrx_word' id='word_1_185' title='bbox 1552 1981 1688 2040; x_wconf 80' lang='lat' dir='ltr'><strong>fieri</strong></span> <span class='ocrx_word' id='word_1_186' title='bbox 1711 1996 1845 2040; x_wconf 91' lang='lat' dir='ltr'><strong>non</strong></span> <span class='ocrx_word' id='word_1_187' title='bbox 1871 1982 2098 2053; x_wconf 85' lang='lat' dir='ltr'><strong>potuit,</strong></span> <span class='ocrx_word' id='word_1_188' title='bbox 2128 1981 2281 2053; x_wconf 90' lang='lat' dir='ltr'><strong>quin</strong></span> <span class='ocrx_word' id='word_1_189' title='bbox 2297 1980 2540 2054; x_wconf 71' lang='lat' dir='ltr'><strong>Jurium</strong></span> <span class='ocrx_word' id='word_1_190' title='bbox 2562 1979 2788 2052; x_wconf 80' lang='lat' dir='ltr'><strong>sontes,</strong></span> <span class='ocrx_word' id='word_1_191' title='bbox 2817 1985 3056 2050; x_wconf 88' lang='lat' dir='ltr'><strong>tempo·</strong></span> 
     </span>
     <span class='ocr_line' id='line_1_19' title="bbox 246 2076 3052 2155; baseline -0.001 -20"><span class='ocrx_word' id='word_1_192' title='bbox 246 2080 418 2138; x_wconf 78' lang='lat' dir='ltr'><strong>ribus</strong></span> <span class='ocrx_word' id='word_1_193' title='bbox 433 2085 638 2152; x_wconf 89' lang='lat' dir='ltr'><strong>atque</strong></span> <span class='ocrx_word' id='word_1_194' title='bbox 661 2080 912 2139; x_wconf 88' lang='lat' dir='ltr'><strong>ratione</strong></span> <span class='ocrx_word' id='word_1_195' title='bbox 929 2082 1095 2140; x_wconf 90' lang='lat' dir='ltr'><strong>inter</strong></span> <span class='ocrx_word' id='word_1_196' title='bbox 1110 2096 1179 2140; x_wconf 88' lang='lat' dir='ltr'><strong>se</strong></span> <span class='ocrx_word' id='word_1_197' title='bbox 1191 2081 1611 2147; x_wconf 85' lang='lat' dir='ltr'><strong>diversissimi,</strong></span> <span class='ocrx_word' id='word_1_198' title='bbox 1618 2081 1767 2155; x_wconf 82' lang='lat' dir='ltr'><strong>jure</strong></span> <span class='ocrx_word' id='word_1_199' title='bbox 1786 2082 2070 2138; x_wconf 83' lang='lat' dir='ltr'><strong>Romano</strong></span> <span class='ocrx_word' id='word_1_200' title='bbox 2084 2085 2412 2152; x_wconf 89' lang='lat' dir='ltr'><strong>tamquam</strong></span> <span class='ocrx_word' id='word_1_201' title='bbox 2432 2079 2649 2138; x_wconf 90' lang='lat' dir='ltr'><strong>colore</strong></span> <span class='ocrx_word' id='word_1_202' title='bbox 2671 2076 3052 2146; x_wconf 87' lang='lat' dir='ltr'><strong>imbuti,sine</strong></span> 
     </span>
     <span class='ocr_line' id='line_1_20' title="bbox 247 2172 3049 2250; baseline -0.001 -19"><span class='ocrx_word' id='word_1_203' title='bbox 247 2172 429 2250; x_wconf 75' lang='lat' dir='ltr'><strong>hujus</strong></span> <span class='ocrx_word' id='word_1_204' title='bbox 438 2176 607 2249; x_wconf 77' lang='lat' dir='ltr'><strong>iuris</strong></span> <span class='ocrx_word' id='word_1_205' title='bbox 632 2176 1035 2235; x_wconf 87' lang='lat' dir='ltr'><strong>accuratiore</strong></span> <span class='ocrx_word' id='word_1_206' title='bbox 1055 2178 1420 2249; x_wconf 84' lang='lat' dir='ltr'><strong>cognitione</strong></span> <span class='ocrx_word' id='word_1_207' title='bbox 1442 2177 1539 2234; x_wconf 87' lang='lat' dir='ltr'><strong>vix</strong></span> <span class='ocrx_word' id='word_1_208' title='bbox 1555 2178 1759 2234; x_wconf 91' lang='lat' dir='ltr'><strong>ullum</strong></span> <span class='ocrx_word' id='word_1_209' title='bbox 1786 2176 1850 2234; x_wconf 91' lang='lat' dir='ltr'><strong>in</strong></span> <span class='ocrx_word' id='word_1_210' title='bbox 1874 2174 2018 2233; x_wconf 80' lang='lat' dir='ltr'><strong>foro</strong></span> <span class='ocrx_word' id='word_1_211' title='bbox 2039 2191 2222 2234; x_wconf 86' lang='lat' dir='ltr'><strong>usum</strong></span> <span class='ocrx_word' id='word_1_212' title='bbox 2252 2176 2637 2248; x_wconf 87' lang='lat' dir='ltr'><strong>praeberent</strong></span> <span class='ocrx_word' id='word_1_213' title='bbox 2655 2177 2722 2248; x_wconf 78' lang='grc'><strong>2).</strong></span> <span class='ocrx_word' id='word_1_214' title='bbox 2751 2177 2879 2231; x_wconf 83' lang='lat' dir='ltr'><strong>Hac</strong></span> <span class='ocrx_word' id='word_1_215' title='bbox 2913 2173 3049 2245; x_wconf 79' lang='lat' dir='ltr'><strong>jam</strong></span> 
     </span>
     <span class='ocr_line' id='line_1_21' title="bbox 243 2269 3052 2346; baseline -0.001 -19"><span class='ocrx_word' id='word_1_216' title='bbox 243 2273 493 2329; x_wconf 89' lang='lat' dir='ltr'><strong>ratione</strong></span> <span class='ocrx_word' id='word_1_217' title='bbox 514 2271 768 2344; x_wconf 87' lang='lat' dir='ltr'><strong>pristini</strong></span> <span class='ocrx_word' id='word_1_218' title='bbox 790 2272 953 2346; x_wconf 85' lang='lat' dir='ltr'><strong>juris</strong></span> <span class='ocrx_word' id='word_1_219' title='bbox 969 2272 1182 2330; x_wconf 87' lang='lat' dir='ltr'><strong>indole</strong></span> <span class='ocrx_word' id='word_1_220' title='bbox 1216 2272 1541 2345; x_wconf 86' lang='lat' dir='ltr'><strong>paullatim</strong></span> <span class='ocrx_word' id='word_1_221' title='bbox 1564 2272 1922 2340; x_wconf 90' lang='lat' dir='ltr'><strong>immutata,</strong></span> <span class='ocrx_word' id='word_1_222' title='bbox 1941 2272 2201 2330; x_wconf 88' lang='lat' dir='ltr'><strong>tandem</strong></span> <span class='ocrx_word' id='word_1_223' title='bbox 2227 2272 2546 2344; x_wconf 90' lang='lat' dir='ltr'><strong>peregrini</strong></span> <span class='ocrx_word' id='word_1_224' title='bbox 2569 2270 2731 2344; x_wconf 90' lang='lat' dir='ltr'><strong>juris</strong></span> <span class='ocrx_word' id='word_1_225' title='bbox 2769 2269 3052 2326; x_wconf 73' lang='lat' dir='ltr'><strong>auctori-</strong></span> 
     </span>
     <span class='ocr_line' id='line_1_22' title="bbox 242 2361 3049 2442; baseline 0.001 -20"><span class='ocrx_word' id='word_1_226' title='bbox 242 2373 335 2425; x_wconf 83' lang='lat' dir='ltr'><strong>tas</strong></span> <span class='ocrx_word' id='word_1_227' title='bbox 361 2367 427 2424; x_wconf 90' lang='lat' dir='ltr'><strong>in</strong></span> <span class='ocrx_word' id='word_1_228' title='bbox 463 2367 562 2425; x_wconf 87' lang='lat' dir='ltr'><strong>his</strong></span> <span class='ocrx_word' id='word_1_229' title='bbox 600 2368 744 2425; x_wconf 82' lang='lat' dir='ltr'><strong>sere</strong></span> <span class='ocrx_word' id='word_1_230' title='bbox 775 2361 983 2426; x_wconf 86' lang='lat' dir='ltr'><strong>causis</strong></span> <span class='ocrx_word' id='word_1_231' title='bbox 1025 2368 1422 2442; x_wconf 82' lang='lat' dir='ltr'><strong>negotiisque</strong></span> <span class='ocrx_word' id='word_1_232' title='bbox 1446 2368 1824 2441; x_wconf 83' lang='lat' dir='ltr'><strong>praevaluit,</strong></span> <span class='ocrx_word' id='word_1_233' title='bbox 1867 2381 2033 2440; x_wconf 86' lang='lat' dir='ltr'><strong>quae</strong></span> <span class='ocrx_word' id='word_1_234' title='bbox 2056 2368 2381 2425; x_wconf 91' lang='lat' dir='ltr'><strong>communi</strong></span> <span class='ocrx_word' id='word_1_235' title='bbox 2410 2367 2687 2439; x_wconf 89' lang='lat' dir='ltr'><strong>quadam</strong></span> <span class='ocrx_word' id='word_1_236' title='bbox 2718 2366 3049 2439; x_wconf 87' lang='lat' dir='ltr'><strong>principio·</strong></span> 
     </span>
     <span class='ocr_line' id='line_1_23' title="bbox 238 2461 3048 2539; baseline 0 -20"><span class='ocrx_word' id='word_1_237' title='bbox 238 2479 384 2519; x_wconf 85' lang='lat' dir='ltr'><strong>rum</strong></span> <span class='ocrx_word' id='word_1_238' title='bbox 411 2464 671 2522; x_wconf 88' lang='lat' dir='ltr'><strong>ratione</strong></span> <span class='ocrx_word' id='word_1_239' title='bbox 692 2464 985 2521; x_wconf 91' lang='lat' dir='ltr'><strong>nituntur</strong></span> <span class='ocrx_word' id='word_1_240' title='bbox 1011 2484 1029 2539; x_wconf 89' lang='lat'>;</span> <span class='ocrx_word' id='word_1_241' title='bbox 1053 2471 1193 2523; x_wconf 90' lang='lat' dir='ltr'><strong>tum</strong></span> <span class='ocrx_word' id='word_1_242' title='bbox 1231 2464 1424 2522; x_wconf 88' lang='lat' dir='ltr'><strong>etiam</strong></span> <span class='ocrx_word' id='word_1_243' title='bbox 1455 2478 1666 2522; x_wconf 78' lang='lat' dir='ltr'><strong>novae</strong></span> <span class='ocrx_word' id='word_1_244' title='bbox 1708 2478 1974 2536; x_wconf 86' lang='lat' dir='ltr'><strong>prorsus</strong></span> <span class='ocrx_word' id='word_1_245' title='bbox 1998 2463 2233 2537; x_wconf 82' lang='lat' dir='ltr'><strong>jurium</strong></span> <span class='ocrx_word' id='word_1_246' title='bbox 2263 2462 2507 2522; x_wconf 78' lang='lat' dir='ltr'><strong>formae</strong></span> <span class='ocrx_word' id='word_1_247' title='bbox 2535 2478 2611 2520; x_wconf 88' lang='lat' dir='ltr'><strong>ex</strong></span> <span class='ocrx_word' id='word_1_248' title='bbox 2652 2461 3048 2520; x_wconf 86' lang='lat' dir='ltr'><strong>diversorum</strong></span> 
     </span>
     <span class='ocr_line' id='line_1_24' title="bbox 242 2555 3047 2635; baseline 0.001 -21"><span class='ocrx_word' id='word_1_249' title='bbox 242 2557 520 2615; x_wconf 79' lang='lat' dir='ltr'><strong>fontium</strong></span> <span class='ocrx_word' id='word_1_250' title='bbox 538 2559 722 2616; x_wconf 77' lang='lat' dir='ltr'><strong>velut</strong></span> <span class='ocrx_word' id='word_1_251' title='bbox 741 2559 1016 2617; x_wconf 87' lang='lat' dir='ltr'><strong>mixtura</strong></span> <span class='ocrx_word' id='word_1_252' title='bbox 1041 2559 1476 2635; x_wconf 85' lang='lat' dir='ltr'><strong>emergebant,</strong></span> <span class='ocrx_word' id='word_1_253' title='bbox 1504 2558 1695 2631; x_wconf 87' lang='lat' dir='ltr'><strong>patrii</strong></span> <span class='ocrx_word' id='word_1_254' title='bbox 1712 2555 1880 2632; x_wconf 82' lang='lat' dir='ltr'><strong>juris</strong></span> <span class='ocrx_word' id='word_1_255' title='bbox 1921 2560 2318 2633; x_wconf 88' lang='lat' dir='ltr'><strong>proprietate</strong></span> <span class='ocrx_word' id='word_1_256' title='bbox 2340 2575 2469 2619; x_wconf 90' lang='lat' dir='ltr'><strong>non</strong></span> <span class='ocrx_word' id='word_1_257' title='bbox 2511 2559 2628 2616; x_wconf 87' lang='lat' dir='ltr'><strong>nisi</strong></span> <span class='ocrx_word' id='word_1_258' title='bbox 2656 2558 2719 2614; x_wconf 89' lang='lat' dir='ltr'><strong>in</strong></span> <span class='ocrx_word' id='word_1_259' title='bbox 2759 2557 3047 2629; x_wconf 87' lang='lat' dir='ltr'><strong>partibus</strong></span> 
     </span>
     <span class='ocr_line' id='line_1_25' title="bbox 234 2656 3044 2732; baseline 0 -18"><span class='ocrx_word' id='word_1_260' title='bbox 234 2657 620 2730; x_wconf 87' lang='lat' dir='ltr'><strong>quibusdam</strong></span> <span class='ocrx_word' id='word_1_261' title='bbox 649 2659 1021 2717; x_wconf 84' lang='lat' dir='ltr'><strong>necessariis</strong></span> <span class='ocrx_word' id='word_1_262' title='bbox 1065 2666 1341 2718; x_wconf 90' lang='lat' dir='ltr'><strong>retenta.</strong></span> <span class='ocrx_word' id='word_1_263' title='bbox 1376 2661 1709 2717; x_wconf 88' lang='lat' dir='ltr'><strong>Caeterum</strong></span> <span class='ocrx_word' id='word_1_264' title='bbox 1754 2660 1837 2717; x_wconf 91' lang='lat' dir='ltr'><strong>ad</strong></span> <span class='ocrx_word' id='word_1_265' title='bbox 1866 2659 2314 2718; x_wconf 88' lang='lat' dir='ltr'><strong>auctoritatem</strong></span> <span class='ocrx_word' id='word_1_266' title='bbox 2337 2656 2467 2732; x_wconf 87' lang='lat' dir='ltr'><strong>juri</strong></span> <span class='ocrx_word' id='word_1_267' title='bbox 2494 2661 2779 2718; x_wconf 83' lang='lat' dir='ltr'><strong>Romano</strong></span> <span class='ocrx_word' id='word_1_268' title='bbox 2808 2658 2872 2714; x_wconf 90' lang='lat' dir='ltr'><strong>in</strong></span> <span class='ocrx_word' id='word_1_269' title='bbox 2906 2660 3044 2715; x_wconf 88' lang='lat' dir='ltr'><strong>Ger·</strong></span> 
     </span>
     <span class='ocr_line' id='line_1_26' title="bbox 236 2752 3045 2833; baseline 0 -22"><span class='ocrx_word' id='word_1_270' title='bbox 236 2752 455 2811; x_wconf 85' lang='lat' dir='ltr'><strong>mania</strong></span> <span class='ocrx_word' id='word_1_271' title='bbox 478 2756 983 2827; x_wconf 87' lang='lat' dir='ltr'><strong>comparandam</strong></span> <span class='ocrx_word' id='word_1_272' title='bbox 1003 2757 1176 2814; x_wconf 91' lang='lat' dir='ltr'><strong>haud</strong></span> <span class='ocrx_word' id='word_1_273' title='bbox 1202 2770 1427 2833; x_wconf 90' lang='lat' dir='ltr'><strong>parum</strong></span> <span class='ocrx_word' id='word_1_274' title='bbox 1453 2753 2179 2828; x_wconf 76' lang='lat' dir='ltr'><strong>profuitimperatorum</strong></span> <span class='ocrx_word' id='word_1_275' title='bbox 2196 2757 2522 2830; x_wconf 86' lang='lat' dir='ltr'><strong>majestas,</strong></span> <span class='ocrx_word' id='word_1_276' title='bbox 2547 2755 2693 2812; x_wconf 88' lang='lat' dir='ltr'><strong>huic</strong></span> <span class='ocrx_word' id='word_1_277' title='bbox 2707 2753 2859 2831; x_wconf 88' lang='lat' dir='ltr'><strong>juri,</strong></span> <span class='ocrx_word' id='word_1_278' title='bbox 2888 2760 3045 2811; x_wconf 89' lang='lat' dir='ltr'><strong>tam-</strong></span> 
     </span>
     <span class='ocr_line' id='line_1_27' title="bbox 230 2852 3042 2929; baseline 0 -19"><span class='ocrx_word' id='word_1_279' title='bbox 230 2868 423 2927; x_wconf 88' lang='lat' dir='ltr'><strong>quam</strong></span> <span class='ocrx_word' id='word_1_280' title='bbox 443 2870 485 2910; x_wconf 86' lang='lat' dir='ltr'><strong>a</strong></span> <span class='ocrx_word' id='word_1_281' title='bbox 505 2855 860 2929; x_wconf 85' lang='lat' dir='ltr'><strong>majoribus</strong></span> <span class='ocrx_word' id='word_1_282' title='bbox 881 2857 1009 2914; x_wconf 88' lang='lat' dir='ltr'><strong>suis</strong></span> <span class='ocrx_word' id='word_1_283' title='bbox 1028 2855 1344 2927; x_wconf 82' lang='lat' dir='ltr'><strong>protecto,</strong></span> <span class='ocrx_word' id='word_1_284' title='bbox 1366 2854 1776 2927; x_wconf 87' lang='lat' dir='ltr'><strong>ipsorumque</strong></span> <span class='ocrx_word' id='word_1_285' title='bbox 1803 2860 2140 2928; x_wconf 88' lang='lat' dir='ltr'><strong>praeterea</strong></span> <span class='ocrx_word' id='word_1_286' title='bbox 2171 2854 2523 2913; x_wconf 87' lang='lat' dir='ltr'><strong>commodis</strong></span> <span class='ocrx_word' id='word_1_287' title='bbox 2542 2854 2925 2912; x_wconf 89' lang='lat' dir='ltr'><strong>multimodis</strong></span> <span class='ocrx_word' id='word_1_288' title='bbox 2944 2852 3042 2910; x_wconf 88' lang='lat' dir='ltr'><strong>in-</strong></span> 
     </span>
     <span class='ocr_line' id='line_1_28' title="bbox 224 2952 3041 3026; baseline -0.001 -15"><span class='ocrx_word' id='word_1_289' title='bbox 224 2953 561 3026; x_wconf 83' lang='lat' dir='ltr'><strong>servienti,</strong></span> <span class='ocrx_word' id='word_1_290' title='bbox 595 2954 777 3012; x_wconf 80' lang='lat' dir='ltr'><strong>enixe</strong></span> <span class='ocrx_word' id='word_1_291' title='bbox 799 2953 1170 3014; x_wconf 77' lang='lat' dir='ltr'><strong>faventium.</strong></span> <span class='ocrx_word' id='word_1_292' title='bbox 1194 2956 1281 3012; x_wconf 84' lang='lat' dir='ltr'><strong>Ad</strong></span> <span class='ocrx_word' id='word_1_293' title='bbox 1309 2970 1621 3012; x_wconf 82' lang='lat' dir='ltr'><strong>summam</strong></span> <span class='ocrx_word' id='word_1_294' title='bbox 1647 2962 1862 3012; x_wconf 91' lang='lat' dir='ltr'><strong>autem</strong></span> <span class='ocrx_word' id='word_1_295' title='bbox 1891 2955 2158 3026; x_wconf 88' lang='lat' dir='ltr'><strong>gloriam</strong></span> <span class='ocrx_word' id='word_1_296' title='bbox 2200 2955 2404 3013; x_wconf 87' lang='lat' dir='ltr'><strong>hocce</strong></span> <span class='ocrx_word' id='word_1_297' title='bbox 2432 2959 2724 3012; x_wconf 88' lang='lat' dir='ltr'><strong>nostrum</strong></span> <span class='ocrx_word' id='word_1_298' title='bbox 2763 2952 3041 3011; x_wconf 89' lang='lat' dir='ltr'><strong>studium</strong></span> 
     </span>
     <span class='ocr_line' id='line_1_29' title="bbox 233 3051 3042 3130; baseline -0 -20"><span class='ocrx_word' id='word_1_299' title='bbox 233 3058 607 3111; x_wconf 80' lang='lat' dir='ltr'><strong>evexerunt</strong></span> <span class='ocrx_word' id='word_1_300' title='bbox 642 3051 966 3117; x_wconf 50' lang='lat' dir='ltr'><strong>friderici</strong></span> <span class='ocrx_word' id='word_1_301' title='bbox 996 3056 1192 3130; x_wconf 85' lang='lat' dir='ltr'><strong>impp.</strong></span> <span class='ocrx_word' id='word_1_302' title='bbox 1242 3058 1266 3112; x_wconf 93' lang='lat'>1</span> <span class='ocrx_word' id='word_1_303' title='bbox 1291 3060 1356 3113; x_wconf 92' lang='lat' dir='ltr'><strong>et</strong></span> <span class='ocrx_word' id='word_1_304' title='bbox 1377 3057 1454 3125; x_wconf 89' lang='grc' dir='ltr'><strong>ΙΙ,</strong></span> <span class='ocrx_word' id='word_1_305' title='bbox 1481 3055 1614 3127; x_wconf 87' lang='lat' dir='ltr'><strong>qui,</strong></span> <span class='ocrx_word' id='word_1_306' title='bbox 1640 3056 1794 3112; x_wconf 90' lang='lat' dir='ltr'><strong>dum</strong></span> <span class='ocrx_word' id='word_1_307' title='bbox 1829 3055 2047 3113; x_wconf 89' lang='lat' dir='ltr'><strong>schola</strong></span> <span class='ocrx_word' id='word_1_308' title='bbox 2086 3056 2511 3125; x_wconf 86' lang='lat' dir='ltr'><strong>glossatorum</strong></span> <span class='ocrx_word' id='word_1_309' title='bbox 2535 3055 2830 3122; x_wconf 83' lang='lat' dir='ltr'><strong>florebat,</strong></span> <span class='ocrx_word' id='word_1_310' title='bbox 2864 3066 3042 3125; x_wconf 81' lang='lat' dir='ltr'><strong>prae·</strong></span> 
     </span>
     <span class='ocr_line' id='line_1_30' title="bbox 227 3148 3040 3227; baseline 0 -19"><span class='ocrx_word' id='word_1_311' title='bbox 227 3158 450 3210; x_wconf 83' lang='lat' dir='ltr'><strong>sentes</strong></span> <span class='ocrx_word' id='word_1_312' title='bbox 476 3154 545 3209; x_wconf 91' lang='lat' dir='ltr'><strong>in</strong></span> <span class='ocrx_word' id='word_1_313' title='bbox 578 3151 765 3210; x_wconf 85' lang='lat' dir='ltr'><strong>ltalia</strong></span> <span class='ocrx_word' id='word_1_314' title='bbox 805 3155 1075 3212; x_wconf 87' lang='lat' dir='ltr'><strong>aderant</strong></span> <span class='ocrx_word' id='word_1_315' title='bbox 1112 3150 1182 3223; x_wconf 84' lang='lat'><strong>³).</strong></span> <span class='ocrx_word' id='word_1_316' title='bbox 1236 3155 1408 3213; x_wconf 87' lang='lat' dir='ltr'><strong>Alter</strong></span> <span class='ocrx_word' id='word_1_317' title='bbox 1438 3154 1605 3212; x_wconf 90' lang='lat' dir='ltr'><strong>enim</strong></span> <span class='ocrx_word' id='word_1_318' title='bbox 1638 3154 2202 3212; x_wconf 86' lang='lat' dir='ltr'><strong>celeberrimorum</strong></span> <span class='ocrx_word' id='word_1_319' title='bbox 2226 3154 2389 3212; x_wconf 88' lang='lat' dir='ltr'><strong>illius</strong></span> <span class='ocrx_word' id='word_1_320' title='bbox 2417 3154 2723 3227; x_wconf 90' lang='lat' dir='ltr'><strong>temporis</strong></span> <span class='ocrx_word' id='word_1_321' title='bbox 2748 3148 3040 3210; x_wconf 89' lang='lat' dir='ltr'><strong>JCtorum</strong></span> 
     </span>
     <span class='ocr_line' id='line_1_31' title="bbox 229 3251 3029 3325; baseline 0 -17"><span class='ocrx_word' id='word_1_322' title='bbox 229 3266 441 3323; x_wconf 88' lang='lat' dir='ltr'><strong>opera</strong></span> <span class='ocrx_word' id='word_1_323' title='bbox 475 3253 537 3309; x_wconf 93' lang='lat' dir='ltr'><strong>in</strong></span> <span class='ocrx_word' id='word_1_324' title='bbox 567 3253 1023 3313; x_wconf 89' lang='lat' dir='ltr'><strong>constituendo</strong></span> <span class='ocrx_word' id='word_1_325' title='bbox 1049 3255 1270 3312; x_wconf 90' lang='lat' dir='ltr'><strong>ltaliae</strong></span> <span class='ocrx_word' id='word_1_326' title='bbox 1299 3269 1501 3325; x_wconf 89' lang='lat' dir='ltr'><strong>regno</strong></span> <span class='ocrx_word' id='word_1_327' title='bbox 1523 3269 1672 3312; x_wconf 88' lang='lat' dir='ltr'><strong>usus</strong></span> <span class='ocrx_word' id='word_1_328' title='bbox 1719 3259 1815 3311; x_wconf 88' lang='lat' dir='ltr'><strong>est</strong></span> <span class='ocrx_word' id='word_1_329' title='bbox 1838 3254 1901 3323; x_wconf 82' lang='lat'><strong>⁴),</strong></span> <span class='ocrx_word' id='word_1_330' title='bbox 1943 3254 2006 3310; x_wconf 91' lang='lat' dir='ltr'><strong>in</strong></span> <span class='ocrx_word' id='word_1_331' title='bbox 2039 3252 2365 3311; x_wconf 91' lang='lat' dir='ltr'><strong>consilium</strong></span> <span class='ocrx_word' id='word_1_332' title='bbox 2394 3254 2538 3325; x_wconf 91' lang='lat' dir='ltr'><strong>ipsis</strong></span> <span class='ocrx_word' id='word_1_333' title='bbox 2567 3251 2863 3309; x_wconf 85' lang='lat' dir='ltr'><strong>adhibitis</strong></span> <span class='ocrx_word' id='word_1_334' title='bbox 2884 3266 3029 3309; x_wconf 90' lang='lat' dir='ltr'><strong>con-</strong></span> 
     </span>
     <span class='ocr_line' id='line_1_32' title="bbox 231 3349 3041 3430; baseline 0.001 -25"><span class='ocrx_word' id='word_1_335' title='bbox 231 3351 586 3424; x_wconf 76' lang='lat' dir='ltr'><strong>ventuique</strong></span> <span class='ocrx_word' id='word_1_336' title='bbox 635 3353 715 3409; x_wconf 87' lang='lat' dir='ltr'><strong>ad</strong></span> <span class='ocrx_word' id='word_1_337' title='bbox 759 3354 1124 3412; x_wconf 84' lang='lat' dir='ltr'><strong>Roncaliam</strong></span> <span class='ocrx_word' id='word_1_338' title='bbox 1152 3369 1324 3412; x_wconf 91' lang='lat' dir='ltr'><strong>anno</strong></span> <span class='ocrx_word' id='word_1_339' title='bbox 1356 3353 1516 3412; x_wconf 84' lang='lat'>1158</span> <span class='ocrx_word' id='word_1_340' title='bbox 1537 3354 1756 3411; x_wconf 89' lang='lat' dir='ltr'><strong>habito</strong></span> <span class='ocrx_word' id='word_1_341' title='bbox 1790 3357 1836 3430; x_wconf 53' lang='grc' dir='ltr'><strong>(ᾗ</strong></span> <span class='ocrx_word' id='word_1_342' title='bbox 1881 3354 1978 3413; x_wconf 85' lang='grc'><strong>16.</strong></span> <span class='ocrx_word' id='word_1_343' title='bbox 2012 3358 2145 3412; x_wconf 87' lang='lat' dir='ltr'><strong>not.</strong></span> <span class='ocrx_word' id='word_1_344' title='bbox 2199 3354 2281 3427; x_wconf 84' lang='lat'><strong>6),</strong></span> <span class='ocrx_word' id='word_1_345' title='bbox 2332 3359 2468 3410; x_wconf 90' lang='lat' dir='ltr'><strong>tum</strong></span> <span class='ocrx_word' id='word_1_346' title='bbox 2492 3353 2684 3411; x_wconf 89' lang='lat' dir='ltr'><strong>etiam</strong></span> <span class='ocrx_word' id='word_1_347' title='bbox 2703 3349 3041 3423; x_wconf 87' lang='lat' dir='ltr'><strong>privilegiis</strong></span> 
     </span>
     <span class='ocr_line' id='line_1_33' title="bbox 235 3449 3039 3528; baseline -0 -21"><span class='ocrx_word' id='word_1_348' title='bbox 235 3450 529 3509; x_wconf 78' lang='lat' dir='ltr'><strong>scholam</strong></span> <span class='ocrx_word' id='word_1_349' title='bbox 546 3452 1007 3511; x_wconf 88' lang='lat' dir='ltr'><strong>Bononiensem</strong></span> <span class='ocrx_word' id='word_1_350' title='bbox 1023 3453 1195 3510; x_wconf 82' lang='lat' dir='ltr'><strong>auxit</strong></span> <span class='ocrx_word' id='word_1_351' title='bbox 1221 3450 1300 3528; x_wconf 88' lang='lat'><strong>⁵&gt;;</strong></span> <span class='ocrx_word' id='word_1_352' title='bbox 1331 3460 1605 3526; x_wconf 89' lang='lat' dir='ltr'><strong>uterque</strong></span> <span class='ocrx_word' id='word_1_353' title='bbox 1634 3458 1849 3510; x_wconf 88' lang='lat' dir='ltr'><strong>autem</strong></span> <span class='ocrx_word' id='word_1_354' title='bbox 1875 3453 1937 3510; x_wconf 93' lang='lat' dir='ltr'><strong>in</strong></span> <span class='ocrx_word' id='word_1_355' title='bbox 1955 3452 2236 3510; x_wconf 86' lang='lat' dir='ltr'><strong>maximis</strong></span> <span class='ocrx_word' id='word_1_356' title='bbox 2272 3467 2523 3526; x_wconf 89' lang='lat' dir='ltr'><strong>semper</strong></span> <span class='ocrx_word' id='word_1_357' title='bbox 2545 3449 2901 3510; x_wconf 85' lang='lat' dir='ltr'><strong>honoribus</strong></span> <span class='ocrx_word' id='word_1_358' title='bbox 2924 3449 3039 3507; x_wconf 89' lang='lat' dir='ltr'><strong>ha-</strong></span> 
     </span>
     <span class='ocr_line' id='line_1_34' title="bbox 238 3545 3041 3623; baseline 0.001 -22"><span class='ocrx_word' id='word_1_359' title='bbox 238 3545 371 3602; x_wconf 91' lang='lat' dir='ltr'><strong>buit</strong></span> <span class='ocrx_word' id='word_1_360' title='bbox 394 3547 604 3616; x_wconf 70' lang='lat' dir='ltr'><strong>letos,</strong></span> <span class='ocrx_word' id='word_1_361' title='bbox 628 3548 924 3621; x_wconf 84' lang='lat' dir='ltr'><strong>legesque</strong></span> <span class='ocrx_word' id='word_1_362' title='bbox 955 3550 1116 3607; x_wconf 90' lang='lat' dir='ltr'><strong>adeo</strong></span> <span class='ocrx_word' id='word_1_363' title='bbox 1142 3551 1483 3608; x_wconf 88' lang='lat' dir='ltr'><strong>nonnullas</strong></span> <span class='ocrx_word' id='word_1_364' title='bbox 1504 3565 1543 3608; x_wconf 90' lang='lat' dir='ltr'><strong>a</strong></span> <span class='ocrx_word' id='word_1_365' title='bbox 1582 3564 1650 3607; x_wconf 88' lang='lat' dir='ltr'><strong>se</strong></span> <span class='ocrx_word' id='word_1_366' title='bbox 1670 3551 1854 3623; x_wconf 86' lang='lat' dir='ltr'><strong>latas,</strong></span> <span class='ocrx_word' id='word_1_367' title='bbox 1890 3549 2095 3607; x_wconf 90' lang='lat' dir='ltr'><strong>Codici</strong></span> <span class='ocrx_word' id='word_1_368' title='bbox 2126 3549 2438 3623; x_wconf 90' lang='lat' dir='ltr'><strong>repetitae</strong></span> <span class='ocrx_word' id='word_1_369' title='bbox 2465 3547 2911 3622; x_wconf 87' lang='lat' dir='ltr'><strong>praelectionis</strong></span> <span class='ocrx_word' id='word_1_370' title='bbox 2935 3547 3041 3604; x_wconf 90' lang='lat' dir='ltr'><strong>in-</strong></span> 
     </span>
     <span class='ocr_line' id='line_1_35' title="bbox 239 3638 3037 3716; baseline -0 -16"><span class='ocrx_word' id='word_1_371' title='bbox 239 3643 359 3700; x_wconf 85' lang='lat' dir='ltr'><strong>seri</strong></span> <span class='ocrx_word' id='word_1_372' title='bbox 380 3641 594 3716; x_wconf 86' lang='lat' dir='ltr'><strong>jussit,</strong></span> <span class='ocrx_word' id='word_1_373' title='bbox 619 3650 695 3700; x_wconf 94' lang='lat' dir='ltr'><strong>ut</strong></span> <span class='ocrx_word' id='word_1_374' title='bbox 714 3660 934 3716; x_wconf 90' lang='lat' dir='ltr'><strong>parem</strong></span> <span class='ocrx_word' id='word_1_375' title='bbox 964 3660 1110 3703; x_wconf 90' lang='lat' dir='ltr'><strong>cum</strong></span> <span class='ocrx_word' id='word_1_376' title='bbox 1149 3644 1712 3704; x_wconf 84' lang='lat' dir='ltr'><strong>constitutionibus</strong></span> <span class='ocrx_word' id='word_1_377' title='bbox 1759 3643 2163 3703; x_wconf 87' lang='lat' dir='ltr'><strong>Justinianeis</strong></span> <span class='ocrx_word' id='word_1_378' title='bbox 2195 3645 2322 3702; x_wconf 81' lang='lat' dir='ltr'><strong>vim</strong></span> <span class='ocrx_word' id='word_1_379' title='bbox 2366 3646 2727 3703; x_wconf 88' lang='lat' dir='ltr'><strong>obtinerent</strong></span> <span class='ocrx_word' id='word_1_380' title='bbox 2754 3638 2822 3708; x_wconf 74' lang='lat'><strong>⁶).</strong></span> <span class='ocrx_word' id='word_1_381' title='bbox 2861 3644 3037 3701; x_wconf 84' lang='lat' dir='ltr'><strong>Hisce</strong></span> 
     </span>
     <span class='ocr_line' id='line_1_36' title="bbox 226 3740 3039 3819; baseline -0 -22"><span class='ocrx_word' id='word_1_382' title='bbox 226 3740 361 3813; x_wconf 84' lang='lat' dir='ltr'><strong>jam</strong></span> <span class='ocrx_word' id='word_1_383' title='bbox 385 3743 687 3801; x_wconf 90' lang='lat' dir='ltr'><strong>omnibus</strong></span> <span class='ocrx_word' id='word_1_384' title='bbox 713 3743 775 3800; x_wconf 92' lang='lat' dir='ltr'><strong>in</strong></span> <span class='ocrx_word' id='word_1_385' title='bbox 800 3760 998 3802; x_wconf 92' lang='lat' dir='ltr'><strong>unum</strong></span> <span class='ocrx_word' id='word_1_386' title='bbox 1016 3745 1546 3803; x_wconf 87' lang='lat' dir='ltr'><strong>concurrentibus</strong></span> <span class='ocrx_word' id='word_1_387' title='bbox 1564 3745 1793 3809; x_wconf 86' lang='lat' dir='ltr'><strong>causis,</strong></span> <span class='ocrx_word' id='word_1_388' title='bbox 1819 3746 2011 3803; x_wconf 88' lang='lat' dir='ltr'><strong>etiam</strong></span> <span class='ocrx_word' id='word_1_389' title='bbox 2034 3751 2264 3804; x_wconf 88' lang='lat' dir='ltr'><strong>contra</strong></span> <span class='ocrx_word' id='word_1_390' title='bbox 2283 3744 2619 3804; x_wconf 89' lang='lat' dir='ltr'><strong>nitentium</strong></span> <span class='ocrx_word' id='word_1_391' title='bbox 2636 3743 3039 3819; x_wconf 86' lang='lat' dir='ltr'><strong>quorundam</strong></span> 
     </span>
     <span class='ocr_line' id='line_1_37' title="bbox 237 3837 3041 3916; baseline 0.001 -23"><span class='ocrx_word' id='word_1_392' title='bbox 237 3838 619 3896; x_wconf 84' lang='lat' dir='ltr'><strong>Germaniae</strong></span> <span class='ocrx_word' id='word_1_393' title='bbox 642 3854 987 3911; x_wconf 84' lang='lat' dir='ltr'><strong>procerum</strong></span> <span class='ocrx_word' id='word_1_394' title='bbox 1018 3841 1271 3899; x_wconf 88' lang='lat' dir='ltr'><strong>ausibus</strong></span> <span class='ocrx_word' id='word_1_395' title='bbox 1299 3856 1428 3899; x_wconf 91' lang='lat' dir='ltr'><strong>non</strong></span> <span class='ocrx_word' id='word_1_396' title='bbox 1477 3843 1683 3914; x_wconf 90' lang='lat' dir='ltr'><strong>potuit</strong></span> <span class='ocrx_word' id='word_1_397' title='bbox 1712 3841 2026 3916; x_wconf 89' lang='lat' dir='ltr'><strong>impediri,</strong></span> <span class='ocrx_word' id='word_1_398' title='bbox 2074 3856 2205 3915; x_wconf 87' lang='lat' dir='ltr'><strong>quo</strong></span> <span class='ocrx_word' id='word_1_399' title='bbox 2251 3842 2458 3898; x_wconf 87' lang='lat' dir='ltr'><strong>minus</strong></span> <span class='ocrx_word' id='word_1_400' title='bbox 2511 3843 2572 3898; x_wconf 92' lang='lat' dir='ltr'><strong>in</strong></span> <span class='ocrx_word' id='word_1_401' title='bbox 2601 3841 2751 3911; x_wconf 89' lang='lat' dir='ltr'><strong>legis</strong></span> <span class='ocrx_word' id='word_1_402' title='bbox 2775 3846 2898 3897; x_wconf 84' lang='lat' dir='ltr'><strong>vlm</strong></span> <span class='ocrx_word' id='word_1_403' title='bbox 2936 3837 3041 3911; x_wconf 82' lang='lat' dir='ltr'><strong>J&#39;us</strong></span> 
     </span>
     <span class='ocr_line' id='line_1_38' title="bbox 236 3932 3044 4012; baseline 0.001 -22"><span class='ocrx_word' id='word_1_404' title='bbox 236 3933 595 3991; x_wconf 82' lang='lat' dir='ltr'><strong>Romanum</strong></span> <span class='ocrx_word' id='word_1_405' title='bbox 623 3935 1012 4007; x_wconf 87' lang='lat' dir='ltr'><strong>pedetentim</strong></span> <span class='ocrx_word' id='word_1_406' title='bbox 1038 3938 1262 3996; x_wconf 89' lang='lat' dir='ltr'><strong>abiret.</strong></span> <span class='ocrx_word' id='word_1_407' title='bbox 1287 3939 1355 3995; x_wconf 90' lang='lat' dir='ltr'><strong>Id</strong></span> <span class='ocrx_word' id='word_1_408' title='bbox 1385 3938 1559 4010; x_wconf 91' lang='lat' dir='ltr'><strong>quod</strong></span> <span class='ocrx_word' id='word_1_409' title='bbox 1575 3952 1704 3995; x_wconf 92' lang='lat' dir='ltr'><strong>non</strong></span> <span class='ocrx_word' id='word_1_410' title='bbox 1728 3937 1881 4009; x_wconf 90' lang='lat' dir='ltr'><strong>legis</strong></span> <span class='ocrx_word' id='word_1_411' title='bbox 1910 3936 2188 4012; x_wconf 86' lang='lat' dir='ltr'><strong>alicujus</strong></span> <span class='ocrx_word' id='word_1_412' title='bbox 2209 3938 2497 4011; x_wconf 85' lang='lat' dir='ltr'><strong>publicae</strong></span> <span class='ocrx_word' id='word_1_413' title='bbox 2521 3935 2843 3994; x_wconf 85' lang='lat' dir='ltr'><strong>sanctione</strong></span> <span class='ocrx_word' id='word_1_414' title='bbox 2862 3932 3044 3993; x_wconf 77' lang='lat' dir='ltr'><strong>effec-</strong></span> 
     </span>
     <span class='ocr_line' id='line_1_39' title="bbox 235 4024 3040 4111; baseline 0.004 -30"><span class='ocrx_word' id='word_1_415' title='bbox 235 4032 367 4084; x_wconf 89' lang='lat' dir='ltr'><strong>tum</strong></span> <span class='ocrx_word' id='word_1_416' title='bbox 391 4034 513 4097; x_wconf 90' lang='lat' dir='ltr'><strong>est,</strong></span> <span class='ocrx_word' id='word_1_417' title='bbox 554 4031 669 4088; x_wconf 87' lang='lat' dir='ltr'><strong>sed</strong></span> <span class='ocrx_word' id='word_1_418' title='bbox 696 4032 833 4111; x_wconf 85' lang='lat' dir='ltr'><strong>solo</strong></span> <span class='ocrx_word' id='word_1_419' title='bbox 860 4031 1178 4090; x_wconf 89' lang='lat' dir='ltr'><strong>utentium</strong></span> <span class='ocrx_word' id='word_1_420' title='bbox 1201 4047 1535 4101; x_wconf 88' lang='lat' dir='ltr'><strong>consensu,</strong></span> <span class='ocrx_word' id='word_1_421' title='bbox 1560 4032 1803 4104; x_wconf 91' lang='lat' dir='ltr'><strong>legibus</strong></span> <span class='ocrx_word' id='word_1_422' title='bbox 1819 4033 2118 4106; x_wconf 88' lang='lat' dir='ltr'><strong>deinceps</strong></span> <span class='ocrx_word' id='word_1_423' title='bbox 2141 4034 2542 4101; x_wconf 83' lang='lat' dir='ltr'><strong>confirmato,</strong></span> <span class='ocrx_word' id='word_1_424' title='bbox 2584 4029 2855 4088; x_wconf 88' lang='lat' dir='ltr'><strong>obtinuit</strong></span> <span class='ocrx_word' id='word_1_425' title='bbox 2887 4024 3040 4095; x_wconf 86' lang='lat'><strong>⁷).—</strong></span> 
     </span>
     <span class='ocr_line' id='line_1_40' title="bbox 236 4124 3027 4205; baseline 0.001 -24"><span class='ocrx_word' id='word_1_426' title='bbox 236 4124 678 4196; x_wconf 80' lang='lat' dir='ltr'><strong>sedquoniam</strong></span> <span class='ocrx_word' id='word_1_427' title='bbox 702 4142 834 4186; x_wconf 94' lang='lat' dir='ltr'><strong>non</strong></span> <span class='ocrx_word' id='word_1_428' title='bbox 857 4130 1050 4187; x_wconf 90' lang='lat' dir='ltr'><strong>modo</strong></span> <span class='ocrx_word' id='word_1_429' title='bbox 1074 4130 1418 4202; x_wconf 89' lang='lat' dir='ltr'><strong>praecipua</strong></span> <span class='ocrx_word' id='word_1_430' title='bbox 1450 4128 1715 4205; x_wconf 86' lang='lat' dir='ltr'><strong>hujusce</strong></span> <span class='ocrx_word' id='word_1_431' title='bbox 1745 4128 1838 4187; x_wconf 90' lang='lat' dir='ltr'><strong>rei</strong></span> <span class='ocrx_word' id='word_1_432' title='bbox 1866 4144 2057 4187; x_wconf 86' lang='lat' dir='ltr'><strong>causa</strong></span> <span class='ocrx_word' id='word_1_433' title='bbox 2085 4128 2147 4186; x_wconf 89' lang='lat' dir='ltr'><strong>in</strong></span> <span class='ocrx_word' id='word_1_434' title='bbox 2186 4127 2517 4186; x_wconf 86' lang='lat' dir='ltr'><strong>doctrinae</strong></span> <span class='ocrx_word' id='word_1_435' title='bbox 2567 4126 3027 4186; x_wconf 88' lang='lat' dir='ltr'><strong>instauratione</strong></span> 
     </span>
    </p>
   </div>
   <div class='ocr_carea' id='block_1_5' title="bbox 223 4400 3039 4971">
    <p class='ocr_par' dir='ltr' id='par_1_5' title="bbox 223 4400 3039 4844">
     <span class='ocr_line' id='line_1_41' title="bbox 262 4400 3032 4474; baseline 0.003 -25"><span class='ocrx_word' id='word_1_436' title='bbox 262 4465 271 4474; x_wconf 32' lang='lat'>⁸</span> <span class='ocrx_word' id='word_1_437' title='bbox 302 4400 360 4474; x_wconf 49' lang='lat'><strong>¹)</strong></span> <span class='ocrx_word' id='word_1_438' title='bbox 383 4404 456 4451; x_wconf 80' lang='lat' dir='ltr'><strong>Cf.</strong></span> <span class='ocrx_word' id='word_1_439' title='bbox 478 4406 695 4453; x_wconf 80' lang='lat' dir='ltr'><strong>Artlmr</strong></span> <span class='ocrx_word' id='word_1_440' title='bbox 727 4408 880 4453; x_wconf 79' lang='lat' dir='ltr'><strong>Duck</strong></span> <span class='ocrx_word' id='word_1_441' title='bbox 912 4408 974 4454; x_wconf 82' lang='lat' dir='ltr'><strong>de</strong></span> <span class='ocrx_word' id='word_1_442' title='bbox 994 4419 1082 4454; x_wconf 86' lang='lat' dir='ltr'><strong>usu</strong></span> <span class='ocrx_word' id='word_1_443' title='bbox 1096 4412 1148 4455; x_wconf 87' lang='lat' dir='ltr'><strong>et</strong></span> <span class='ocrx_word' id='word_1_444' title='bbox 1167 4410 1461 4457; x_wconf 85' lang='lat' dir='ltr'><strong>authoritate</strong></span> <span class='ocrx_word' id='word_1_445' title='bbox 1477 4409 1603 4466; x_wconf 75' lang='lat' dir='ltr'><strong>juris</strong></span> <span class='ocrx_word' id='word_1_446' title='bbox 1665 4408 1771 4454; x_wconf 79' lang='lat' dir='ltr'><strong>Lib.</strong></span> <span class='ocrx_word' id='word_1_447' title='bbox 1794 4411 1853 4455; x_wconf 90' lang='lat'><strong>11.</strong></span> <span class='ocrx_word' id='word_1_448' title='bbox 1873 4407 1987 4466; x_wconf 68' lang='grc'><strong>960.</strong></span> <span class='ocrx_word' id='word_1_449' title='bbox 2010 4411 2076 4467; x_wconf 88' lang='lat' dir='ltr'><strong>(p.</strong></span> <span class='ocrx_word' id='word_1_450' title='bbox 2092 4406 2452 4466; x_wconf 75' lang='lat'><strong>815—845.)-</strong></span> <span class='ocrx_word' id='word_1_451' title='bbox 2475 4406 2744 4456; x_wconf 71' lang='lat' dir='ltr'><strong>Etclzlaorn</strong></span> <span class='ocrx_word' id='word_1_452' title='bbox 2769 4410 2802 4455; x_wconf 92' lang='grc'><strong>1.</strong></span> <span class='ocrx_word' id='word_1_453' title='bbox 2824 4409 2898 4465; x_wconf 63' lang='grc'><strong>[3</strong></span> <span class='ocrx_word' id='word_1_454' title='bbox 2918 4407 3032 4460; x_wconf 71' lang='lat'><strong>269.</strong></span> 
     </span>
     <span class='ocr_line' id='line_1_42' title="bbox 229 4467 3030 4537; baseline 0.003 -26"><span class='ocrx_word' id='word_1_455' title='bbox 229 4467 388 4537; x_wconf 63' lang='lat' dir='ltr'><strong>einins</strong></span> <span class='ocrx_word' id='word_1_456' title='bbox 420 4468 466 4512; x_wconf 91' lang='lat' dir='ltr'><strong>in</strong></span> <span class='ocrx_word' id='word_1_457' title='bbox 496 4470 727 4515; x_wconf 86' lang='lat' dir='ltr'><strong>dominiis</strong></span> <span class='ocrx_word' id='word_1_458' title='bbox 752 4469 1025 4527; x_wconf 83' lang='lat' dir='ltr'><strong>principum</strong></span> <span class='ocrx_word' id='word_1_459' title='bbox 1047 4471 1449 4518; x_wconf 84' lang='lat' dir='ltr'><strong>Christianorum.</strong></span> <span class='ocrx_word' id='word_1_460' title='bbox 1475 4474 1601 4518; x_wconf 84' lang='lat' dir='ltr'><strong>Lon-</strong></span> <span class='ocrx_word' id='word_1_461' title='bbox 1726 4469 1777 4527; x_wconf 72' lang='grc'><strong>4)</strong></span> <span class='ocrx_word' id='word_1_462' title='bbox 1799 4474 1868 4517; x_wconf 74' lang='grc' dir='ltr'><strong>Μ.</strong></span> <span class='ocrx_word' id='word_1_463' title='bbox 1902 4473 2116 4519; x_wconf 77' lang='lat' dir='ltr'><strong>Sar-elus</strong></span> <span class='ocrx_word' id='word_1_464' title='bbox 2155 4472 2201 4516; x_wconf 87' lang='lat' dir='ltr'><strong>in</strong></span> <span class='ocrx_word' id='word_1_465' title='bbox 2225 4483 2370 4530; x_wconf 82' lang='lat' dir='ltr'><strong>opere</strong></span> <span class='ocrx_word' id='word_1_466' title='bbox 2400 4473 2461 4517; x_wconf 86' lang='lat' dir='ltr'><strong>de</strong></span> <span class='ocrx_word' id='word_1_467' title='bbox 2483 4473 2624 4518; x_wconf 83' lang='lat' dir='ltr'><strong>claris</strong></span> <span class='ocrx_word' id='word_1_468' title='bbox 2645 4472 3030 4529; x_wconf 79' lang='lat' dir='ltr'><strong>Archigymnasii</strong></span> 
     </span>
     <span class='ocr_line' id='line_1_43' title="bbox 230 4527 2612 4593; baseline 0.002 -18"><span class='ocrx_word' id='word_1_469' title='bbox 230 4527 689 4583; x_wconf 46' lang='lat' dir='ltr'><strong>&amp;autimas—E.</strong></span> <span class='ocrx_word' id='word_1_470' title='bbox 720 4533 1093 4592; x_wconf 62' lang='lat' dir='ltr'><strong>spangenberq</strong></span> <span class='ocrx_word' id='word_1_471' title='bbox 1107 4535 1292 4580; x_wconf 79' lang='lat' dir='ltr'><strong>Einleit.</strong></span> <span class='ocrx_word' id='word_1_472' title='bbox 1319 4537 1368 4581; x_wconf 89' lang='lat' dir='ltr'><strong>in</strong></span> <span class='ocrx_word' id='word_1_473' title='bbox 1390 4535 1437 4580; x_wconf 91' lang='lat' dir='ltr'><strong>d.</strong></span> <span class='ocrx_word' id='word_1_474' title='bbox 1462 4536 1601 4581; x_wconf 73' lang='lat' dir='ltr'><strong>Rom.</strong></span> <span class='ocrx_word' id='word_1_475' title='bbox 1668 4536 1848 4580; x_wconf 87' lang='lat' dir='ltr'><strong>Bonon.</strong></span> <span class='ocrx_word' id='word_1_476' title='bbox 1874 4535 2242 4592; x_wconf 78' lang='lat' dir='ltr'><strong>professoribus,</strong></span> <span class='ocrx_word' id='word_1_477' title='bbox 2270 4548 2318 4592; x_wconf 87' lang='lat' dir='ltr'><strong>p.</strong></span> <span class='ocrx_word' id='word_1_478' title='bbox 2342 4532 2373 4580; x_wconf 83' lang='lat'>9</span> <span class='ocrx_word' id='word_1_479' title='bbox 2398 4548 2473 4593; x_wconf 83' lang='lat' dir='ltr'><strong>sq.</strong></span> <span class='ocrx_word' id='word_1_480' title='bbox 2492 4533 2612 4591; x_wconf 65' lang='lat'><strong>325.</strong></span> 
     </span>
     <span class='ocr_line' id='line_1_44' title="bbox 228 4591 3039 4655; baseline 0.003 -20"><span class='ocrx_word' id='word_1_481' title='bbox 228 4591 403 4640; x_wconf 67' lang='lat' dir='ltr'><strong>lustin.</strong></span> <span class='ocrx_word' id='word_1_482' title='bbox 431 4594 763 4642; x_wconf 80' lang='lat' dir='ltr'><strong>Rechtsbuch.</strong></span> <span class='ocrx_word' id='word_1_483' title='bbox 785 4594 876 4640; x_wconf 82' lang='lat' dir='ltr'><strong>Th.</strong></span> <span class='ocrx_word' id='word_1_484' title='bbox 903 4597 936 4640; x_wconf 87' lang='lat' dir='ltr'><strong>l.</strong></span> <span class='ocrx_word' id='word_1_485' title='bbox 962 4596 1079 4653; x_wconf 81' lang='lat' dir='ltr'><strong>Kap.</strong></span> <span class='ocrx_word' id='word_1_486' title='bbox 1101 4598 1181 4643; x_wconf 82' lang='lat' dir='ltr'><strong>lv.</strong></span> <span class='ocrx_word' id='word_1_487' title='bbox 1204 4609 1249 4655; x_wconf 90' lang='lat' dir='ltr'><strong>p.</strong></span> <span class='ocrx_word' id='word_1_488' title='bbox 1276 4595 1340 4644; x_wconf 79' lang='lat'><strong>86</strong></span> <span class='ocrx_word' id='word_1_489' title='bbox 1358 4595 1609 4644; x_wconf 88' lang='grc'><strong>-116.-</strong></span> <span class='ocrx_word' id='word_1_490' title='bbox 1733 4594 1782 4653; x_wconf 79' lang='lat'><strong>5)</strong></span> <span class='ocrx_word' id='word_1_491' title='bbox 1825 4596 1967 4642; x_wconf 76' lang='lat' dir='ltr'><strong>Anth.</strong></span> <span class='ocrx_word' id='word_1_492' title='bbox 1992 4595 2177 4643; x_wconf 75' lang='lat' dir='ltr'><strong>habita</strong></span> <span class='ocrx_word' id='word_1_493' title='bbox 2214 4598 2267 4643; x_wconf 90' lang='lat' dir='ltr'><strong>C.</strong></span> <span class='ocrx_word' id='word_1_494' title='bbox 2304 4608 2374 4643; x_wconf 84' lang='lat' dir='ltr'><strong>ne</strong></span> <span class='ocrx_word' id='word_1_495' title='bbox 2406 4598 2481 4654; x_wconf 79' lang='lat' dir='ltr'><strong>fil.</strong></span> <span class='ocrx_word' id='word_1_496' title='bbox 2501 4609 2601 4653; x_wconf 76' lang='lat' dir='ltr'><strong>pro</strong></span> <span class='ocrx_word' id='word_1_497' title='bbox 2613 4598 2788 4652; x_wconf 82' lang='lat' dir='ltr'><strong>patre.</strong></span> <span class='ocrx_word' id='word_1_498' title='bbox 2826 4596 2922 4655; x_wconf 81' lang='lat' dir='ltr'><strong>(lv,</strong></span> <span class='ocrx_word' id='word_1_499' title='bbox 2941 4595 3039 4655; x_wconf 77' lang='lat'><strong>15.)</strong></span> 
     </span>
     <span class='ocr_line' id='line_1_45' title="bbox 227 4654 2787 4719; baseline 0.002 -20"><span class='ocrx_word' id='word_1_500' title='bbox 227 4655 295 4699; x_wconf 74' lang='lat' dir='ltr'><strong>K.</strong></span> <span class='ocrx_word' id='word_1_501' title='bbox 316 4656 406 4701; x_wconf 71' lang='lat' dir='ltr'><strong>Fr.</strong></span> <span class='ocrx_word' id='word_1_502' title='bbox 426 4655 713 4704; x_wconf 54' lang='lat' dir='ltr'><strong>Eia-tinam</strong></span> <span class='ocrx_word' id='word_1_503' title='bbox 729 4654 962 4702; x_wconf 82' lang='lat' dir='ltr'><strong>deutsche</strong></span> <span class='ocrx_word' id='word_1_504' title='bbox 980 4658 1266 4706; x_wconf 81' lang='lat' dir='ltr'><strong>staats-und</strong></span> <span class='ocrx_word' id='word_1_505' title='bbox 1292 4660 1608 4706; x_wconf 79' lang='lat' dir='ltr'><strong>Rechts-Ges·</strong></span> <span class='ocrx_word' id='word_1_506' title='bbox 1668 4682 1729 4691; x_wconf 94' lang='lat'><strong>--</strong></span> <span class='ocrx_word' id='word_1_507' title='bbox 1744 4659 1982 4718; x_wconf 58' lang='lat' dir='ltr'><strong>Saviqrtr</strong></span> <span class='ocrx_word' id='word_1_508' title='bbox 2003 4659 2175 4706; x_wconf 83' lang='lat' dir='ltr'><strong>Gesch.</strong></span> <span class='ocrx_word' id='word_1_509' title='bbox 2193 4664 2288 4706; x_wconf 88' lang='lat' dir='ltr'><strong>etc.</strong></span> <span class='ocrx_word' id='word_1_510' title='bbox 2316 4661 2376 4705; x_wconf 84' lang='grc' dir='ltr'><strong>Τ.</strong></span> <span class='ocrx_word' id='word_1_511' title='bbox 2401 4662 2478 4708; x_wconf 85' lang='lat'><strong>111.</strong></span> <span class='ocrx_word' id='word_1_512' title='bbox 2500 4675 2546 4719; x_wconf 90' lang='lat' dir='ltr'><strong>p.</strong></span> <span class='ocrx_word' id='word_1_513' title='bbox 2574 4659 2664 4707; x_wconf 66' lang='lat'><strong>152</strong></span> <span class='ocrx_word' id='word_1_514' title='bbox 2681 4670 2787 4716; x_wconf 84' lang='lat' dir='ltr'><strong>sqq.</strong></span> 
     </span>
     <span class='ocr_line' id='line_1_46' title="bbox 223 4715 3035 4783; baseline 0.003 -23"><span class='ocrx_word' id='word_1_515' title='bbox 223 4716 429 4765; x_wconf 82' lang='lat' dir='ltr'><strong>ebichte.</strong></span> <span class='ocrx_word' id='word_1_516' title='bbox 455 4720 600 4766; x_wconf 86' lang='lat' dir='ltr'><strong>Theil</strong></span> <span class='ocrx_word' id='word_1_517' title='bbox 624 4722 665 4767; x_wconf 89' lang='lat'><strong>11</strong></span> <span class='ocrx_word' id='word_1_518' title='bbox 686 4720 704 4778; x_wconf 96' lang='lat'><strong>(</strong></span> <span class='ocrx_word' id='word_1_519' title='bbox 722 4715 804 4763; x_wconf 69' lang='lat' dir='ltr'><strong>2oe</strong></span> <span class='ocrx_word' id='word_1_520' title='bbox 826 4718 950 4765; x_wconf 77' lang='lat' dir='ltr'><strong>Auli.</strong></span> <span class='ocrx_word' id='word_1_521' title='bbox 983 4721 1131 4767; x_wconf 83' lang='lat' dir='ltr'><strong>Goett.</strong></span> <span class='ocrx_word' id='word_1_522' title='bbox 1156 4718 1322 4781; x_wconf 85' lang='grc'>1819.)</span> <span class='ocrx_word' id='word_1_523' title='bbox 1341 4725 1366 4779; x_wconf 68' lang='lat'><strong>3</strong></span> <span class='ocrx_word' id='word_1_524' title='bbox 1384 4720 1478 4770; x_wconf 74' lang='lat'><strong>265</strong></span> <span class='ocrx_word' id='word_1_525' title='bbox 1497 4734 1603 4782; x_wconf 83' lang='lat' dir='ltr'><strong>sqq.</strong></span> <span class='ocrx_word' id='word_1_526' title='bbox 1730 4718 1780 4777; x_wconf 81' lang='lat'><strong>6)</strong></span> <span class='ocrx_word' id='word_1_527' title='bbox 1799 4723 1905 4767; x_wconf 84' lang='lat' dir='ltr'><strong>vid.</strong></span> <span class='ocrx_word' id='word_1_528' title='bbox 1929 4721 2073 4768; x_wconf 84' lang='lat' dir='ltr'><strong>verba</strong></span> <span class='ocrx_word' id='word_1_529' title='bbox 2092 4722 2225 4768; x_wconf 84' lang='lat' dir='ltr'><strong>final.</strong></span> <span class='ocrx_word' id='word_1_530' title='bbox 2248 4722 2386 4768; x_wconf 86' lang='lat' dir='ltr'><strong>autb.</strong></span> <span class='ocrx_word' id='word_1_531' title='bbox 2410 4723 2614 4783; x_wconf 73' lang='lat' dir='ltr'><strong>habita,</strong></span> <span class='ocrx_word' id='word_1_532' title='bbox 2639 4726 2688 4765; x_wconf 90' lang='lat' dir='ltr'><strong>et</strong></span> <span class='ocrx_word' id='word_1_533' title='bbox 2711 4721 2905 4767; x_wconf 71' lang='lat' dir='ltr'><strong>Biener</strong></span> <span class='ocrx_word' id='word_1_534' title='bbox 2923 4721 3035 4768; x_wconf 80' lang='lat' dir='ltr'><strong>hist.</strong></span> 
     </span>
     <span class='ocr_line' id='line_1_47' title="bbox 226 4778 3034 4844; baseline 0.003 -21"><span class='ocrx_word' id='word_1_535' title='bbox 226 4778 314 4824; x_wconf 81' lang='lat' dir='ltr'><strong>Th.</strong></span> <span class='ocrx_word' id='word_1_536' title='bbox 336 4781 414 4827; x_wconf 83' lang='grc' dir='ltr'><strong>ΙΙΙ.</strong></span> <span class='ocrx_word' id='word_1_537' title='bbox 436 4783 466 4837; x_wconf 76' lang='grc'><strong>5</strong></span> <span class='ocrx_word' id='word_1_538' title='bbox 488 4781 589 4830; x_wconf 73' lang='lat'><strong>⁴4⁰</strong></span> <span class='ocrx_word' id='word_1_539' title='bbox 612 4807 677 4815; x_wconf 91' lang='lat'>—</span> <span class='ocrx_word' id='word_1_540' title='bbox 701 4778 821 4829; x_wconf 69' lang='lat'><strong>442.</strong></span> <span class='ocrx_word' id='word_1_541' title='bbox 1674 4783 1899 4829; x_wconf 83' lang='lat' dir='ltr'><strong>authent.</strong></span> <span class='ocrx_word' id='word_1_542' title='bbox 1920 4781 1999 4830; x_wconf 84' lang='lat'><strong>19.</strong></span> <span class='ocrx_word' id='word_1_543' title='bbox 2021 4809 2082 4817; x_wconf 90' lang='lat'><strong>—-</strong></span> <span class='ocrx_word' id='word_1_544' title='bbox 2103 4784 2336 4844; x_wconf 64' lang='lat' dir='ltr'><strong>Saviqttr</strong></span> <span class='ocrx_word' id='word_1_545' title='bbox 2355 4786 2416 4830; x_wconf 83' lang='lat' dir='ltr'><strong>T.</strong></span> <span class='ocrx_word' id='word_1_546' title='bbox 2442 4787 2523 4832; x_wconf 81' lang='lat' dir='ltr'><strong>ill.</strong></span> <span class='ocrx_word' id='word_1_547' title='bbox 2549 4797 2596 4843; x_wconf 85' lang='lat' dir='ltr'><strong>p.</strong></span> <span class='ocrx_word' id='word_1_548' title='bbox 2626 4780 2902 4830; x_wconf 67' lang='lat'><strong>⁴82—484.</strong></span> <span class='ocrx_word' id='word_1_549' title='bbox 2922 4782 3034 4831; x_wconf 76' lang='lat'><strong>495.</strong></span> 
     </span>
    </p>

    <p class='ocr_par' dir='ltr' id='par_1_6' title="bbox 281 4840 3035 4906">
     <span class='ocr_line' id='line_1_48' title="bbox 281 4840 3035 4906; baseline 0.002 -18"><span class='ocrx_word' id='word_1_550' title='bbox 281 4840 330 4897; x_wconf 71' lang='lat'><strong>2)</strong></span> <span class='ocrx_word' id='word_1_551' title='bbox 350 4844 638 4891; x_wconf 71' lang='lat' dir='ltr'><strong>Eicklzorn</strong></span> <span class='ocrx_word' id='word_1_552' title='bbox 660 4846 698 4891; x_wconf 90' lang='lat' dir='ltr'><strong>l.</strong></span> <span class='ocrx_word' id='word_1_553' title='bbox 723 4848 761 4893; x_wconf 90' lang='lat' dir='ltr'><strong>l.</strong></span> <span class='ocrx_word' id='word_1_554' title='bbox 780 4845 806 4898; x_wconf 84' lang='lat' dir='ltr'><strong>S</strong></span> <span class='ocrx_word' id='word_1_555' title='bbox 833 4840 952 4891; x_wconf 70' lang='lat'><strong>44⁴.</strong></span> <span class='ocrx_word' id='word_1_556' title='bbox 1734 4842 1785 4902; x_wconf 88' lang='grc'><strong>7)</strong></span> <span class='ocrx_word' id='word_1_557' title='bbox 1808 4845 2075 4893; x_wconf 75' lang='lat' dir='ltr'><strong>Eichltorn</strong></span> <span class='ocrx_word' id='word_1_558' title='bbox 2098 4848 2131 4893; x_wconf 87' lang='grc' dir='ltr'><strong>Ι.</strong></span> <span class='ocrx_word' id='word_1_559' title='bbox 2157 4848 2192 4895; x_wconf 90' lang='lat' dir='ltr'><strong>l.</strong></span> <span class='ocrx_word' id='word_1_560' title='bbox 2219 4851 2245 4905; x_wconf 81' lang='grc' dir='ltr'>ς</span> <span class='ocrx_word' id='word_1_561' title='bbox 2264 4845 2358 4896; x_wconf 71' lang='lat'><strong>440</strong></span> <span class='ocrx_word' id='word_1_562' title='bbox 2372 4853 2422 4893; x_wconf 87' lang='lat' dir='ltr'><strong>et</strong></span> <span class='ocrx_word' id='word_1_563' title='bbox 2443 4845 2554 4895; x_wconf 69' lang='lat'><strong>4⁴02.</strong></span> <span class='ocrx_word' id='word_1_564' title='bbox 2576 4872 2634 4881; x_wconf 89' lang='lat'><strong>--</strong></span> <span class='ocrx_word' id='word_1_565' title='bbox 2652 4845 3035 4906; x_wconf 71' lang='lat' dir='ltr'><strong>Spanyenberq</strong></span> 
     </span>
    </p>

    <p class='ocr_par' dir='ltr' id='par_1_7' title="bbox 279 4902 2103 4971">
     <span class='ocr_line' id='line_1_49' title="bbox 279 4902 2103 4971; baseline 0.002 -21"><span class='ocrx_word' id='word_1_566' title='bbox 279 4902 329 4967; x_wconf 76' lang='grc' dir='ltr'><strong>ὅ)</strong></span> <span class='ocrx_word' id='word_1_567' title='bbox 366 4909 478 4955; x_wconf 84' lang='lat' dir='ltr'><strong>vid.</strong></span> <span class='ocrx_word' id='word_1_568' title='bbox 515 4906 928 4955; x_wconf 75' lang='lat' dir='ltr'><strong>Silberradium</strong></span> <span class='ocrx_word' id='word_1_569' title='bbox 965 4906 1026 4951; x_wconf 85' lang='lat' dir='ltr'><strong>ad</strong></span> <span class='ocrx_word' id='word_1_570' title='bbox 1050 4905 1320 4957; x_wconf 79' lang='lat' dir='ltr'><strong>Heineccii</strong></span> <span class='ocrx_word' id='word_1_571' title='bbox 1359 4909 1470 4971; x_wconf 79' lang='lat' dir='ltr'><strong>hist.</strong></span> <span class='ocrx_word' id='word_1_572' title='bbox 1500 4909 1597 4966; x_wconf 80' lang='lat' dir='ltr'><strong>jur.</strong></span> <span class='ocrx_word' id='word_1_573' title='bbox 1670 4910 1740 4956; x_wconf 90' lang='lat' dir='ltr'><strong>l.l.</strong></span> <span class='ocrx_word' id='word_1_574' title='bbox 1765 4920 1814 4966; x_wconf 89' lang='lat' dir='ltr'><strong>p.</strong></span> <span class='ocrx_word' id='word_1_575' title='bbox 1839 4903 2103 4956; x_wconf 71' lang='lat'><strong>112-115,</strong></span> 
     </span>
    </p>
   </div>
  </div>
 </body>
</html>
