3544 5506
475 300 587 358 578

482 431 541 499 2)
565 429 863 500 Adrogati
881 470 900 497 ‚
929 435 1067 485 tum
1093 428 1158 484 in
1185 429 1441 500 plenam
1467 428 1882 500 adoptionem
1908 423 2041 486 dati
2060 428 2359 500 adoptivo
2384 427 2552 499 patri
2574 427 2953 497 succedunt,
2976 443 3111 488 non
3132 429 3287 489 item

484 529 621 603 ejus
652 530 832 586 uxori
861 526 931 603 ⁵),
961 544 1183 586 rursus
1225 543 1380 586 vero
1424 529 1779 586 succedunt
1807 529 1998 585 matri
2030 527 2342 598 naturali,
2395 541 2526 585 non
2580 526 2730 584 item
2764 527 2930 599 patri
2960 523 3034 603 ⁴).
3083 527 3147 603 5>
3176 530 3289 606 Qui

483 640 614 682 non
642 623 923 695 exjustis
951 622 1373 682 matrimoniis
1398 630 1751 681 nascuntur
1768 667 1785 690 ‚
1821 625 2203 696 plerumque
2227 617 2417 680 matri
2440 628 2690 680 tantum
2708 625 3064 681 succedunt
3076 624 3291 696 huius-

484 738 611 794 que
650 723 844 794 ipsius
873 724 1245 796 parentibus
1270 722 1344 797 ⁵),
1373 730 1831 797 praeterquam
1865 724 2041 795 quod
2075 738 2152 780 ex
2181 717 2616 781 concubinatu
2646 724 2970 794 procreati
2986 739 3118 780 una
3141 740 3289 782 cum

485 836 712 880 eorum
726 829 931 880 matre
946 824 1106 881 duas
1123 838 1197 880 ex
1216 829 1484 895 paterna
1498 822 1854 881 hereditate
1869 824 2089 881 uncias
2106 822 2801 896 accipiant‚dummodo
2813 838 2934 881 nec
2945 822 3291 894 legitimam

486 921 795 988 sobolem,
828 937 950 980 nec
957 922 1196 996 justam
1212 937 1478 980 uxorem
1499 929 1685 994 pater
1710 923 2039 996 reliquerit
2059 920 2131 994 θ).
2154 926 2227 979 At
2247 922 2405 980 nulli
2424 928 2764 994 parentum
2790 922 3168 998 succedunt,
3183 923 3291 995 qui

496 1038 522 1067 ιι
545 1032 622 1074 ex
644 1017 1080 1090 complexibus
1107 1050 1189 1060 —-
1225 1023 1336 1074 aut
1364 1015 1621 1075 nefariis
1644 1061 1659 1087 ,
1688 1024 1800 1075 aut
1821 1018 2073 1077 incestis
2093 1065 2109 1090 ‚
2128 1025 2241 1075 aut
2266 1018 2583 1075 damnatis
2608 1040 2635 1068 n
2673 1014 3110 1091 nascuntur-⁷).
3152 1022 3289 1076 Jam

484 1133 639 1176 vero
678 1120 854 1191 quod
883 1120 964 1176 ad
996 1119 1286 1176 ordinem
1318 1119 1547 1176 attinet
1575 1115 1995 1187 succedendi,
2028 1118 2392 1178 remotioris
2419 1118 2653 1189 gradus
2677 1117 3143 1177 descendentes
3162 1134 3293 1176 una

482 1234 629 1276 cum
646 1219 789 1276 thiis
803 1226 1136 1293 vocantur,
1153 1220 1236 1276 du
1246 1219 1502 1277 mmodo
1515 1233 1706 1276 nemo
1721 1234 1832 1277 eos
1848 1220 1911 1276 in
1925 1219 2152 1277 eadem
2171 1219 2369 1290 stirpe
2386 1218 2747 1275 antecedat·
2762 1220 3058 1290 Ipsorum
3074 1224 3289 1277 autem

482 1314 804 1372 bonorum
827 1314 1045 1373 divisio
1076 1315 1201 1373 hoc
1244 1317 1436 1373 modo
1480 1315 1590 1373 tlet
1605 1357 1623 1384 ‚
1650 1320 1724 1372 ut
1739 1358 1757 1387 ‚
1803 1310 1854 1373 si
1891 1329 2023 1372 non
2046 1313 2162 1372 nisi
2203 1308 2389 1386 primi
2430 1314 2665 1384 gradus
2709 1313 2888 1370 liberi
2929 1314 3165 1372 adsunt
3181 1355 3198 1378 .
3225 1316 3291 1372 in

481 1413 691 1486 capita
714 1456 730 1479 .
762 1415 856 1472 sin
886 1421 998 1472 aut
1027 1415 1141 1472 soli
1172 1415 1536 1473 remotioris
1567 1416 1806 1486 gradus
1836 1421 1949 1471 aut
1976 1408 2260 1486 plurium
2292 1413 2608 1483 graduum
2637 1412 3103 1471 descendentes
3124 1412 3292 1471 inter

481 1524 548 1568 se
576 1516 1004 1584 concurrunt,
1037 1511 1099 1567 in
1123 1510 1350 1581 stirpes
1374 1499 1692 1568 dividatur
1713 1510 2034 1568 hereditas
2058 1508 2132 1581 ⁸).
2159 1504 2402 1581 Quodsi
2427 1523 2502 1565 ex
2527 1507 2790 1566 diversis
2812 1504 3125 1582 conjugiis
3145 1517 3292 1567 sunt

479 1608 698 1679 liberi,
729 1615 867 1666 tum
896 1624 1062 1681 quae
1083 1610 1276 1681 pleno
1291 1609 1441 1681 ¹iure
1462 1611 1545 1666 ad
1569 1625 1977 1667 communem
2006 1614 2345 1681 parentem
2370 1613 2663 1679 spectant
2691 1607 2863 1666 bona
2883 1653 2899 1679 ‚
2930 1608 3074 1680 pari
3098 1610 3289 1668 modo

483 1709 652 1766 inter
676 1723 785 1766 eos
806 1709 1179 1766 dividuntur
1198 1748 1215 1776 ,
1238 1705 1347 1781 qui
1378 1710 1460 1766 ab
1492 1710 1598 1767 illo
1631 1709 2266 1775 descendunt31ucra
2299 1721 2458 1765 vero
2482 1706 2793 1777 nuptialia
2816 1701 2859 1779 ⁸)
2890 1706 2970 1762 ad
2995 1721 3107 1765 eos
3127 1708 3289 1766 solos

481 1798 923 1877 pertinebunt,
961 1805 1067 1877 qui
1098 1805 1224 1862 orti
1256 1810 1406 1862 sunt
1433 1820 1510 1863 ex
1559 1798 1903 1880 coniugiis,
1954 1805 2128 1861 unde
2176 1803 2280 1860 illa
2315 1800 2607 1874 prosecta
2651 1807 2800 1859 sunt
2831 1798 2918 1875 ¹⁰).
2954 1805 3288 1860 Caeterum

484 1902 761 1975 postumi
801 1904 1059 1961 nomine
1101 1910 1235 1961 tres
1272 1903 1528 1962 interim
1572 1911 1915 1962 servantur
1959 1910 2208 1985 partes,
2263 1903 2388 1960 hoc
2434 1908 2628 1974 pacto
2652 1940 2670 1969 ,
2714 1906 2787 1957 ut
2812 1942 2829 1968 ,
2870 1902 2924 1958 si
2958 1903 3289 1974 pauciores

484 2001 723 2060 suerint
746 1998 879 2060 nati
906 2018 1099 2074 quam
1129 2010 1261 2061 tres
1280 2048 1298 2078 ‚
1328 2004 1651 2063 residuum
1675 2005 1934 2078 reliquis
1959 2021 2080 2076 pro
2099 2010 2241 2061 rata
2261 2007 2590 2060 accrescat
2606 2043 2623 2075 ‚
2648 2000 2744 2058 sin
2768 2003 3009 2073 plures,
3038 2006 3286 2060 tantum

484 2096 603 2159 illis
625 2098 958 2158 auferatur
979 2144 996 2170 ,
1027 2107 1334 2176 quantum
1363 2103 1532 2159 ultra
1556 2101 1618 2158 id
1648 2144 1664 2171 ,
1686 2102 1862 2174 quod
1888 2096 2036 2174 ipsis
2065 2100 2420 2158 debebatur
2442 2140 2459 2169 ‚
2491 2103 2885 2170 acceperunt
2913 2093 3004 2170 ¹¹).

1185 314 1335 355 PARS
1371 313 1529 357 SPEC·
1567 313 1686 356 Lm.
1727 312 1792 355 V·
1834 313 1909 354 DE
1946 311 2381 354 muntra'run
2420 311 2592 354 suu.

487 2310 683 2383 5655.
713 2308 779 2383 b)
825 2307 982 2368 Ordo
1010 2306 1309 2375 secundus,
1338 2308 1386 2369 i.
1442 2325 1487 2365 c.
1529 2306 1981 2375 ascendentium,
2022 2304 2280 2381 fratrum
2312 2308 2404 2364 ‘ex
2455 2313 2697 2383 utroque
2750 2304 2928 2364 tatere
2955 2304 3285 2382 junctorum

1330 2405 1638 2483 horumque
1669 2403 1973 2464 liberorum
1993 2404 2181 2482 primi
2213 2402 2446 2481 qradus.

567 2609 898 2665 Vocantur
917 2606 1108 2677 igitur
1136 2608 1201 2663 in
1227 2608 1351 2665 hoc
1374 2607 1602 2665 ordine
1622 2603 1682 2680 1)
1710 2608 2130 2665 ascendentes
2151 2651 2167 2675 ‚
2193 2603 2259 2664 hi
2287 2608 2543 2680 quidem
2567 2607 2956 2680 plerumque
2975 2649 2992 2675 ‚
3021 2619 3279 2679 quorum

492 2705 574 2764 ad
596 2704 1055 2781 hereditatem,
1099 2701 1247 2779 ipsis
1292 2705 1757 2780 praemortuis,
1806 2705 2095 2765 similiter
2118 2707 2329 2765 vocati
2375 2712 2586 2764 essent
2617 2705 2714 2774 hi,
2747 2705 2829 2764 de
2859 2720 3132 2780 quorum
3151 2704 3274 2778 jam

490 2902 563 2943 est
588 2932 602 2954 ‚
626 2909 713 2943 cur
734 2910 819 2955 per
843 2899 1128 2955 rescriptum
1151 2897 1427 2956 legitimatis
1462 2899 1510 2946 id
1540 2898 1620 2954 jus
1642 2900 1852 2958 denege-

492 2971 617 3016 mus,
640 2961 752 3006 licet
769 2972 865 3006 non
890 2961 982 3006 nisi
1004 2963 1051 3005 in
1074 2960 1342 3007 subsidium
1367 2996 1381 3018 ‚
1400 2967 1456 3007 ut
1477 2961 1636 3018 aiunt,
1660 2975 1745 3019 per
1770 2974 1848 3008 re-

493 3023 728 3078 scriptum
770 3022 874 3068 fieri
905 3024 1057 3081 possit
1083 3024 1387 3081 legitimatlo.
1420 3023 1526 3070 Vid.
1573 3025 1733 3072 Glt'e'cls
1755 3025 1789 3071 1.
1813 3026 1848 3072 Ι.

555 3147 604 3205 3)
637 3151 663 3205 s
684 3146 731 3194 ⁶2.
758 3149 792 3192 l.
819 3146 888 3194 de
906 3147 1044 3206 lter„
1066 3159 1211 3206 quae
1231 3148 1299 3195 ab
1322 3148 1421 3194 int.
1444 3146 1614 3201 defer.
1648 3157 1663 3205 (
1688 3149 1741 3195 L.
1766 3149 1847 3195 23.

495 3210 550 3255 D.
592 3211 659 3256 de
677 3210 996 3266 adoptIonib.
1023 3212 1038 3260 l
1061 3236 1118 3244 —
1145 3212 1197 3257 1..
1223 3209 1300 3257 10.
1325 3212 1380 3256 C.
1402 3209 1469 3255 de
1493 3209 1674 3266 adopt.
1697 3212 1818 3268 (vttt
1836 3244 1851 3268 ‚

498 3271 772 3328 48.)-Vid.
790 3275 815 3328 S
836 3271 971 3329 554..
990 3273 1071 3319 ubi
1094 3276 1240 3318 etiam
1262 3273 1446 3328 dejure
1468 3274 1726 3331 exponitur
1747 3274 1853 3327 ejus

497 3337 626 3380 velut
671 3335 943 3392 adoptionis
969 3370 984 3392 ‚
1025 3347 1151 3393 quse
1193 3335 1240 3380 in
1283 3335 1546 3380 liberorum
1565 3337 1853 3382 amissorum

497 3397 721 3443 solatium
745 3398 983 3444 matribus
1002 3398 1198 3443 concedi
1222 3398 1370 3455 solet3
1417 3397 1523 3443 scil.
1547 3398 1595 3444 in
1623 3402 1849 3443 contextu

493 3459 556 3505 ad
578 3464 682 3505 not.
702 3457 750 3504 8.
776 3483 835 3492 —
853 3462 1040 3506 Caeter.
1066 3462 1126 3506 de
1165 3471 1222 3504 ea
1261 3460 1568 3517 quaestione,
1612 3465 1853 3517 quatenus

495 3520 544 3567 hi
569 3554 585 3574 ,
604 3521 687 3579 qui
712 3519 974 3577 adoptione
1010 3521 1275 3568 liberorum
1303 3522 1415 3576 jura
1436 3523 1679 3568 consecuti
1699 3527 1812 3566 sunt
1836 3554 1852 3579 ‚

494 3582 707 3641 adoptivi
759 3585 910 3641 patris
963 3585 1150 3642 parenti
1204 3584 1466 3628 succedant
1500 3616 1514 3636 ,
1566 3583 1663 3630 vid.
1724 3583 1850 3630 Tlu'-

495 3643 737 3754 [ναξ-ζέων.
765 3646 887 3692 Ahh.
911 3659 962 3706 p.
995 3631 1277 3692 502-304.
1302 3649 1350 3690 et
1367 3646 1538 3692 Loelu·
1557 3646 1741 3704 Magaz.
1767 3646 1849 3692 lv.

494 3719 541 3765 p.
597 3721 627 3754 ο
666 3742 676 3752 .

556 3767 604 3826 4>
636 3769 704 3816 de
726 3768 1189 3824 LoehrMagaz.111.
1208 3769 1289 3814 Nr.
1309 3767 1388 3814 xl.
1413 3781 1462 3825 p.
1481 3766 1578 3815 397
1595 3793 1655 3802 —
1674 3767 1853 3816 406.-

493 3831 702 3877 Dissent.
728 3828 886 3879 Gliick
907 3836 932 3888 s
957 3829 1065 3877 159.
1087 3856 1148 3863 -
1170 3834 1224 3877 C.
1252 3833 1308 3876 G.
1328 3831 1551 3877 Schmin
1569 3833 1621 3878 D.
1647 3833 1707 3877 de
1731 3834 1853 3878 ado·

497 3894 662 3950 ptione
686 3896 844 3940 minus
865 3897 1006 3952 plena
1028 3893 1151 3947 (Jen.
1173 3891 1312 3939 1825.
1340 3896 1407 3950 8.)
1432 3907 1479 3951 p.
1505 3892 1581 3939 10.
1607 3899 1708 3940 not.
1734 3907 1850 3939 n.-

505 3955 726 4002 leibaue
754 3958 845 4003 civ.
873 3957 995 4003 Abh.
1024 3969 1071 4012 p.
1100 3952 1369 4002 115-117.
1393 3957 1671 4010 (nr.ll.).At
1688 3963 1852 4003 nostra

498 4021 739 4064 sententia
794 4019 871 4064 his
925 4019 1144 4074 inprimis
1196 4017 1474 4065 defenditur
1523 4018 1795 4063 rationibus
1838 4030 1848 4060 :

497 4081 543 4131 1)
571 4082 886 4138 Praeceptum
912 4081 1029 4127 illud
1052 4095 1064 4128 ε
1090 4080 1399 4136 adoptionem
1426 4080 1610 4126 tamdiu
1635 4093 1809 4126 nocet-e
1835 4114 1851 4137 ,

499 4144 731 4200 quamdiu
757 4146 864 4201 quis
886 4146 933 4188 in
959 4144 1118 4188 aliena
1142 4141 1324 4186 familia
1349 4144 1498 4200 sit(L.
1522 4139 1570 4188 6.
1591 4143 1615 4197 S
1637 4140 1685 4188 ⁴.
1709 4145 1761 4188 D.
1786 4142 1853 4190 de

497 4205 559 4251 B.
581 4208 646 4251 P.
672 4217 721 4252 c.
745 4209 805 4265 t.‚
831 4203 988 4258 3626.
1010 4202 1343 4261 not.5.).cum
1366 4218 1462 4251 nou
1483 4215 1541 4250 ex
1563 4209 1853 4262 agnatorum

498 4272 915 4324 cognatorumque
938 4267 1215 4313 discrimine
1252 4266 1554 4313 descenderit
1580 4282 1592 4312 2
1617 4269 1854 4325 siquidem

498 4331 842 4387 etemancipati
867 4331 994 4375 inter
1016 4327 1191 4374 liberos
1215 4329 1610 4388 admitterentur3
1627 4341 1715 4374 nec
1738 4330 1855 4375 sub-

499 4391 653 4436 latum
676 4403 779 4437 esse
802 4391 954 4437 videri
972 4396 1127 4448 potest
1147 4403 1202 4436 ea
1225 4392 1331 4446 lege
1355 4427 1368 4447 ,
1398 4404 1520 4448 quae
1543 4393 1686 4437 simili
1712 4394 1857 4438 modo

496 4464 608 4498 cum
631 4453 816 4509 agnatis
836 4456 1091 4499 succedere
1105 4458 1334 4510 cognatos
1345 4455 1612 4511 generatim
1633 4454 1855 4500 sancivit.

499 4515 616 4561 Nam
637 4527 748 4572 cum
771 4515 818 4559 in
843 4515 1134 4573 specialibus
1158 4518 1435 4573 praeceptis
1457 4516 1732 4562 habendum
1757 4517 1822 4561 sit
1849 4548 1865 4569 .

501 4577 657 4633 iisque
677 4576 857 4622 talibus
882 4612 897 4634 ‚
919 4589 1045 4634 quae
1071 4611 1085 4632 .
1109 4589 1220 4623 cum
1247 4580 1450 4635 propriis
1472 4579 1568 4624 suis
1593 4578 1862 4624 rationibus

501 4638 708 4683 subnixa
748 4639 846 4683 sint
869 4672 885 4696 ‚
900 4639 1036 4693 juxta
1063 4646 1280 4697 spectare
1301 4646 1501 4697 possunt
1521 4641 1581 4685 ad
1598 4640 1722 4695 ,iuris
1740 4641 1864 4686 anti·

505 4699 588 4757 qui
610 4705 661 4743 ct
680 4699 791 4744 novi
817 4702 1057 4756 regulam,
1079 4702 1314 4759 sequitur,
1339 4710 1393 4747 ut
1411 4714 1534 4748 nova
1557 4704 1659 4759 lege
1674 4737 1688 4760 ‚
1711 4714 1865 4760 eaque

507 4761 1217 4877 {²⁰52222322321222053325
1223 4797 1235 4809 ·
1262 4764 1618 4884 Εἰίἓξξέωῗᾷ)
1633 4763 1862 4873 &st-‚⁵3:33

505 4889 734 4947 neretum,
754 4885 883 4943 quod
906 4891 1070 4946 antea,
1090 4888 1174 4945 qui
1196 4887 1243 4934 in
1266 4839 1574 4948 §dopiioiflzm
1593 4889 1827 4940 darentur
1847 4926 1865 4953 ‚

1935 2900 1984 2946 in
2007 2899 2244 2945 naturalis
2266 2900 2418 2958 patris
2442 2899 2627 2946 familia
2646 2901 2697 2943 et
2722 2909 2903 2944 nomen
2942 2902 2991 2944 et
3015 2896 3092 2950 ius
3108 2895 3282 2943 libero-

1934 2975 2047 3008 rum
2091 2974 2260 3007 omnes
2308 2965 2591 3009 amitterent
2632 2961 2649 3016 (
2673 2961 2697 3015 S
2723 2959 2838 3007 554.
2864 2967 2971 3006 not.
3002 2959 3050 3006 5.
3072 2956 3278 3014 εις561.

1934 3029 2038 3070 not.
2066 3021 2113 3069 7.
2138 3025 2174 3080 ).
2196 3025 2290 3070 Nec
2314 3025 2587 3071 verosimile
2608 3027 2701 3073 est,
2722 3024 3037 3080 gravissimae
3066 3022 3188 3069 illius
3210 3031 3280 3065 ra-

1931 3088 2079 3132 tionis
2122 3087 2190 3132 ita
2227 3087 2434 3133 oblitum
2458 3087 2607 3132 fuisse
2629 3086 2957 3143 legislatorem
2973 3118 2990 3142 .,
3014 3090 3067 3130 ut
3084 3096 3146 3131 ne
3164 3094 3285 3129 men·

1934 3150 2113 3194 tionem
2124 3150 2319 3205 quidem
2332 3150 2434 3205 ejus
2447 3152 2649 3204 taceret,
2667 3149 2705 3194 si
2717 3149 2847 3193 deca
2867 3149 3064 3205 penitus
3086 3148 3284 3192 tollenda

1933 3222 2066 3319 veret-
2082 3213 2353 3320 εοξᾶειίεῧι.
2383 3237 2451 3319 -1
2457 3213 2535 3319 {lg
2574 3210 2830 3317 Αῗῗὸονίε
2866 3221 3049 3257 comm.
3092 3204 3280 3256 oleant

1934 3284 2026 3318 con
2056 3286 2124 3319 in.
2319 3306 2331 3319 .
2353 3286 2402 3331 p.
2544 3299 2604 3310 —
2728 3304 2740 3316 .

1937 3396 1955 3453 (
1998 3333 2119 3442 θὸξ
2141 3332 2190 3450 ἐξ.
2236 3337 2273 3382 1.
2318 3336 2387 3383 de
2429 3338 2557 3384 Scto
2598 3333 2801 3393 orpliie.
2834 3357 2897 3367 —
2931 3334 2987 3379 t..
3030 3331 3081 3380 5.
3102 3333 3156 3379 c.
3176 3330 3283 3380 eod.

2002 3457 2050 3516 6)
2084 3460 2200 3506 Nor.
2226 3456 2304 3505 18.
2325 3472 2371 3506 c.
2393 3456 2500 3505 5.-
2511 3461 2627 3508 Nov.
2654 3456 2736 3505 89.
2758 3470 2803 3504 c.
2826 3456 2906 3504 12.
2928 3460 2955 3514 s
2977 3455 3029 3505 ⁴.
3050 3461 3103 3502 et
3118 3453 3287 3503 c.-1›e

1935 3521 2109 3568 horum
2134 3527 2503 3580 praeceptorum
2542 3533 2633 3567 usu
2653 3520 2892 3568 hodierno
2922 3520 3024 3566 vid.
3050 3521 3107 3564 G.
3142 3520 3199 3564 J.
3230 3518 3285 3562 F.

1938 3584 2155 3632 Meister·
2175 3591 2331 3642 praet.
2370 3585 2499 3630 Bem.
2524 3596 2612 3631 aus
2650 3585 2702 3630 d.
2740 3584 2861 3630 Civil
2881 3604 2906 3615 ·
2929 3595 2977 3628 u.
3003 3583 3156 3628 crim.
3178 3580 3229 3626 tt.
3250 3580 3284 3624 l.

1933 3648 2015 3693 Nr.
2038 3649 2159 3694 xlv.

1994 3708 2044 3766 7)
2081 3712 2204 3756 Nov.
2227 3706 2309 3754 89.
2329 3721 2375 3755 c.
2397 3706 2474 3755 15.
2491 3708 2660 3766 pr.(ct·'.
2686 3707 2802 3753 Nov.
2828 3704 2911 3751 12.
2930 3719 2978 3753 e.
3000 3703 3049 3753 ὅ.
3076 3706 3192 3751 Nor.
3208 3696 3285 3746 7⁴.

1934 3784 1978 3818 c.
2005 3771 2092 3830 6.).
2120 3796 2179 3805 -
2202 3771 2339 3825 Quod
2358 3770 2603 3827 quomodo
2624 3768 3005 3825 intelligendum
3028 3771 3093 3814 sit
3108 3801 3126 3824 ,
3144 3774 3286 3832 qnae-

1934 3834 2075 3880 ritur.
2123 3859 2179 3867 —
2222 3834 2327 3879 virt.
2353 3834 2514 3878 Heise
2556 3835 2617 3879 de
2660 3831 2976 3877 successorih.
3018 3834 3286 3875 necessarus

1932 3897 2110 3950 (Goett.
2135 3894 2296 3949 1802.)
2320 3898 2345 3951 s
2367 3894 2447 3941 29.
2471 3894 2614 3940 50.-
2636 3891 2798 3941 Glia‘clt
2818 3894 2853 3937 l.
2879 3893 2913 3939 t.
2936 3893 2964 3946 s
2987 3891 3080 3939 ¹33
3101 3884 3281 3934 -157,

1933 3964 1983 4003 et
2002 3959 2172 4004 Archiv
2196 3958 2229 4003 f.
2255 3958 2349 4003 civ.
2374 3958 2451 4001 Pr.
2473 3957 2575 4002 xil.
2617 3957 2699 4002 ΝΡ.
2746 3955 2895 4000 xKll.
2927 3955 3053 4012 ibiq.
3080 3950 3285 4011 inprimis

1933 4032 1982 4076 p.
2032 4018 2120 4065 150
2142 4032 2248 4078 sqq.
2275 4043 2331 4052 —-
2355 4019 2610 4067 Auctoris
2647 4028 2826 4063 comm.
2867 4015 3076 4063 Gltickii
3112 4014 3283 4061 conun.

1937 4084 2121 4129 XXXV.
2145 4096 2193 4140 p.
2216 4079 2306 4128 159
2329 4082 2763 4138 sqq.—Praeterea
2797 4079 2948 4124 aliam
2971 4080 3124 4124 etiam
3161 4085 3289 4142 exce-

1936 4145 2171 4202 ptionem.
2196 4148 2245 4190 at
2265 4145 2330 4201 ei,
2353 4154 2451 4200 quo
2484 4143 2671 4187 utimur
2692 4175 2707 4200 ‚
2729 4142 2831 4196 ,iuri
2853 4151 3058 4200 prorsus
3082 4142 3286 4207 incogni-

1937 4215 2058 4261 tam,
2077 4207 2212 4253 novit
2237 4205 2319 4260 jus
2343 4207 2611 4251 Romanum
2635 4205 2687 4250 1..
2727 4202 2775 4250 5.
2799 4204 2856 4250 C.
2885 4202 2963 4250 ad
2979 4203 3097 4250 δεῖ.
3115 4197 3288 4257 omln-

1937 4267 2068 4315 tz‘an.
2092 4270 2190 4325 (Vl,
2209 4266 2311 4322 57.)

2000 4330 2048 4387 8)
2082 4333 2198 4377 Nov.
2220 4327 2329 4375 118.
2347 4342 2392 4376 c.
2414 4326 2460 4375 t.

2001 4390 2052 4450 9)
2084 4394 2264 4448 Quibus
2304 4393 2453 4438 etiam
2496 4390 2884 4437 adnumerantur
2908 4420 2924 4444 ,
2972 4399 3100 4446 quae
3136 4388 3286 4432 mater

1941 4453 2122 4501 binuba
2147 4490 2163 4514 ‚
2182 4466 2329 4513 quam
2345 4458 2521 4500 vocant
2542 4488 2558 4508 ‚
2577 4465 2636 4498 ex
2657 4452 2832 4509 prioris
2850 4448 3151 4496 matrimonii
3171 4447 3287 4493 libe·

1943 4527 2106 4563 rorum
2129 4524 2547 4576 praemortuorum
2583 4515 2940 4560 hereditatibus
2977 4511 3159 4570 accepit
3183 4543 3197 4565 ,
3217 4518 3291 4552 ea-

1945 4583 2087 4624 tenus
2129 4581 2325 4638 quidem
2348 4613 2364 4635 ,
2400 4587 2642 4637 quatenus
2664 4589 2722 4623 ea
2744 4588 2803 4622 ex
2828 4577 3051 4634 paternis
3072 4574 3209 4620 bonis
3227 4567 3289 4615 ad

1947 4640 2125 4748 Ιὼὲιὸοε
2146 4643 2380 4699 pet-venit.
2405 4643 2522 4687 Nov.
2546 4639 2626 4686 52.
2648 4651 2693 4686 c.
2715 4636 2944 4686 Aue-Cf.
2967 4637 3125 4685 Gffick
3141 4637 3166 4690 ς
3184 4627 3286 4682 15⁴.

1948 4715 1996 4760 p.
2086 4704 2131 4748 2.
2154 4702 2263 4749 505.

2016 4765 2092 4823 to)
2126 4768 2240 4812 λον.
2265 4766 2344 4811 22.
2367 4778 2411 4812 c.
2434 4763 2514 4811 25.
2531 4762 2574 4819 (S
2593 4761 2703 4812 542.
2726 4763 2857 4816 ιιι-,1,
2880 4760 2967 4820 1.).

2016 4830 2093 4883 υ)
2130 4830 2181 4874 1..
2198 4831 2246 4874 5.
2268 4834 2317 4873 et
2336 4825 2386 4875 4.
2410 4828 2464 4874 u.
2500 4825 2696 4885 stpars
2713 4825 2900 4874 nerea.
2919 4827 3086 4884 petat.
3108 4824 3125 4880 (
3146 4822 3200 4880 ν,
3218 4815 3288 4874 4.)

1950 4890 2031 4949 (cf.
2056 4893 2082 4946 S
2105 4889 2215 4940 177.
2238 4897 2341 4938 not.
2361 4888 2409 4938 7.
2434 4888 2524 4943 5.).
