3544 5506
1138 341 1269 384 cn.
1313 342 1401 384 iv.
1443 341 1519 383 nn
1557 342 1763 386 mun
1806 341 2154 385 courum-u.
2994 327 3063 386 81

237 446 533 504 statuend
558 461 673 504 um
695 462 834 505 esse
850 489 867 516 ,
895 441 1220 520 principiis
1236 460 1431 518 supra
1483 453 1528 526 (ς
1549 448 1651 505 72.
1673 462 1777 503 nr.
1807 448 1868 516 1.)
1886 440 2103 518 positis
2128 440 2326 516 magis
2365 442 2707 503 convenire
2734 442 2986 505 videtur
3002 444 3075 519 ⁹).

247 545 318 600 At
352 538 645 615 alioquin
683 550 855 605 locus
909 545 1288 616 plerumque
1311 545 1473 616 reqz’t
1497 546 1708 600 actum
1740 544 1830 610 1⁰).
1865 545 2091 602 Forma
2125 538 2316 614 igitur
2345 543 2682 615 negotioru
2702 560 2765 602 m
2785 588 2801 611 ‚
2845 552 3075 618 quate·

247 658 361 702 nus
392 639 663 715 quidem
703 644 786 700 ad
824 643 1012 701 fidem
1039 638 1621 712 auctoritatemque
1658 638 1919 712 negotio
1956 638 2425 703 conciliandam
2457 644 2680 701 valeat
2769 650 2808 713 ),
2848 661 2969 704 nec
3004 642 3069 704 in

245 737 521 799 aliarum
556 743 770 811 legum
796 740 1085 798 fraudem
1114 746 1331 798 actum
1375 733 1455 796 sit
1488 736 1584 806 ¹2),
1617 754 1747 796 non
1805 747 1935 813 est,
1967 744 2140 814 quod
2181 743 2582 816 dubitemus,
2622 743 2777 816 quin
2816 759 3066 802 accom-

248 837 509 895 modate
538 837 619 894 ad
645 836 782 911 ejus
804 831 926 894 loci
956 836 1266 904 instituta,
1294 830 1405 892 ubi
1422 828 1667 905 geritur
1687 849 1811 903 resi,
1841 836 2171 907 dirigenda
2203 835 2283 897 sit
2305 846 2501 913 atque
2556 834 2952 897 aestimanda
2978 838 3064 906 ¹³).

246 940 373 995 Nec
403 945 539 1009 est,
572 940 749 1009 quod
794 952 926 995 non
968 932 1146 995 idem
1170 942 1525 994 statuamus
1568 936 1648 993 de
1693 932 2099 1007 negotiorum
2140 936 2408 999 materia
2433 984 2449 1008 ‚
2500 936 2560 997 vi
2607 948 2674 998 et
2705 946 3064 1012 potestate,

248 1049 417 1106 quae
444 1029 597 1105 ipsis
619 1048 768 1091 cum
793 1049 912 1105 per
961 1047 1030 1090 se
1063 1027 1211 1090 insit
1235 1028 1325 1097 ¹⁴),
1357 1037 1494 1088 tum
1522 1046 1677 1088 vero
1710 1034 1889 1105 quod
1931 1035 2158 1105 agendi
2186 1032 2664 1108 excipiendique
2695 1034 3064 1094 facultatem

247 1125 482 1189 attinet
506 1126 701 1198 ¹⁵)‚his
736 1135 954 1186 tamen
986 1122 1325 1199 adscriptis
1348 1127 1851 1199 exceptionibuS,
1880 1131 1937 1197 1)
1958 1136 2032 1186 ut
2057 1146 2138 1188 ne
2162 1131 2315 1202 quid
2342 1126 2407 1188 in
2433 1127 2640 1190 aliena
2669 1125 2923 1190 civitate
2953 1133 3067 1190 flat

247 1232 481 1284 contra
504 1219 773 1282 civitatis
801 1239 1015 1281 mores
1037 1266 1053 1293 ‚
1092 1225 1264 1295 leges
1283 1264 1302 1295 ,
1342 1216 1633 1279 instituta
1666 1220 2020 1298 ejusmodi,
2047 1241 2215 1299 quae
2249 1228 2330 1284 ad
2374 1227 2774 1285 immutanda
2803 1242 3067 1302 prorsus

246 1316 399 1379 nihil
431 1323 643 1379 valeat
665 1315 1063 1393 privatorum
1110 1313 1449 1376 arbitrium
1475 1315 1546 1389 16)
1573 1338 1590 1392 ;
1621 1320 1691 1384 2)
1726 1327 1800 1377 ut
1837 1320 2101 1381 omnino
2125 1338 2261 1381 sese
2285 1368 2300 1393 ,
2327 1323 2435 1396 qui
2460 1319 2788 1394 negotium
2806 1319 3066 1398 aliquod

253 1417 667 1479 instituerunt
693 1467 709 1489 ,
737 1414 932 1478 tacite
968 1418 1496 1478 accommodasse
1526 1419 1869 1476 videantur
1903 1422 1984 1477 ad
2024 1421 2183 1479 alius
2209 1417 2483 1493 regionis
2517 1424 2684 1494 leges
2720 1430 3067 1483 consuetu-

245 1521 543 1587 dinesve‚
573 1515 682 1578 ubi
711 1562 728 1589 ,
757 1527 829 1577 ut
863 1515 1100 1578 exitum
1134 1519 1373 1576 habeat
1398 1533 1500 1576 res
1523 1565 1538 1590 ‚
1563 1520 1644 1576 de
1663 1536 1791 1592 qua
1813 1516 2056 1592 agitur,
2095 1528 2207 1579 aut
2236 1529 2464 1595 suapte
2493 1529 2727 1580 natura
2770 1520 3067 1597 intelligi·

246 1628 386 1694 tur,
417 1627 535 1679 aut
566 1620 969 1693 privatorum
1016 1619 1348 1678 voluntate
1405 1613 1826 1677 constitutum
1854 1628 1950 1679 est
1994 1623 2083 1692 17).
2117 1624 2216 1681 IV.
2259 1625 2291 1681 J
2302 1622 2468 1681 udex
2517 1617 2740 1695 igitur,
2775 1618 2886 1695 qui
2925 1638 3063 1683 rem

246 1718 415 1788 apud
442 1723 699 1775 exteros
718 1722 935 1775 natam
953 1712 1266 1790 judicabit
1287 1756 1304 1788 ,
1331 1728 1405 1771 ea
1431 1721 1637 1784 certe,
1677 1731 1845 1788 quae
1880 1719 1961 1775 ad
1986 1716 2256 1776 sormam
2303 1718 2697 1792 modumque
2738 1712 2943 1778 litium
2972 1720 3065 1779 in-

243 1809 719 1871 stituendarum
763 1809 1091 1886 pertinent
1117 1855 1133 1880 ,
1188 1812 1268 1870 ad
1302 1809 1545 1882 jurium
1588 1826 1849 1871 normas
1884 1809 2338 1886 institutaque,
2396 1808 2626 1885 quibus
2672 1810 2805 1888 ipse
2849 1823 3059 1892 paret,

245 1909 472 1982 dirigat
496 1924 760 1968 necesse
792 1916 888 1967 est
917 1902 982 1974 ¹⁸)
1015 1926 1032 1981 3
1066 1909 1128 1965 in
1160 1903 1420 1980 reliquis
1455 1921 1641 1978 vero,
1677 1916 1994 1979 quatenus
2022 1916 2133 1968 aut
2161 1910 2329 1968 idem
2364 1905 2518 1967 illud
2555 1917 2765 1968 servet
2795 1912 2901 1984 jus
2942 1914 3051 1972 do·

244 2007 585 2064 mesticum
608 2050 625 2075 ,
658 2012 770 2062 aut
784 2006 894 2079 jus
918 1999 1148 2063 exteris
1168 2004 1287 2062 scri
1297 2009 1474 2075 ptum
1494 2044 1510 2070 ‚
1537 2007 1858 2074 tamquam
1875 2003 2276 2073 privatorum
2295 2006 2607 2064 voluntate
2631 2009 3055 2077 constitutum,

241 2097 305 2159 in
329 2102 691 2175 judicando
727 2107 1059 2175 sequatur,
1085 2101 1149 2157 id
1167 2115 1242 2157 cx
1272 2091 1596 2172 principiis
1620 2095 1815 2152 modo
1848 2090 2190 2168 propositis
2220 2089 2489 2169 quisque
2513 2095 2697 2159 facile
2721 2094 3051 2171 intelliget.

245 2194 484 2273 Quibus
505 2199 704 2255 etiam
734 2198 893 2256 haec
932 2212 1068 2255 esse
1098 2201 1534 2255 consentanea
1562 2192 1860 2249 videntur
1882 2232 1898 2259 ,
1943 2193 1996 2259 1)
2028 2198 2101 2249 ut
2143 2189 2526 2265 acquisitiva
2570 2195 2829 2268 quidem
2876 2212 3060 2269 prae-

242 2291 531 2370 scriptio,
565 2311 762 2368 quam
787 2300 1055 2362 vocant,
1082 2310 1158 2352 ex
1181 2288 1432 2369 juribus
1465 2283 1556 2348 rei
1584 2283 1743 2347 sitae
1760 2332 1777 2359 ,
1802 2284 2145 2348 extinctiva
2167 2306 2323 2350 vero
2351 2307 2426 2350 ex
2451 2288 2676 2367 judicii
2700 2296 2947 2368 accepti
2972 2296 3061 2353 le-

242 2395 419 2465 gibus
465 2393 865 2453 aestimanda
896 2389 977 2454 sit
1000 2440 1016 2464 ,
1046 2399 1500 2466 praeterquam
1525 2390 1701 2462 quod
1743 2383 1894 2445 nihil
1920 2383 2083 2463 juris
2131 2389 2510 2450 detrahatur
2537 2388 2778 2465 actori,
2802 2388 2852 2452 si
2893 2393 3058 2453 forte

239 2490 526 2567 ingratiis
549 2490 682 2553 suis
716 2496 862 2553 loco
906 2495 1077 2552 haud
1116 2491 1419 2553 condicto
1458 2490 1804 2551 convenire
1846 2504 2029 2546 reum
2070 2496 2338 2561 cogatur
2368 2491 2437 2565 ¹⁹)
2468 2509 2487 2569 ;
2539 2494 2596 2559 2)
2641 2498 2713 2550 ut
2732 2493 3056 2568 actiones,

240 2607 412 2665 quae
443 2591 542 2647 vel
572 2592 652 2648 ad
688 2586 1110 2649 rescindenda
1144 2589 1401 2662 negotia
1425 2629 1442 2660 ‚
1474 2587 1571 2643 vel
1605 2586 1687 2642 ad
1715 2586 1952 2643 damna
1994 2583 2401 2646 resarcienda
2433 2597 2843 2663 comparatae
2871 2597 3053 2655 sunt,

242 2687 601 2745 secundum
632 2689 804 2760 leges
834 2688 990 2758 loci,
1025 2687 1132 2743 ubi
1166 2701 1270 2744 res
1298 2690 1442 2742 acta
1464 2687 1560 2738 est
1580 2723 1595 2750 ‚
1616 2681 1990 2756 judicentur
2010 2724 2025 2749 ,
2058 2677 2176 2739 nisi
2206 2683 2256 2740 si
2280 2690 2353 2740 ut
2378 2683 2501 2742 alio
2524 2685 2669 2743 loco
2691 2689 2871 2744 fleret
2895 2687 3052 2744 solu·

244 2779 341 2842 tio
362 2826 381 2859 ‚
409 2778 580 2841 inter
610 2791 828 2857 partes
877 2778 1251 2845 convenerit
1273 2776 1456 2854 ²⁰).--
1479 2779 1809 2838 Caeterum
1837 2794 2004 2852 quae
2033 2779 2113 2838 de
2155 2775 2563 2852 negotiorum
2600 2777 2746 2840 alibi
2796 2789 3053 2864 contra-

1681 2993 1841 3040 caveri
1862 2996 2245 3052 oportuno-1..
2267 2996 2311 3041 1.
2336 3006 2409 3053 pr.
2434 2997 2489 3041 D.
2513 2996 2582 3043 de
2603 2995 2974 3052 asurimfflxtl,
2990 2996 3056 3054 1.)

869 3064 895 3118 S
924 3061 1007 3111 ⁷3.

293 3186 342 3246 9)
362 3189 537 3236 Meier-
550 3190 581 3244 ς
598 3185 1250 3245 59.-cr.mgem.burger1.
1267 3182 1569 3231 Gesetzbuch
1581 3182 1616 3230 l'.

230 3251 311 3297 die
322 3251 594 3297 deutschen
620 3250 886 3297 Erblauder
905 3253 992 3298 der
1013 3253 1225 3298 oesterr.
1252 3248 1381 3293 Mon.
1402 3250 1426 3303 S
1445 3244 1525 3293 54.
1548 3269 1605 3277 —

230 3312 409 3360 Landr.
434 3313 474 3358 1.
501 3314 584 3360 die
605 3312 799 3358 Preuss.
822 3313 894 3359 St.
914 3314 1035 3359 Einl.
1055 3316 1081 3370 ς
1100 3311 1179 3359 23.
1198 3308 1278 3358 35.
1302 3335 1363 3342 —
1380 3310 1472 3354 Nec
1488 3319 1607 3354 con-

228 3377 376 3423 traria
400 3381 475 3420 est
502 3377 555 3422 Ι..
582 3375 629 3420 1.
654 3377 707 3421 C.
731 3376 801 3421 de
821 3375 1079 3433 emancip.
1107 3376 1228 3432 (Vlll
1250 3370 1608 3432 ,49.);quippe

229 3449 353 3497 qnae
369 3438 567 3494 dejure
599 3438 884 3495 alienigenis
916 3443 1085 3497 aperte
1107 3447 1337 3484 concesso
1358 3439 1602 3493 loquatur.

232 3524 292 3534 --
313 3501 449 3546 Caet.
474 3500 579 3545 vid.
601 3500 789 3546 Huber-
805 3501 922 3556 813.
948 3505 996 3546 et
1017 3502 1168 3547 Here.
1194 3503 1220 3557 s
1240 3499 1323 3547 ΞΒ.

293 3560 372 3617 10)
392 3561 554 3608 Habet
578 3568 743 3608 tamen
773 3561 894 3608 haec
927 3565 1094 3621 regula
1130 3564 1309 3610 multas
1345 3560 1611 3608 cautiones.

230 3623 507 3673 Eichlaorn
524 3628 553 3681 s
573 3621 654 3671 57.
678 3631 725 3670 et
751 3624 878 3670 intra
904 3631 1007 3671 not.
1027 3623 1102 3670 16.
1127 3622 1205 3671 17.

295 3688 374 3742 11)
401 3685 719 3733 Zachariae
739 3688 764 3742 ς
785 3684 833 3733 6.
855 3711 914 3719 -
937 3686 1199 3735 Eichliorn
1221 3683 1342 3743 556.
1364 3696 1442 3731 nr.
1476 3684 1521 3730 4.

295 3749 373 3807 19)
407 3752 552 3797 Vvet
574 3751 609 3796 l.
633 3761 680 3796 c.
704 3752 730 3805 s
753 3747 830 3797 14.
876 3773 932 3782 —
959 3750 1181 3806 Pseiffer·
1219 3753 1373 3808 praet.
1401 3748 1611 3794 Ausfuh-

226 3825 440 3870 rungen.
464 3811 526 3856 T.
548 3813 630 3857 lll.
654 3823 701 3868 p.
726 3807 789 3857 83
821 3823 927 3870 sqq.
952 3825 1027 3859 nr.
1065 3815 1142 3860 lv.

291 3874 372 3932 13)
406 3873 597 3920 Huber
613 3876 641 3930 S
661 3871 1026 3921 3—5.—11ert.
1065 3878 1091 3932 S
1114 3875 1192 3921 10.
1217 3874 1324 3919 init.
1358 3875 1385 3929 S
1401 3867 1481 3918 57.
1526 3870 1605 3919 50.

230 3936 612 3989 —Hosaclcers
639 3933 749 3982 142.
774 3948 851 3982 nr.
869 3937 1268 3982 lll.—-Caeteium
1303 3937 1361 3982 de
1381 3945 1467 3991 eo,
1492 3947 1608 3980 num

226 4000 452 4045 obtineat
470 3999 726 4056 negotium
741 3998 896 4056 ,quod
918 4001 1187 4046 secundum
1208 4001 1336 4055 leges
1355 3997 1607 4055 domicilii,

226 4063 302 4106 vei
323 4063 396 4106 rei
418 4064 570 4114 sitae,
593 4060 712 4106 alibi
736 4066 1039 4107 contractum
1061 4066 1162 4119 est,
1186 4061 1397 4108 mediam
1418 4064 1609 4104 sentcn-

226 4124 346 4169 tiam
367 4156 387 4180 ‚
422 4133 636 4181 eamque
688 4123 925 4181 aequitati
978 4125 1188 4169 maxime
1241 4123 1606 4169 convenientem

225 4191 425 4231 tuentur
438 4187 583 4232 νοεῖ
604 4183 679 4230 l.l.
704 4189 729 4242 ς
754 4182 1209 4234 15.—Zachar1ae
1230 4187 1256 4241 s
1277 4186 1323 4231 8.
1351 4186 1477 4230 nr.1.
1500 4184 1548 4228 in
1567 4185 1602 4231 Γ.

227 4268 279 4279 ἡ
296 4249 567 4295 Tittmann
590 4254 611 4305 ς
636 4243 698 4291 15
719 4248 1146 4307 sqq.—Praeterea
1166 4248 1291 4293 hunc
1310 4246 1361 4294 ln
1378 4250 1469 4294 loc..
1494 4257 1609 4292 con-

222 4310 432 4357 ferenda
453 4315 569 4356 sunt
587 4344 602 4366 ,
624 4321 751 4368 quae
774 4312 1017 4368 praecepit
1037 4310 1289 4366 Julianus,
1313 4312 1416 4357 scil.
1431 4310 1479 4354 in
1503 4319 1606 4353 am-

227 4372 390 4430 biguis
411 4372 461 4418 id
487 4373 644 4429 accipi
676 4372 878 4430 debere,
900 4383 999 4430 quo
1030 4383 1138 4428 res,
1161 4374 1221 4418 de
1262 4384 1359 4430 qua
1411 4373 1570 4429 agitur
1589 4403 1605 4425 ,

224 4437 386 4492 magis
408 4437 598 4490 valeat,
618 4446 768 4492 quam
793 4439 976 4492 pereat.
1002 4434 1054 4479 L.
1074 4434 1150 4481 13.
1172 4436 1226 4480 D.
1252 4435 1319 4481 de
1342 4433 1453 4481 reb.
1477 4430 1603 4479 dub.

222 4498 459 4552 (xxxiv,
479 4494 732 4552 5.)-Vid.
755 4498 931 4543 Landr.
954 4496 990 4543 1.
1012 4497 1092 4542 die
1110 4497 1363 4543 Pr.St.Th.
1391 4496 1602 4543 l.‘l'it.v.

220 4562 251 4616 3
269 4557 891 4606 112-114.-Βὶο1ι1ιονη
924 4556 1045 4609 537.
1072 4572 1147 4606 nr.
1175 4558 1221 4606 1.
1247 4561 1295 4605 in
1318 4560 1356 4605 1.

294 4619 377 4680 14)
399 4625 510 4679 Arg.
559 4621 612 4664 1..
655 4618 704 4667 8.
750 4633 823 4679 pr.
861 4622 911 4667 in
966 4621 1003 4668 f.
1057 4621 1301 4668 mandati
1323 4620 1488 4679 (xvll,
1538 4617 1603 4676 1.)

221 4686 238 4740 (
268 4704 293 4726 ι
314 4711 377 4718 -
402 4683 785 4740 uniuscujusque
807 4684 936 4728 enim
955 4689 1234 4730 contractus
1260 4685 1452 4730 initium
1472 4693 1604 4738 spec-

222 4750 434 4794 tandum
446 4744 959 4802 eteausam.>·)—L.6.
986 4748 1040 4792 D.
1068 4746 1137 4792 de
1156 4744 1603 4802 evictionib.(XXl‚

224 4806 348 4866 ’.χιι
374 4810 423 4855 Si
448 4809 635 4855 fundus
675 4808 901 4867 venierit,
923 4819 982 4854 ex
1011 4810 1359 4856 consuetudine
1396 4808 1500 4864 ejus
1526 4820 1606 4853 re-

225 4871 407 4934 gionis,
430 4869 483 4919 in
502 4882 605 4930 qua
626 4870 879 4927 negotium
909 4875 1096 4929 gestum
1116 4875 1218 4932 est,
1252 4883 1341 4929 pro
1369 4869 1607 4917 evictione

1682 3056 1774 3112 (Cf.
1790 3060 1892 3102 not.
1909 3053 2125 3112 16.)-1..
2147 3054 2228 3105 54.
2253 3060 2308 3105 D.
2328 3058 2397 3104 de
2414 3069 2524 3118 req.
2538 3061 2655 3113 jur.
2685 3081 2738 3091 ·—
2758 3061 2907 3105 Hert.
2932 3060 2959 3116 ς
2975 3055 3056 3107 54.

1682 3142 1743 3151 -
1772 3119 1848 3165 W
1850 3117 1978 3163 eber·
1995 3127 2014 3178 ς
2032 3116 2112 3165 62.
2140 3144 2195 3152 -
2220 3121 2285 3165 De
2308 3121 2510 3178 negotiis
2548 3125 2675 3166 inter
2696 3119 2915 3166 absentes
2937 3132 3056 3167 con-

1685 3181 1858 3226 tractis
1911 3181 2008 3227 vid.
2065 3183 2302 3229 Homnae!
2347 3182 2574 3239 rhapsod.
2627 3194 2712 3242 qu.
2768 3183 2875 3230 obs.
2937 3181 3050 3232 409.

1671 3254 1750 3289 nr.
1789 3239 1868 3349 1¹77.
1898 3240 1974 3288 18.
2022 3268 2076 3275 -
2137 3244 2404 3291 Tittmann
2455 3247 2482 3302 ς
2504 3242 2583 3292 41.
2635 3269 2696 3279 —-
2746 3246 2822 3292 cf.
2847 3249 2898 3290 el.
2919 3245 3048 3294 ini-'ra

1675 3309 1779 3351 not.
1873 3337 1886 3349 .

1735 3364 1814 3422 15)
1826 3367 1993 3414 Meiet·
2011 3365 2613 3424 §⁴5.—Dissent.Weber
2630 3370 2665 3415 l.
2689 3380 2733 3416 c.
2760 3372 2786 3426 S
2805 3367 3049 3418 95.—8ed

1668 3429 1768 3537 Rid.
1792 3428 2082 3477 Eisenlaart
2099 3432 2286 3478 Erzabl.
2304 3431 2954 3480 besondererfftecbtsbandel
2967 3435 3047 3482 Ν.

1719 3503 1760 3536 r.
1787 3493 1884 3539 XV.
2179 3509 2188 3516 ’

1738 3551 1818 3609 16)
1840 3555 1893 3601 1..
1921 3552 1966 3600 1.
1992 3567 2065 3613 pr.
2090 3557 2144 3604 D.
2170 3556 2238 3603 de
2258 3556 2457 3605 usuris.
2480 3581 2534 3590 -
2557 3559 2872 3608 Zacharias
2890 3563 2917 3618 s
2935 3558 2984 3608 8.
2998 3558 3047 3607 9.

1679 3639 1733 3647 -
1758 3615 2062 3674 Tittmanns
2078 3615 2126 3664 7.
2153 3615 2229 3664 11.

1740 3676 1819 3735 17)
1847 3681 1900 3725 1..
1925 3679 2004 3726 21.
2029 3683 2084 3728 D.
2107 3681 2177 3727 de
2200 3684 2259 3729 0.
2283 3685 2339 3728 et
2370 3685 2437 3728 A.
2463 3682 2622 3736 (xuv
2663 3717 2679 3738 ,
2721 3682 2791 3738 7.)
2833 3684 2897 3741 (ιι
2919 3685 3049 3731 Con-

1677 3742 1880 3787 traxisse
1903 3746 2232 3801 unusquisque
2251 3745 2299 3790 in
2317 3756 2376 3789 eo
2399 3745 2503 3790 loco
2527 3747 2836 3804 intelligitur,
2855 3748 2903 3792 in
2921 3759 3041 3804 quo.

1675 3806 1729 3846 ut
1751 3806 1986 3866 solveret,
2009 3817 2059 3850 se
2098 3806 2545 3864 obligantium—1..
2571 3806 2650 3854 65.
2706 3810 2761 3854 D.
2815 3809 2886 3855 de
2922 3809 3048 3864 jud.

1671 3862 1796 3917 (not.
1819 3863 1907 3919 4.).
1950 3891 2011 3901 -
2048 3868 2277 3925 Habet-s
2300 3868 2376 3916 10.
2423 3892 2484 3901 -
2538 3871 2801 3920 Tmmann
2822 3873 2849 3926 ς
2868 3868 2949 3918 59.
2986 3895 3045 3905 -—

1673 3927 1857 3981 Quibus
1878 3931 2024 3976 etiam
2043 3931 2335 3976 conveniens
2360 3936 2463 3990 est,
2488 3936 2571 3988 ut,
2591 3934 2828 3990 siquidem
2860 3934 2922 3978 de
2947 3937 3045 3979 tes-

1672 3993 2000 4038 tamentorum
2041 3993 2148 4047 iure
2179 3994 2454 4050 quaeritur,
2488 4005 2806 4052 quaecunque
2844 4007 2941 4040 non
2985 3997 3047 4044 ad

1671 4053 1824 4096 solam
1838 4052 2046 4101 formam
2068 4060 2290 4113 spectant
2306 4089 2320 4113 ‚
2344 4065 2400 4100 ea
2416 4056 2581 4102 omnia
2602 4056 2789 4114 legibus
2811 4058 3044 4105 domicilii

1671 4115 1915 4164 metienda
1934 4120 2108 4164 sint.-—
2124 4117 2198 4163 Cf.
2223 4123 2327 4162 not.
2349 4113 2398 4162 7.
2425 4121 2471 4162 et
2495 4114 2543 4163 9.

1734 4174 1813 4233 18)
1851 4179 2071 4230 Thibaut
2092 4179 2242 4226 Pand.
2266 4182 2291 4235 3
2312 4176 2391 4224 36.
2416 4190 2491 4225 nr.
2516 4181 2563 4225 2.
2585 4203 2640 4212 -
2664 4178 2737 4228 Cf.
2763 4182 2971 4239 Sagrlcl.
2995 4194 3042 4229 c.

1667 4263 1743 4296 nr.
1766 4246 1831 4293 34
1863 4270 1923 4279 —
1953 4240 2040 4289 ⁴⁰.
2062 4267 2120 4276 —
2143 4244 2292 4288 Hert.
2313 4238 2414 4297 968
2433 4254 2541 4299 sqq.
2564 4265 2622 4274 —
2646 4245 2884 4292 Hommel
2906 4244 3047 4303 rbap-

1666 4313 1772 4359 sod.
1800 4309 1944 4354 modo
1966 4307 2049 4352 cit.
2075 4318 2150 4351 nr.
2173 4305 2250 4351 10.
2277 4326 2338 4336 --
2355 4304 2565 4361 Meiers
2582 4302 2645 4351 50
2664 4318 2769 4365 sqq.
2786 4332 2845 4340 -
2876 4310 3044 4356 Gem-

1669 4373 1800 4420 ler’s
1839 4369 2029 4416 Handb.
2064 4379 2125 4412 zu
2161 4365 2552 4412 Martin'stehrb.
2573 4367 2658 4412 des
2679 4368 2894 4427 burgerl.
2925 4371 3045 4418 Pro-

1669 4445 1825 4481 cesses
1844 4435 1877 4478 l.
1901 4444 1948 4490 p.
1974 4428 2029 4476 31
2057 4454 2116 4462 —
2139 4426 2633 4474 53.-Mitterma1·er
2650 4432 2696 4476 in
2721 4431 2910 4479 Archiv.
2941 4434 3039 4480 fur.

1670 4497 1764 4545 civ.
1783 4497 1968 4542 Praxis.
1992 4493 2052 4538 Τ.
2077 4492 2157 4538 lll.
2182 4493 2262 4537 Nr.
2287 4491 2407 4536 ΧΠ.
2449 4514 2508 4522 -
2540 4494 2769 4554 Hollweq
2800 4495 3044 4543 Versucbe

1670 4560 1793 4606 uber
1809 4558 1889 4604 die
1909 4555 2118 4603 Theorie
2138 4555 2222 4600 des
2253 4553 2369 4600 Civil
2394 4565 2528 4611 proz.
2550 4566 2598 4611 p.
2621 4553 2682 4602 19
2704 4569 2810 4615 sqq.

1730 4619 1808 4678 19)
1841 4621 2094 4666 Caeterum
2117 4615 2182 4663 cf.
2206 4618 2266 4663 de
2291 4615 2379 4661 bac
2416 4618 2695 4673 quaestione
2736 4619 2922 4666 Huber-
2943 4621 2970 4677 3
2989 4616 3038 4667 7.

1668 4710 1728 4720 -
1748 4685 1901 4730 Hert.
1928 4677 2052 4737 365.
2079 4704 2140 4713 --
2159 4681 2362 4741 Seqers
2384 4676 2460 4724 10.
2483 4703 2546 4714 -
2571 4681 2775 4728 lVeber
2790 4685 2816 4738 ς
2833 4678 2913 4727 95.
3098 4723 3134 4757 “

1730 4746 1811 4803 20)
1843 4748 1908 4792 De
1928 4743 2161 4789 debitoris
2188 4753 2322 4789 mora
2345 4745 2420 4789 vel
2444 4746 2584 4802 culpa
2609 4744 2705 4790 vid.
2730 4746 2883 4790 Hert.
2912 4745 2938 4799 ς
2957 4740 3039 4801 53,

1668 4810 1719 4856 in
1735 4805 2190 4866 reliquisnobiscum
2218 4817 2317 4853 non
2339 4807 2678 4865 consentiens(
2695 4809 2721 4863 ς
2745 4805 2846 4864 66.)
2876 4826 2938 4840 -
2959 4805 3035 4851 Cl'.

1680 4871 1829 4920 etiam
1851 4868 2017 4919 Meier
2032 4869 2059 4925 S
2077 4865 2157 4916 ⁴9.

2633 4971 2664 5027 1
2676 4971 2705 5028 1
