3544 5506
460 290 572 348 2³8
1062 307 1213 348 uns
1252 306 1407 348 spec.
1452 307 1567 348 ιιι.
1612 308 1681 349 ιι.
1725 308 1801 349 nn
1838 306 2025 349 nunus
2064 305 2340 360 nunno.
2382 306 2664 351 nomme.

461 433 590 476 una
607 461 623 486 ‚
656 433 821 489 quae
848 415 1174 476 solitarium
1196 414 1549 478 dominium
1579 435 1613 477 a
1639 417 2026 486 condamina),
2054 424 2128 476 ut
2162 425 2400 477 vocant
2418 462 2435 488 ‚
2465 422 2669 479 altera
2691 462 2709 491 ,
2737 435 2906 493 quae
2929 428 3273 496 perpetuum

461 534 511 575 s.
548 515 908 576 irrevocabile
940 535 976 576 a
1006 517 1307 596 temporali
1333 536 1383 578 s.
1417 519 1717 578 revocabili
1739 521 2040 595 disjungit
2067 521 2372 580 dominio.
2403 521 2491 578 Ab
2525 527 2807 595 utroque
2835 522 3029 580 eliam
3058 521 3275 581 differt

459 611 780 671 dominium
815 612 1094 689 quiescens
1121 630 1167 672 s.
1200 613 1519 686 dormiens,
1557 623 1632 685 ut
1651 617 1921 685 dicitur3
1959 617 2143 691 cujus
2173 612 2435 690 quidem
2457 613 2651 691 ipsius
2676 661 2692 688 ,
2724 632 2844 691 pro
2870 614 3131 677 diverso
3159 613 3275 676 im·

461 712 975 783 pedimentorum
1002 724 1271 782 genere,
1313 713 1489 770 varia
1519 728 1659 772 esse
1687 721 1901 787 potest
1937 714 2310 787 significatio
2337 710 2407 788 ²).
2442 718 2591 773 Pars
2618 715 2882 773 dominii
2924 715 3054 773 hoc
3085 716 3279 774 modo

460 805 736 863 afficitur
774 811 839 863 et
861 807 1036 863 velut
1068 807 1368 866 limitibus
1406 808 1989 881 circumscribitur,
2036 818 2111 867 ut
2140 816 2251 869 aut
2281 811 2347 868 in
2375 825 2493 871 suo
2520 812 2819 871 dominus
2847 812 2929 870 ab
2960 816 3275 870 extraneo

461 906 595 963 fleri
622 900 924 978 quiddam
954 907 1086 978 pati
1116 906 1384 981 debeat,
1425 915 1541 966 aut
1570 908 1702 982 ipse
1722 910 1874 983 jure
1910 925 2028 969 suo
2050 926 2274 970 carere
2304 913 2515 983 aliqua
2557 912 2623 969 in
2649 919 2835 984 parte
2876 925 3146 969 necesse
3166 910 3276 967 ba·

459 1005 643 1073 beat,
686 1012 799 1062 aut
829 1007 910 1063 ad
940 1007 1263 1078 agendum
1295 1009 1461 1067 adeo
1495 1011 1598 1066 vel
1625 1012 2082 1081 praestandum
2119 1005 2354 1082 aliquid
2404 1016 2672 1082 propter
2701 1009 3056 1068 dominium
3087 1024 3273 1066 suum

460 1109 760 1162 teneatur
791 1101 858 1178 ³).
901 1107 1075 1165 Solet
1099 1114 1315 1165 autem
1333 1150 1348 1173 ,
1393 1109 1568 1180 quod
1604 1126 1723 1182 pro
1753 1116 1940 1183 parte
1972 1117 2224 1168 tantum
2250 1110 2521 1169 aliorum
2542 1110 2693 1183 jure
2722 1106 3275 1168 circumscribitur

459 1195 842 1270 dominium,
873 1202 1063 1260 variis
1086 1219 1124 1260 a
1156 1204 1628 1263 recentioribus
1655 1204 1811 1264 JCtis
1836 1202 2134 1279 distingui
2162 1207 2558 1273 nominibus,
2590 1213 2665 1264 ut
2688 1204 2880 1263 nanus
2899 1202 3100 1280 pleni,
3124 1203 3274 1262 item

459 1292 732 1363 limitati,
763 1294 1100 1356 contrariis
1136 1299 1498 1358 nominibus
1521 1301 1832 1374 oppositis
1862 1310 1930 1360 et
1952 1301 2112 1378 pleni
2138 1310 2204 1361 et
2229 1300 2552 1373 ἰαίηιὶεαίίς
2591 1317 2757 1375 quae
2780 1301 3044 1374 quidem
3076 1314 3273 1358 voca-

460 1391 611 1450 bula
639 1399 711 1449 ut
752 1408 869 1465 per
896 1409 966 1452 se
994 1401 1143 1452 sunt
1168 1395 1462 1467 ambigua
1498 1411 1620 1455 nec
1648 1398 1839 1457 certis
1864 1398 2209 1456 verborum
2241 1399 2407 1457 notis
2449 1398 2777 1467 distincta,
2824 1397 2917 1455 ita
2958 1396 3155 1454 etiam
3195 1396 3276 1453 de

460 1506 685 1550 eorum
712 1494 1274 1565 significationibus
1296 1496 1557 1556 minime
1580 1499 1749 1556 inter
1777 1514 1845 1557 se
1880 1499 2269 1559 conveniunt
2292 1501 2463 1559 docti
2496 1500 2787 1558 homines
2812 1495 3275 1575 ⁴).-Quoniam

460 1603 615 1646 vero
661 1590 969 1661 pleraque
1011 1606 1237 1649 eorum
1261 1634 1279 1658 ,
1327 1609 1494 1665 quae
1539 1593 1873 1667 hucusque
1920 1596 2437 1654 adumbravimus
2455 1638 2470 1666 ,
2504 1591 2869 1655 accuratius
2916 1592 3275 1666 exponendi

459 1684 858 1743 commodior
879 1686 1024 1744 alibi
1050 1688 1306 1745 dabitur
1336 1689 1589 1748 occasio
1612 1693 1682 1759 ⁵),
1713 1691 1838 1749 hoc
1850 1691 2108 1764 quidem
2134 1692 2198 1749 in
2233 1693 2378 1751 loco
2401 1688 2473 1750 iis
2502 1707 2619 1751 nos
2664 1693 3118 1750 contineamus
3144 1689 3274 1746 fini-

461 1779 577 1837 bus
604 1796 863 1839 necesse
886 1788 981 1840 est
1000 1821 1018 1854 ‚
1061 1791 1134 1841 ut
1170 1784 1445 1857 primum
1477 1785 1740 1845 dominii
1763 1785 1943 1845 divisi
1974 1786 2266 1845 notiones
2291 1788 2715 1862 explicemus,
2743 1787 2893 1845 dein
2921 1800 3084 1844 vero
3126 1783 3274 1856 legi·

461 1881 762 1940 timarum
797 1883 1056 1942 dominii
1100 1885 1553 1944 limitationum
1595 1888 2089 1961 descriptionem
2126 1889 2423 1947 universe
2466 1891 2906 1947 contuendam
2960 1900 3276 1960 propona-

463 1990 634 2053 mus;
662 1978 902 2038 scilicet
943 1976 1232 2055 pleniore
1274 1984 1647 2042 earumdem
1685 1985 2118 2057 expositione,
2164 1992 2481 2057 quatenus
2516 1979 2663 2044 illae
2690 1984 2954 2043 omnino
2981 1989 3274 2056 spectant

461 2073 541 2130 ad
563 2072 726 2147 ,iuris
749 2075 973 2148 privati
1000 2078 1397 2151 disciplinam
1413 2123 1430 2150 ‚
1453 2080 1710 2152 singulis
1730 2080 2170 2140 doctrinarum
2206 2082 2362 2141 locis
2385 2084 2630 2145 relicta.

1218 2295 1406 2370 §247-
1443 2294 1522 2350 De
1546 2291 1791 2352 dominii
1818 2293 1974 2351 inter
1986 2292 2181 2371 plures
2207 2292 2502 2353 divisione.

543 2491 783 2560 Duplex
813 2490 1002 2561 vulgo
1037 2498 1330 2549 statuunt
1372 2507 1508 2550 esse
1552 2493 1729 2550 divisi
1772 2493 2039 2550 dominii
2081 2508 2322 2565 genus:
2368 2494 2679 2562 alterum,
2730 2490 2905 2562 quod
2947 2485 3151 2562 ipsius
3187 2489 3273 2546 rei

463 2589 785 2661 totiusque
822 2586 1084 2648 dominii
1121 2592 1291 2649 inter
1313 2594 1526 2664 plures
1552 2588 1787 2651 efficiat
1816 2593 2373 2666 communionem;
2403 2593 2683 2650 alterum
2719 2588 3073 2663 ejusmodi,
3103 2589 3274 2662 quod

454 2683 702 2758 jurium
727 2726 744 2753 ‚
775 2701 945 2760 quae
976 2687 1193 2745 insunt
1232 2682 1514 2746 dominio
1539 2728 1556 2757 ,
1588 2690 1922 2746 contineat
1956 2689 2371 2762 divisionem,
2417 2686 2656 2745 scilicet
2696 2685 2876 2743 nulla
2913 2684 3115 2758 ipsius
3138 2698 3275 2742 cor·

463 2781 636 2852 poris
662 2798 783 2841 nec
813 2798 932 2855 pro
951 2784 1158 2842 divisis
1187 2800 1307 2844 nec
1334 2801 1452 2857 pro
1475 2785 1752 2843 indivisis
1797 2786 2091 2857 partibus
2123 2781 2170 2861 (§
2197 2785 2367 2856 224.)
2407 2782 2578 2841 facta
2618 2781 2944 2840 divisione.
2980 2784 3187 2854 Atque
3216 2782 3276 2836 in

463 2882 817 2950 posteriore
845 2883 967 2941 hoc
995 2899 1230 2954 genere
1253 2885 1573 2957 duplicem
1609 2885 2007 2957 distinguunt
2048 2884 2308 2943 dominii
2346 2883 2621 2956 speciem
2655 2899 2672 2936 ε
2707 2883 2980 2939 alteram
3011 2880 3275 2944 directi,

463 2978 730 3035 alteram
770 2978 960 3036 utilis.
997 2984 1069 3038 Et
1085 2977 1365 3037 directum
1394 2982 1652 3053 quidem
1685 2988 1920 3039 vocant
1946 2982 2298 3076 dominium
2318 3023 2334 3052 ‚
2366 2980 2543 3053 quod
2569 2976 2979 3051 proprietatis
2992 2976 3148 3050 jure
3181 2975 3277 3032 vel

462 3079 734 3137 maxime
756 3082 1195 3155 contineatur,
1222 3078 1357 3140 aliis
1380 3083 1572 3139 etiam
1600 3084 1953 3141 commodis
1997 3098 2115 3155 pro
2150 3082 2327 3140 varia
2349 3080 2513 3154 juris
2540 3080 2756 3137 indole
2795 3078 3068 3136 domino
3105 3077 3279 3135 addi-

464 3174 541 3232 tis
561 3192 580 3252 3
618 3172 781 3244 utile,
806 3176 872 3234 in
899 3193 1031 3249 quo
1074 3193 1220 3236 cum
1256 3178 1617 3248 plenissima
1647 3180 1794 3237 insit
1828 3180 1919 3237 rei
1952 3180 2223 3253 utilitas,
2267 3186 2406 3235 tum
2438 3193 2595 3235 vero
2640 3176 2835 3234 etiam
2870 3172 3124 3231 dominii
3144 3172 3279 3249 jure

461 3271 731 3328 eandem
755 3278 820 3331 et
846 3273 1119 3330 habendi
1142 3281 1206 3331 et
1236 3274 1598 3335 vindicandi
1626 3274 1896 3335 facultas
1920 3275 1985 3348 ι).
2017 3278 2092 3332 At
2112 3275 2349 3333 frustra
2379 3280 2526 3332 sunt
2546 3315 2563 3340 ‚
2597 3274 2707 3346 qui
2734 3273 2801 3328 in
2810 3272 2961 3345 Jure
2983 3274 3277 3329 Romano

463 3379 785 3443 quaerunt
809 3375 1040 3447 duplex
1078 3379 1236 3434 istoc
1281 3377 1537 3434 dominii
1592 3392 1826 3448 genus,
1861 3378 2097 3450 quippe
2141 3377 2315 3450 quod
2361 3378 2785 3448 glossatorum
2827 3373 3205 3438 doctrinae.
3232 3387 3271 3427 a

463 3469 927 3528 recentioribus
950 3488 1080 3529 non
1106 3480 1279 3530 recte
1303 3474 1664 3531 intellectae
1685 3514 1701 3539 ,
1751 3488 2011 3546 prorsus
2053 3474 2369 3530 debeatur
2395 3468 2463 3546 ²).
2495 3474 2707 3529 Potest
2740 3476 2962 3526 tamen
2986 3468 3274 3542 ejusdem

463 3565 558 3621 rei
584 3565 935 3624 dominium
969 3568 1048 3625 ad
1073 3569 1285 3641 plures
1327 3569 1416 3626 ita
1457 3575 1749 3642 spectare
1771 3609 1789 3637 ,
1835 3575 1907 3626 ut
1938 3584 2057 3642 pro
2093 3567 2351 3626 indivisa
2371 3574 2539 3645 parte
2562 3568 2612 3638 ³)
2657 3567 2928 3639 quisque
2976 3564 3276 3623 dominus

462 3666 572 3741 sit3
604 3668 777 3740 quod
799 3668 1053 3741 quidem
1084 3666 1558 3728 condominium
1573 3677 1828 3729 vocant.
1864 3675 2079 3743 Neque
2099 3686 2255 3729 vero
2273 3678 2402 3739 est,
2436 3669 2609 3743 quod
2628 3668 2710 3725 de
2738 3655 3065 3726 sociorum
3094 3667 3270 3740 jure,

524 3875 571 3933 2)
594 3876 668 3924 Cf.
692 3889 839 3936 supra
861 3877 985 3936 376.
1012 3881 1060 3925 in
1086 3880 1122 3925 f.
1144 3885 1196 3926 et
1216 3880 1345 3927 inira
1368 3882 1393 3936 S
1423 3878 1536 3928 268.
1573 3904 1633 3912 —
1667 3879 1746 3926 cf.
1780 3884 1831 3925 et
1890 3876 2110 3924 Madilm
2128 3878 2310 3923 devera
2332 3876 2495 3923 indole
2508 3885 2669 3932 agn-or.
2697 3871 3087 3930 vectigal.(1·'rcl'.
3112 3868 3277 3924 1775.)

469 3940 688 3987 Thibaue
707 3942 862 3988 Pand.
887 3943 913 3998 S
935 3940 1047 3989 581.
1070 3940 1225 3999 (727.)
1892 3954 1938 3987 c.
1976 3941 2033 3986 ll.
2060 3965 2122 3974 —
2151 3942 2263 3989 vid.
2288 3947 2337 3984 et
2363 3940 2492 3986 infra
2514 3938 2539 3993 S
2560 3933 2676 4006 398.
2699 3941 2805 4005 not.
2831 3933 2882 3980 8.
2913 3937 2939 3991 S
2959 3935 3078 4006 502.
3101 3940 3206 3980 not.
3223 3931 3270 3980 4.

525 4005 573 4060 3)
597 4004 705 4051 Vid.
727 4007 753 4062 S
775 4003 886 4051 203.
911 4011 1013 4052 not.
1038 4002 1219 4051 5.-—-L.
1244 4002 1295 4051 7.
1313 4017 1386 4063 pr.
1422 4006 1473 4051 1..
1498 4003 1546 4053 9.
1573 4018 1648 4064 pr.
1673 4005 1728 4050 D.
1751 4004 1823 4052 de
1896 4026 1952 4035 -
1990 4007 2050 4050 At
2089 4014 2152 4049 nc
2185 4003 2293 4062 quis
2328 4003 2523 4058 credat,
2547 3998 2668 4046 nihil
2702 4009 2969 4055 quicquam
3002 4003 3235 4067 interesse
3259 4028 3275 4050 ‚

464 4068 662 4113 damno
685 4065 784 4120 inf.
809 4069 1037 4126 (xxxlx‚
1059 4068 1197 4125 9)-
1219 4068 1270 4113 Ι..
1299 4069 1344 4114 1.
1369 4069 1396 4123 S
1417 4066 1466 4116 6.
1485 4067 1537 4116 7.
1565 4070 1619 4115 D.
1643 4067 1710 4114 de
1729 4078 1823 4114 at·-
1885 4067 2017 4125 quod
2035 4066 2236 4123 quidem
2258 4066 2461 4110 attineat
2482 4065 2543 4109 ad
2568 4062 2692 4106 vitae
2712 4072 2854 4105 usum
2870 4058 3021 4117 ‚baec
3039 4066 3265 4104 notiones

466 4129 578 4175 bor.
601 4131 756 4177 caed.
777 4131 956 4187 (xLlll‚
975 4128 1074 4186 27.)
1889 4135 2054 4174 utrum
2079 4132 2314 4188 tanquam
2343 4126 2494 4173 falsae
2516 4124 2822 4195 rejiciantur,
2841 4134 2905 4193 an
2924 4135 3016 4180 pro
3038 4125 3167 4193 reris
3191 4120 3277 4166 ba-

527 4189 574 4247 4)
598 4193 705 4239 Vid-
730 4191 1003 4249 Hoepfner
1037 4195 1309 4239 Comment.
1356 4193 1383 4247 S
1420 4192 1534 4240 990.
1571 4217 1630 4226 -
1665 4193 1828 4241 le'c'ck
1891 4191 2130 4238 beantur.
2179 4190 2364 4236 Etenim
2395 4188 2479 4246 qui
2511 4198 2613 4234 non
2632 4188 2824 4255 nisique
2846 4197 2900 4230 in
2922 4197 2978 4230 re
3002 4184 3166 4230 aliena
3190 4184 3275 4229 ba-

467 4253 618 4299 Pand.
652 4256 678 4309 S
711 4253 822 4301 577.
862 4269 924 4314 μ,
941 4252 1005 4302 69
1036 4267 1111 4313 sq.
1148 4279 1209 4288 --
1248 4254 1476 4302 Thibaut
1507 4256 1665 4302 Pand.
1686 4257 1712 4313 ς
1732 4254 1828 4302 580
1896 4253 2160 4311 bent‚llcet
2180 4253 2486 4312 plenissimus
2499 4250 2560 4295 ad
2575 4259 2658 4293 eos
2682 4250 2813 4294 illius
2832 4250 2902 4313 reti
2929 4259 3047 4293 usus
3071 4253 3277 4303 spectet,

465 4312 920 4372 (726).--G12nt}1er
937 4319 1014 4363 Pr.
1032 4318 1136 4372 jur.
1161 4319 1300 4364 Rom.
1323 4319 1346 4371 S
1370 4316 1640 4367 555-556.
1898 4321 2063 4363 tamen
2088 4328 2144 4362 ea
2162 4349 2177 4374 ‚
2204 4328 2330 4375 quae
2352 4316 2400 4359 in
2421 4315 2670 4359 fructuum
2692 4321 2901 4356 numero
2919 4318 3067 4365 sunt,
3096 4306 3277 4378 uttthe-

528 4377 576 4435 6)
617 4381 728 4426 vld.
780 4380 908 4426 infra
949 4380 975 4435 ς
1016 4378 1130 4426 269.
1185 4385 1235 4426 et
1276 4378 1387 4430 270.
1444 4389 1495 4429 et
1549 4381 1656 4437 huj.
1716 4380 1831 4427 libri
1897 4389 2127 4437 sautum,
2146 4385 2199 4423 ut
2230 4376 2652 4432 jurisdictionem,
2670 4378 3018 4442 quamlvocant
3040 4378 3275 4442 patrimo·

467 4441 581 4497 (5²1)-
614 4442 671 4487 Ν
697 4465 751 4473 -
777 4443 856 4488 Vl·
1898 4444 2107 4498 ntalem,
2131 4442 2325 4497 aliaque
2349 4452 2406 4484 ex
2431 4450 2488 4483 eo
2508 4447 2711 4495 genere,
2744 4437 2836 4480 sibl
2886 4435 3141 4481 tribuendi
3178 4443 3270 4478 nou

1899 4503 2082 4550 habent
2100 4502 2202 4560 jus,
2225 4504 2316 4549 nisi
2340 4502 2463 4547 baec
2484 4511 2677 4558 quoque
2701 4499 2998 4544 nominatim
3025 4497 3273 4566 ipsis-con·

1045 4568 1071 4621 S
1104 4565 1210 4614 247.
1901 4577 2035 4613 cessa
2058 4572 2192 4611 sunt.
2216 4568 2402 4612 caeter.
2440 4566 2713 4609 etiamnum
2752 4562 2956 4607 dissent.
2983 4561 3156 4604 Durae
3190 4563 3272 4630 Ar·

1902 4629 2008 4674 cbiv
2033 4628 2070 4672 f.
2092 4631 2185 4674 civ.
2214 4629 2377 4674 praxis
2418 4628 2497 4672 Vl.
2541 4639 2592 4684 p.
2620 4621 2717 4670 386
2742 4648 2798 4656 -
2819 4623 2933 4670 399.
2974 4623 3087 4667 Vid-
3113 4622 3137 4675 S
3162 4619 3270 4666 24³.

529 4687 576 4743 1)
593 4685 885 4742 Hoept'neri
903 4688 1231 4737 commentar.
1256 4690 1412 4747 3291.
1902 4695 2005 4739 not.
2027 4687 2076 4735 5.

527 4747 576 4806 2)
620 4747 842 4796 Thibaut
888 4752 972 4796 ul».
1015 4753 1283 4800 dominium
1323 4756 1563 4801 directum
1609 4760 1657 4799 et
1701 4752 1816 4797 utile
1948 4751 1997 4809 ὅ)
2024 4768 2049 4793 ιι
2067 4752 2186 4799 Nam
2207 4754 2339 4811 quod
2362 4763 2450 4810 pro
2483 4751 2638 4798 diviso
2665 4755 2888 4794 nostrum
2934 4750 2999 4792 sit
3021 4781 3038 4802 ,
3077 4745 3124 4790 id
3163 4756 3256 4789 nou

466 4810 723 4866 (versuche
746 4813 804 4857 ll.
830 4813 910 4859 Νι.
936 4814 1006 4869 3.)
1040 4838 1100 4848 --
1133 4815 1368 4872 Seuffem
1387 4819 1540 4863 Erdrt.
1570 4816 1820 4862 einzelnen·
1888 4820 2098 4874 partem,
2123 4816 2208 4860 sed
2229 4820 2387 4862 totum
2405 4826 2565 4861 esse.»
2585 4813 2702 4857 -L·
2725 4808 2803 4856 25·
2824 4812 2849 4864 3
2870 4811 2914 4855 ¹·
2942 4810 2996 4853 D·
3024 4810 3094 4856 ‘¹⁶'
3118 4809 3191 4856 V·
3207 4810 3256 4853 S·

468 4871 650 4920 Lebren
674 4871 722 4920 d.
749 4878 873 4920 rom.
895 4875 1098 4921 Privatr.
1127 4878 1185 4922 ll.
1213 4890 1261 4935 p.
1279 4876 1421 4925 1-8.
1445 4904 1506 4912 -
1528 4878 1600 4922 cf.
1625 4886 1673 4923 et
1694 4878 1814 4922 G.S.
1892 4875 2061 4921 ——Vid.
2086 4874 2236 4934 3224.
2255 4884 2360 4924 not.
2383 4875 2432 4922 2.
