3544 5506
481 349 594 406 336

473 479 610 552 jam
648 478 950 545 debetur,
981 475 1133 533 licet
1162 479 1393 530 natura
1440 477 1724 542 tantum,
1760 486 1829 529 se
1851 485 1989 528 esse
2027 472 2395 528 soluturum
2425 470 2754 529 constituit
2783 486 2834 532 s.
2865 471 3183 543 promittit
3208 472 3257 543 ⁸)
3278 512 3294 539 ‚

481 576 653 632 unde
676 572 1066 630 constitutae
1095 568 1407 642 pecuniae
1431 569 1601 625 actio
1624 568 1911 624 nascitur
1932 563 2000 631 ⁹).
2026 566 2246 624 Differt
2265 568 2681 625 constitutum
2715 582 2795 625 eo
2835 563 3233 640 potissimum
3257 583 3296 624 a

481 678 617 734 solo
640 679 831 747 pacto
859 671 1214 745 geminato,
1244 676 1317 725 ut
1342 674 1580 725 vocant
1606 711 1621 738 ,
1651 668 1853 739 quod,
1886 667 1992 740 qui
2017 667 2414 725 constituere
2437 669 2604 736 vult,
2633 668 2716 724 ad
2744 670 3028 739 priorem
3055 666 3296 738 obliga—

481 778 719 835 tionem
746 773 1117 832 nominatim
1150 787 1218 829 se
1256 770 1501 829 referre
1537 785 1800 828 necesse
1840 770 2036 828 habet
2060 767 2143 841 ¹⁰).
2172 766 2447 829 Pecunia
2475 777 2689 828 autem
2712 815 2728 840 ‚
2771 785 2936 843 quae
2964 771 3297 829 constitui-

481 883 591 934 tur
610 922 624 946 ‚
654 870 805 932 nihil
837 874 1101 931 interest
1122 914 1138 940 ‚
1168 877 1388 928 utrum
1431 870 1532 926 alii
1563 870 1879 927 debeatur
1903 913 1918 938 ,
1952 885 2034 926 an
2062 868 2213 941 ipsi,
2257 869 2360 926 cui
2385 870 2454 925 nt
2476 869 2812 942 promissio
2841 872 2927 943 ιι);
2957 874 3052 926 est
3076 876 3295 929 tamen

482 975 619 1049 ejus
642 1019 658 1049 ‚
712 973 885 1047 quod
918 970 1217 1029 creditori
1263 968 1674 1028 constituitur
1705 970 1940 1040 duplex
1978 968 2186 1032 forma
2218 970 2590 1026 constituti:
2628 976 2739 1026 aut
2778 964 3019 1041 proprii
3061 967 3293 1044 debiti,

483 1079 595 1130 aut
623 1071 833 1128 alieni.
863 1072 1195 1126 Caeterum
1224 1068 1364 1138 plus
1390 1065 1595 1123 inesse
1620 1066 1842 1137 nequit
1872 1066 1936 1121 in
1957 1059 2335 1131 constituto,
2363 1081 2557 1137 quam
2588 1060 2650 1122 in
2683 1080 2760 1123 ea
2784 1065 3051 1137 pecunia
3070 1105 3086 1132 ‚
3127 1082 3296 1138 quae

475 1172 610 1244 jam
635 1170 882 1242 pridem
906 1167 1176 1225 debetur
1209 1164 1310 1232 ’ἧς
1352 1172 1418 1223 at
1445 1179 1598 1223 vero
1628 1165 1717 1222 ita
1742 1162 1953 1236 potest
1977 1164 2315 1237 constitui,
2363 1171 2435 1221 ut
2462 1172 2576 1222 aut
2603 1165 2811 1223 minus
2834 1166 3146 1237 solvatur.
3185 1173 3298 1225 aut

483 1266 686 1335 aliud,
720 1274 832 1325 aut
860 1281 1086 1325 eorum
1125 1265 1508 1323 immutetur
1543 1264 1708 1322 ratio
1734 1308 1749 1333 ,
1798 1278 1965 1337 quae
1991 1264 2072 1320 ad
2095 1264 2553 1335 obligationum
2582 1271 2875 1336 spectant
2898 1266 2993 1322 vel
3028 1261 3295 1323 admini-

483 1371 627 1427 cula
660 1370 757 1426 vei
799 1368 1132 1427 cautiones
1160 1364 1254 1439 ¹³).
1293 1369 1395 1423 Est
1436 1368 1532 1429 Ill)
1563 1365 1825 1422 tertium
1858 1371 2197 1437 pactorum
2232 1380 2464 1436 genus,
2501 1381 2669 1437 quae
2704 1366 3008 1438 quoniam
3033 1367 3296 1440 propria

483 1479 598 1522 sua
631 1464 690 1520 vi
714 1463 885 1520 haud
916 1467 1250 1534 constant,
1284 1462 1396 1518 sed
1419 1460 1501 1518 ab
1530 1460 1800 1517 aliarum
1840 1461 2337 1518 conventionum
2364 1462 2578 1531 figuris
2614 1463 2898 1533 pendent
2936 1477 3012 1519 ac
3036 1458 3289 1527 formis.

486 1564 884 1637 adjectorum
909 1556 1167 1620 nomine
1188 1555 1454 1618 veniunt
1479 1565 1841 1632 pactorum.
1866 1564 1953 1618 De
1974 1560 2203 1633 quibus
2228 1561 2445 1629 regula
2467 1560 2850 1632 proponitur
2877 1561 3036 1617 haec
3063 1577 3079 1613 ε
3105 1567 3293 1632 pacta

483 1666 801 1717 conventa
821 1700 837 1725 ‚
863 1673 1030 1730 quae
1057 1658 1274 1715 bonae
1298 1652 1443 1713 fidei
1476 1656 1918 1714 contractibus
1948 1655 2010 1711 in
2040 1656 2390 1712 continenti
2423 1655 2809 1729 adjiciantur
2828 1700 2845 1725 ‚
2873 1656 3018 1729 ipsis
3053 1656 3291 1730 inesse,

486 1766 681 1832 atque
707 1759 1026 1818 actionem
1062 1756 1344 1815 formare
1387 1773 1466 1815 ex
1507 1763 1846 1815 contractu
1873 1753 1962 1830 ¹⁴).
2014 1756 2246 1831 Quodsi
2285 1762 2430 1828 post
2469 1757 2729 1829 aliquod
2759 1757 3161 1815 intervallum
3190 1759 3296 1814 ad-

479 1859 680 1932 Jectio
712 1859 778 1915 iit
799 1904 814 1928 ‚
847 1859 998 1915 item
1018 1873 1093 1915 ex
1115 1864 1300 1929 parte
1327 1852 1455 1929 rei,
1489 1856 1531 1915 i.
1564 1873 1623 1914 e.
1648 1863 1964 1929 quatenus
1993 1856 2351 1913 detrahitur
2375 1856 2613 1928 aliquid
2638 1856 3003 1928 obligationi
3030 1899 3045 1924 ‚
3072 1856 3294 1929 utique

486 1960 689 2017 inesse
737 1965 995 2032 pactum
1036 1958 1354 2016 videbitur
1396 1957 1794 2026 contractui,
1845 1972 1977 2015 non
2022 1971 2180 2014 vero
2209 1972 2283 2014 ex
2312 1957 2546 2014 actoris
2577 1962 2797 2029 parte,
2851 1957 2893 2013 i.
2942 1972 2999 2014 e.
3047 1954 3097 2011 si
3141 1956 3293 2027 quid

479 2048 781 2133 'adjicitur
807 2054 1176 2130 obligationi
1206 2057 1274 2132 ¹⁵)
1295 2078 1312 2114 .-
1337 2060 1426 2117 sic
1453 2066 1668 2116 tamen
1694 2102 1710 2127 ,
1737 2064 1812 2115 ut
1833 2100 1848 2126 ‚
1881 2057 1930 2115 si
1959 2072 2036 2115 ex
2061 2058 2291 2115 horum
2318 2063 2764 2115 contractuum
2787 2099 2807 2130 ‚
2843 2052 2950 2129 qui
2971 2058 3113 2114 solo
3141 2071 3293 2114 con-

485 2174 671 2217 sensu
721 2158 1178 2230 perficiuntur,
1221 2159 1736 2217 substantialibus
1775 2164 2001 2230 postea
2042 2158 2282 2231 aliquid
2312 2160 2728 2227 immutatur,
2764 2157 2973 2229 potius
2998 2156 3077 2213 de
3119 2171 3294 2214 novo

485 2255 898 2323 contraxisse,
936 2271 1139 2340 ‘quam
1171 2255 1368 2313 veteri
1399 2250 1772 2327 obligationi
1816 2251 2122 2331 adjecisse
2148 2253 2489 2312 videantur
2518 2259 2732 2324 partes
2760 2248 2851 2325 ¹⁵).
2883 2255 2954 2309 At
2985 2247 3049 2308 in
3091 2252 3294 2311 stricti

474 2354 636 2427 juris
658 2356 1091 2412 contractibus
1123 2361 1311 2427 pacta
1338 2371 1417 2412 ne
1458 2356 1519 2412 in
1546 2351 1899 2412 continenti
1943 2353 2202 2426 quidem
2245 2354 2498 2426 adjecta
2527 2353 2652 2410 vim
2696 2353 2888 2409 ullam
2927 2351 3289 2422 habebant,

487 2446 603 2508 nisi
636 2457 950 2522 quatenus
982 2465 1056 2508 ex
1086 2457 1269 2522 parte
1296 2453 1388 2508 rei
1414 2493 1430 2523 ‚
1463 2466 1576 2509 seu
1606 2449 2059 2507 diminuendae
2090 2448 2488 2520 obligationis
2516 2464 2710 2507 causa
2737 2448 3175 2521 adjicerentur
3198 2445 3282 2525 ¹⁷).

1415 2564 1440 2581 U

549 2637 600 2696 8)
632 2641 659 2694 ς
679 2637 729 2685 9.
754 2642 790 2687 Ι.
814 2640 882 2686 de
904 2638 1152 2686 actionib.
1186 2639 1238 2684 L.
1262 2640 1310 2685 1.
1350 2635 1553 2693 §6—8.
1578 2640 1630 2685 1..
1656 2637 1702 2686 δ.
1728 2641 1754 2695 S
1789 2643 1840 2689 2.

491 2704 544 2748 D.
569 2701 620 2748 Ιι.
645 2704 685 2748 t.
702 2726 756 2734 —
774 2704 823 2748 t..
846 2700 966 2757 18.s
991 2704 1037 2748 1.
1062 2701 1180 2748 eod.
1197 2727 1253 2736 —
1272 2701 1363 2760 (cf.
1389 2707 1492 2748 not.
1513 2705 1843 2762 seim—We·

487 2765 584 2812 bet·
604 2766 790 2810 naturl.
813 2764 1003 2820 Verb.S
1027 2764 1140 2812 127.

1235 358 1387 401 PARS
1424 357 1583 401 snc-
1623 357 1741 400 Lus.
1786 357 1884 399 111.
1924 357 1999 399 1³13
2037 356 2563 399 onuoarloluntJS.

1938 2666 1998 2675 -
2019 2638 2093 2686 Cf.
2121 2639 2284 2687 Glticlc
2308 2640 2460 2685 Pand.
2485 2640 2562 2686 lv.
2581 2652 2631 2698 p.
2655 2638 2749 2687 262
2765 2653 2839 2698 sq.
2856 2642 3081 2696 —Hepp
3103 2638 3155 2685 in
3178 2636 3291 2698 eph.

1937 2703 2065 2749 Tub.
2091 2703 2168 2749 lv.
2191 2713 2243 2760 p.
2270 2698 2557 2748 249-251.

1999 2766 2079 2824 17)
2115 2767 2227 2822 Arg.
2253 2767 2344 2811 LL.
2369 2776 2493 2823 quae
2512 2767 2787 2813 excitantur
2806 2771 2907 2812 not.
2932 2763 3077 2812 14.-·-
3098 2766 3158 2810 At
3180 2776 3293 2810 vero

552 2825 602 2883 9)
635 2824 726 2880 88.
749 2828 786 2872 Ι.
812 2825 879 2872 de
902 2831 1005 2874 act.
1033 2829 1081 2879 (α
1112 2829 1165 2873 ln
1189 2837 1441 2884 personam
1475 2837 1669 2884 quoque
1692 2829 1845 2874 actio·

492 2900 577 2933 nes
596 2900 654 2933 ex
680 2900 765 2934 sua
778 2888 1114 2943 jurisdictione
1134 2889 1404 2947 propositas
1423 2887 1572 2935 babet
1604 2890 1835 2949 Praetor,

492 2953 620 2997 velut
635 2950 696 2996 de
715 2952 918 3006 pecunia
942 2953 1226 3009 constituta,
1246 2950 1335 2997 eui
1357 2950 1541 2997 similis
1560 2950 1843 2999 videbatur

492 3012 815 3068 receptitium
833 3037 892 3045 --
923 3015 1035 3060 vid.
1059 3013 1280 3072 inprimis
1320 3011 1586 3070 Theophili
1608 3016 1841 3073 parapbr.

495 3075 555 3121 ad
577 3075 626 3121 b.
652 3074 872 3132 §.)-—Cf.
891 3077 943 3122 1..
973 3077 1018 3121 2.
1064 3079 1115 3123 c.
1159 3074 1276 3123 eod.
1310 3076 1493 3132 (Glu'ck
1531 3076 1684 3124 Pand.
1720 3079 1844 3125 xiil.

495 3149 544 3196 p.
568 3135 664 3184 565
687 3161 746 3172 —·
775 3135 887 3184 372.
914 3163 969 3171 -—
1000 3140 1093 3186 W.
1125 3141 1178 3185 T.
1211 3138 1391 3185 Kraut
1423 3145 1740 3187 commentat.
1779 3142 1841 3187 de

494 3200 782 3257 argentariis
804 3206 851 3245 et
876 3202 1214 3248 nummulariis
1253 3200 1453 3255 (Goett.
1496 3198 1668 3251 1826.)
1711 3214 1755 3248 c.
1781 3204 1841 3248 x.

499 3274 549 3319 p.
576 3261 742 3309 108-
765 3261 874 3309 114.
893 3264 1072 3309 —Vid.
1095 3269 1146 3308 et
1188 3263 1233 3319 a)
1257 3264 1310 3308 1..
1333 3263 1413 3309 21.
1435 3264 1460 3318 S
1486 3262 1531 3309 1.
1557 3264 1610 3309 D.
1643 3263 1695 3310 Ιι.
1723 3268 1760 3310 t.
1784 3289 1843 3298 -

497 3339 522 3365 ιι
537 3326 780 3371 modicum
803 3331 991 3382 tempus
1013 3325 1323 3371 statuendum
1345 3332 1437 3380 est,
1460 3337 1557 3371 non
1578 3327 1739 3372 minus
1758 3328 1847 3372 de-

494 3397 600 3433 cem
618 3387 827 3445 dierum,
847 3393 904 3434 ut
934 3389 1125 3434 exactio
1147 3388 1438 3434 celebretur.
1465 3404 1490 3431 ι»
1516 3412 1576 3422 -
1610 3389 1660 3444 b)
1684 3390 1734 3435 L.
1764 3387 1846 3434 18.

560 3510 638 3569 10)
671 3512 780 3558 vid.
807 3511 1008 3558 Weber
1021 3516 1122 3557 nat.
1147 3511 1293 3557 verb.
1315 3512 1340 3566 S
1365 3508 1474 3558 125.

559 3574 637 3630 11)
670 3575 722 3619 L.
745 3571 1213 3628 5.§2.n.11.t.-
1235 3574 1310 3619 cf.
1336 3575 1389 3619 L.
1410 3570 1488 3620 28.
1516 3573 1633 3620 eod.

560 3635 640 3693 12)
676 3636 727 3681 1..
752 3633 831 3681 11.
855 3638 903 3683 in
933 3636 967 3682 t‘.
998 3637 1048 3682 t..
1073 3637 1150 3682 12.
1172 3641 1225 3685 D.
1250 3635 1301 3682 Ιι.
1328 3640 1364 3682 t.

562 3696 639 3756 13)
675 3699 726 3743 L.
752 3696 830 3744 13.
853 3701 905 3744 D.
930 3699 980 3745 Ιι.
1005 3701 1233 3747 e.—-1..1.
1258 3699 1283 3752 S
1304 3695 1351 3743 5.
1378 3698 1430 3742 L.
1453 3694 1535 3744 25.
1561 3710 1633 3754 pr.
1659 3697 1844 3745 eod.-

500 3762 551 3807 1..
577 3757 626 3807 ὅ.
651 3761 701 3806 in
722 3759 758 3806 Ι.
780 3759 894 3808 Ι..4.
920 3762 971 3807 L.
997 3758 1045 3807 5.
1074 3773 1148 3818 pr.
1183 3764 1233 3808 L.
1269 3758 1347 3806 19.
1368 3760 1393 3814 ς
1416 3761 1462 3804 1.
1487 3759 1603 3808 eod.
1629 3785 1687 3794 —
1711 3763 1848 3808 lVe-

499 3824 596 3870 ber
616 3828 718 3869 nat.
741 3823 884 3870 verb.
907 3825 933 3878 S
955 3822 1067 3870 124.
1089 3825 1292 3876 (caeter.
1321 3823 1419 3868 vid.
1444 3822 1496 3867 1..
1521 3822 1598 3869 19.
1624 3834 1698 3880 pr.
1724 3823 1777 3870 Ιι.
1805 3827 1843 3870 t.

499 3885 672 3941 «Quod
692 3884 784 3930 sub
802 3887 1078 3933 conditione
1097 3885 1319 3940 debetur,
1339 3886 1439 3930 sive
1454 3896 1573 3943 pure
1591 3887 1689 3932 sive
1710 3890 1846 3932 certo

496 3949 576 3994 die
597 3947 946 4007 constituatur,
986 3949 1160 3994 eadem
1190 3947 1470 3995 conditione
1494 3950 1805 4006 suspenditur
1829 3966 1840 3996 :

495 4014 552 4056 ut
573 4010 811 4056 existente
849 4010 1129 4058 conditione
1165 4014 1408 4064 teneatur,
1430 4011 1683 4057 deficiente
1706 4016 1844 4057 utra-

496 4084 592 4130 que
613 4072 739 4118 actio
755 4071 1042 4130 depeream»
1076 4071 1185 4120 vid.
1220 4072 1392 4118 Nood!
1413 4076 1474 4118 ad
1497 4074 1649 4119 Pand.
1677 4074 1752 4121 tit.
1774 4075 1843 4121 de

491 4145 613 4242 geel}
642 4137 811 4180 conse.
849 4135 875 4190 S
912 4135 1107 4183 Simius·
1147 4133 1304 4192 fuit).
1335 4158 1391 4167 —
1430 4137 1480 4181 L.
1509 4133 1584 4183 14.
1608 4138 1634 4192 s
1658 4136 1703 4183 1.
1725 4143 1775 4182 et
1794 4136 1843 4184 2.

560 4255 639 4315 14)
675 4259 725 4303 L.
748 4255 796 4304 7.
823 4260 849 4313 ς
867 4256 917 4305 5.
941 4256 1054 4306 etss.
1083 4261 1136 4305 D.
1161 4258 1229 4306 de
1247 4257 1621 4316 pace.-1..15.
1646 4261 1699 4307 C.
1724 4260 1843 4309 eod.

497 4320 579 4376 (il,
596 4321 666 4378 3.)
689 4344 750 4354 —
773 4321 962 4369 Noode.
985 4324 1047 4368 de
1070 4327 1201 4380 pact.
1225 4334 1267 4368 c.
1292 4323 1436 4369 11.-
1457 4326 1680 4370 Boream
1706 4324 1760 4370 D.
1783 4325 1846 4370 de

496 4387 625 4439 pact.
666 4382 807 4427 nudis
840 4384 935 4430 rel.
970 4396 1015 4430 c.
1037 4383 1087 4432 6.
1126 4396 1177 4443 p.
1200 4385 1264 4429 33
1295 4397 1402 4444 sqq.
1424 4411 1483 4419 --
1504 4384 1847 4442 (Hoepsner)

496 4445 696 4491 Uebers.
717 4445 766 4490 d.
789 4445 886 4491 Tit.
906 4449 967 4493 de
990 4453 1117 4506 pact.
1144 4459 1192 4504 p.
1219 4447 1280 4491 22
1300 4459 1376 4506 sq.
1394 4472 1450 4481 —
1467 4448 1542 4495 Cf.
1565 4454 1616 4494 et
1643 4446 1850 4496 lVeber

498 4511 601 4554 nat.
628 4506 773 4553 Verb.
794 4507 819 4561 S
838 4504 919 4554 82.

560 4566 636 4626 15)
668 4570 721 4614 1..
745 4565 793 4614 7.
814 4571 842 4626 ς
863 4568 912 4619 5.
935 4572 991 4617 D.
1013 4569 1081 4616 de
1111 4573 1252 4627 pact.
1294 4572 1430 4619 verb.
1457 4587 1469 4618 :
1499 4571 1629 4618 sSed
1650 4572 1743 4618 boc
1779 4574 1847 4618 sic

493 4629 848 4692 accipiendum,
859 4659 919 4669 —
933 4656 992 4667 —-
1006 4643 1247 4690 ·-.parere
1270 4635 1744 4693 exceptionum—L.
1757 4631 1841 4679 72.

492 4704 570 4752 pr.
596 4694 648 4739 D.
675 4691 743 4739 de
760 4697 934 4742 contr.
957 4696 1080 4741 emt.
1111 4695 1245 4741 verb.
1271 4709 1282 4740 ε
1321 4698 1498 4744 «Pacta
1521 4701 1760 4744 conventa
1783 4720 1843 4728 —

493 4779 556 4789 —
569 4755 691 4803 vires
713 4754 915 4806 babebit
924 4757 1032 4812 jure
1040 4757 1337 4814 exceptionis
1352 4763 1524 4816 agente
1535 4760 1802 4807 venditore.
1816 4774 1839 4798 n

493 4816 622 4875 (vid.
648 4818 832 4874 scriptt.
856 4824 957 4866 not.
977 4815 1054 4865 14.
1073 4819 1261 4877 laudd.)

557 4879 638 4938 16)
673 4882 725 4928 L.
746 4876 829 4928 ⁷2.
854 4894 929 4941 pr.
953 4880 1022 4928 de
1051 4881 1227 4929 contr.
1249 4887 1372 4929 emt.
1407 4884 1540 4931 verb.
1567 4901 1577 4931 :
1605 4886 1674 4930 An
1713 4883 1842 4929 idem

492 4942 589 4993 dici
609 4943 778 5005 possit,
794 4968 849 4980 -
863 4968 918 4979 —
939 4954 1064 4993 nova
1082 4944 1233 4992 emtio
1252 4944 1575 4996 intercessisse
1599 4946 1836 4995 videtur.»

1938 2841 2139 2887 magnas
2164 2829 2488 2885 interpretum
2510 2830 2679 2875 turbas
2697 2829 2986 2875 excitavitt..
3006 2825 3088 2874 40.
3107 2828 3293 2884 (Lecta)

1933 2894 1985 2938 D.
2010 2895 2077 2939 de
2101 2895 2160 2938 R.
2192 2893 2243 2936 C.
2267 2891 2391 2945 (ΧΙΙ.
2414 2894 2500 2949 1.),
2522 2904 2646 2949 quae
2666 2891 2923 2949 quidemin
2942 2891 3289 2935 damnatarum

1938 2966 2142 3001 numero
2164 2955 2324 3010 legum
2349 2953 2576 3002 habetur.
2604 2969 2630 2996 u
2646 2978 2704 2986 —
2719 2979 2775 2987 —
2796 2954 2960 2998 cantio
2980 2951 3288 3006 huiusmodi:

1938 3018 2052 3063 Luc.
2077 3018 2234 3062 Titius
2253 3015 2443 3072 scripsi,
2468 3028 2546 3063 me
2577 3016 2817 3073 accepisse
2839 3027 2865 3061 a
2889 3015 3062 3060 Publio
3104 3014 3290 3059 Μυονία

1941 3080 2219 3136 quindecim
2237 3083 2406 3123 mutua
2417 3086 2671 3126 numerata
2692 3077 2811 3124 mibi
2833 3080 2893 3124 de
2912 3077 3145 3133 domo‚et
3169 3075 3287 3121 baec

1934 3142 2212 3199 quindecim
2236 3140 2385 3197 proba
2408 3148 2539 3188 recte
2560 3141 2664 3187 dari
2685 3141 2910 3186 Kalendis
2932 3139 3110 3185 futuris
3133 3140 3292 3193 stipu-

1937 3205 2064 3250 latus
2081 3209 2155 3249 est
2174 3202 2383 3248 Maevius
2419 3204 2646 3260 Publius,
2689 3203 2924 3261 spopondi
2945 3212 3037 3257 ego
3062 3202 3178 3246 Luc.
3203 3202 3284 3245 Ti·

1938 3266 2052 3311 tius.
2099 3266 2149 3311 Si
2186 3265 2270 3309 die
2307 3268 2633 3322 suprascripta
2675 3277 2866 3311 summa
2902 3264 3075 3309 Publio
3107 3263 3293 3309 Naevio

1941 3330 2067 3384 eive,
2091 3329 2152 3374 ad
2169 3339 2319 3384 quem
2341 3338 2398 3372 ea
2423 3341 2499 3374 res
2522 3330 2782 3388 pertinebit
2798 3362 2814 3382 ,
2831 3329 2969 3382 data,
2992 3328 3153 3371 soluta
3175 3359 3192 3380 ,
3215 3338 3293 3372 sa·

1939 3391 2058 3435 tisve
2080 3401 2139 3436 eo
2159 3390 2357 3434 nomine
2372 3390 2557 3437 iactum
2577 3403 2675 3436 non
2696 3391 2808 3442 erit,
2831 3398 2948 3435 tunc
2970 3399 3031 3433 eo
3062 3389 3291 3448 amplius,

1936 3463 2034 3509 quo
2057 3458 2166 3510 post
2188 3454 2375 3497 solvam
2393 3487 2407 3510 ,
2432 3464 2615 3511 poenae
2637 3453 2834 3498 nomine
2856 3453 2905 3496 in
2926 3451 3031 3495 dies
3058 3451 3261 3508 triginta
3276 3485 3293 3507 ‚

1939 3516 2090 3572 inque
2130 3514 2354 3560 denarios
2393 3522 2646 3572 centenus,
2672 3515 2899 3561 denarios
2931 3514 3153 3570 singutos
3185 3512 3291 3560 dat-i

1941 3579 2197 3633 stipulatus
2218 3581 2290 3621 est
2312 3577 2447 3623 l’ubl.
2484 3579 2693 3624 Maevius
2709 3613 2723 3630 ..
2759 3575 2995 3636 spopondi
3038 3587 3133 3631 ego
3175 3575 3289 3621 Luc.

1944 3640 2127 3695 Tition
2149 3642 2504 3698 conversaque
2524 3640 2663 3686 inter·
2690 3652 2807 3701 nos,
2830 3640 2898 3684 uti
2922 3650 3010 3695 pro
3041 3637 3162 3694 (teg.
3187 3639 3294 3684 Pu·

1942 3700 2062 3758 ὀΙίο)
2084 3703 2264 3746 Maevio
2286 3714 2343 3747 ex
2366 3714 2555 3749 summa
2574 3705 2900 3761 suprascripta
2918 3705 3200 3746 menstruos
3216 3712 3292 3746 re·

1943 3765 2146 3809 fundere
2164 3763 2367 3809 debeam
2377 3767 2603 3811 denarios
2618 3770 2923 3822 trecenos‚ex
2943 3763 3080 3809 omni
3098 3773 3292 3809 summa

1941 3827 1985 3872 ei
2012 3826 2239 3873 beredive
2260 3825 2677 3882 ejus.Quaesitum
2695 3833 2768 3872 est
2789 3827 2851 3872 de
2866 3824 3166 3881 obligatione
3178 3836 3290 3871 usti-

1940 3900 2104 3934 rarum
2133 3892 2400 3946 :quoniam
2439 3901 2667 3935 numerus
2708 3890 2953 3935 mensium
2977 3920 2994 3946 ,
3036 3889 3123 3945 qui
3156 3889 3292 3934 solu-

1940 3952 2060 3997 tioni
2086 3952 2414 4009 competebat,
2437 3953 2712 3998 transierat.
2736 3951 2967 3998 Dicebam
2985 3950 3129 4006 :quia
3149 3957 3292 4007 pacta

1939 4013 1988 4059 in
2011 4013 2280 4061 continenti
2311 4015 2440 4060 facta
2460 4015 2762 4072 stipulationi
2788 4014 2943 4061 inesse
2979 4012 3256 4059 ereduntur
3274 4048 3292 4071 ‚

1938 4077 2138 4132 perinde
2159 4087 2283 4132 esse,
2308 4088 2365 4121 ac
2386 4076 2426 4122 si
2448 4087 2533 4133 per
2553 4076 2766 4132 singulos
2784 4086 2974 4122 menses
2991 4080 3185 4120 certam
3206 4087 3294 4133 pe·

1940 4139 2135 4183 cuniam
2155 4139 2410 4195 stipulatus
2426 4172 2440 4196 ,
2474 4139 2604 4196 quod
2624 4139 2809 4184 tardius
2826 4140 2980 4184 soluta
3001 4142 3153 4192 esset,
3172 4149 3292 4183 usn-

1936 4211 2015 4246 ras
2034 4200 2287 4254 adjecisset
2331 4216 2341 4246 :
2371 4202 2521 4258 igitur
2542 4200 2682 4246 finito
2712 4203 2869 4257 primo
2892 4210 3079 4256 mense,
3102 4200 3294 4256 primae

1937 4263 2182 4319 pensionis
2204 4275 2377 4308 usuras
2395 4274 2590 4309 currere
2611 4274 2624 4320 3
2652 4269 2701 4308 et
2718 4263 2943 4309 similiter
2974 4266 3087 4318 post
3110 4272 3287 4307 seeun-

1937 4326 2053 4370 dum
2070 4330 2121 4370 et
2141 4327 2338 4371 tertium
2363 4329 2571 4371 tractum
2591 4336 2762 4372 usuras
2779 4337 2876 4371 non
2898 4325 3091 4369 solutae
3120 4323 3288 4380 (peen-

1939 4386 2065 4442 nise)
2085 4389 2328 4444 pensionis
2350 4399 2584 4443 creseere,
2597 4392 2810 4434 necante
2831 4387 2974 4432 sortis
2985 4396 3088 4431 non
3099 4387 3289 4431 solutae

1939 4460 2108 4495 usuras
2140 4451 2239 4506 peti
2277 4463 2433 4508 posse,
2469 4461 2616 4508 quam
2650 4451 2753 4508 ipsa
2783 4461 2887 4495 sors
2920 4448 3019 4505 peti
3041 4452 3287 4504 potuerat.

1936 4512 2135 4558 Pactum
2155 4518 2340 4569 autem,
2362 4514 2492 4570 quod
2522 4510 2792 4566 subiectum
2812 4517 2906 4566 est,
2928 4511 3134 4567 quidam
3156 4511 3291 4557 diee-

1939 4574 2057 4620 bant
2077 4574 2141 4620 ad
2173 4576 2317 4620 sortis
2335 4575 2629 4621 solutionem
2652 4579 2841 4620 tantum
2872 4573 3149 4630 pertinere,
3187 4585 3287 4619 non

1938 4637 2085 4683 etiam
2116 4636 2178 4681 ad
2198 4649 2454 4684 usurarum
2470 4670 2485 4696 ‚
2506 4646 2632 4694 quae
2654 4637 2815 4696 priore
2838 4640 2976 4692 parte
2998 4636 3292 4692 simpliciter

1940 4699 1988 4744 in
2008 4699 2368 4757 stipulationem
2390 4701 2650 4754 venissent,
2673 4704 2966 4757 pactumque
3002 4697 3052 4743 id
3092 4703 3287 4743 tantum

1938 4762 1999 4807 ad
2021 4762 2353 4819 exceptionem
2378 4761 2605 4820 prodesse
2630 4778 2641 4808 :
2666 4767 2716 4807 et
2748 4760 2877 4815 ideo,
2901 4772 3001 4807 non
3023 4760 3182 4805 soluta
3206 4771 3289 4816 pe-

1936 4823 2077 4870 cunia
2130 4825 2324 4870 statutis
2371 4824 2683 4884 pensionibus
2722 4835 2782 4868 ex
2825 4824 2906 4868 die
2954 4821 3289 4878 stipulationis

1937 4896 2107 4932 usuras
2127 4886 2316 4945 deberi,
2337 4893 2483 4944 atque
2503 4886 2542 4930 si
2566 4885 2614 4932 id
2629 4886 2918 4931 nominatim
2937 4887 3065 4930 esset
3084 4894 3292 4942 expres-

1934 4959 2059 4995 sum.
2081 4948 2178 4996 Sed
2195 4960 2308 4996 cum
2325 4950 2443 4998 satis
2465 4947 2635 5007 petitio
2653 4948 2812 4996 dilata
2852 4948 2942 5007 sit,
2979 4956 3289 5007 consequens
