3544 5506
487 326 599 380 2252

485 451 677 524 ipsius
708 448 1073 509 commissas
1103 446 1305 505 sciens
1329 446 1738 518 prudensque
1762 441 2139 502 alienaverit
2164 438 2255 512 ¹⁵).
2290 443 2624 499 Caeterum
2654 450 2875 497 rerum
2902 436 3285 500 furtivarum

486 554 553 607 et
591 548 649 604 vi
695 558 1128 619 possessarum
1160 547 1473 614 purgatur
1508 536 1733 602 vitium
1771 539 2159 610 simulatque
2190 537 2254 593 in
2291 530 2535 594 domini
2575 538 2957 607 potestatem
2995 546 3289 596 reversae

482 654 632 706 sunt
665 661 767 705 res
795 625 886 715 ¹⁶).
921 648 1185 704 Fructus
1211 641 1402 700 etiam
1422 641 1671 699 illarum
1697 655 1916 699 rerum
1937 683 1954 705 ,
1984 637 2335 697 dummodo
2351 637 2523 707 apud
2546 636 2754 693 bonae
2785 629 2930 691 fidei
2963 647 3286 704 possesso·

483 758 619 802 rem
648 741 1112 815 percipiantur,
1145 737 1510 810 principalis
1536 738 1631 795 rei
1651 732 1806 796 vitio
1828 731 2087 792 minime
2115 738 2613 792 censenturesse
2635 729 2844 788 affecti
2862 771 2880 803 ‚
2912 724 2976 786 hi
2998 728 3284 801 quidem,

485 839 593 910 qui
626 833 840 896 statim
887 835 1312 909 acquiruntur
1353 832 1696 906 possessori
1720 832 1811 907 ¹⁷).
1837 834 1991 889 Nam
2028 836 2095 887 et
2143 828 2521 886 ancillarum
2555 825 2935 884 furtivarum
2971 830 3192 896 partus
3222 827 3287 880 et

483 935 849 992 animalium
898 931 1103 990 foetus
1143 930 1160 1005 (
1187 936 1503 1003 quatenus
1536 929 1796 1001 quidem
1830 927 1894 984 in
1931 925 2237 984 tractibus
2263 939 2394 982 non
2429 918 2749 981 habentur
2778 916 2869 994 ¹⁸),
2906 934 3164 980 necesse
3190 925 3286 977 est

485 1034 655 1106 apud
687 1034 894 1091 bonae
918 1030 1060 1087 fidei
1087 1042 1518 1102 possessorem
1542 1035 1611 1086 et
1634 1027 1933 1100 concepti
1952 1032 2017 1084 et
2044 1024 2195 1084 editi
2215 1025 2343 1084 sint
2362 1063 2381 1094 ,
2401 1030 2473 1081 ut
2487 1022 2752 1085 omnino
2780 1022 2957 1082 locus
2983 1035 3121 1081 esse
3146 1035 3283 1092 pos-

484 1129 562 1187 sit
598 1126 974 1202 usucapioni
1007 1125 1091 1197 ¹⁹).

1075 334 1228 376 PARS
1266 333 1429 375 SPE-C·
1473 333 1590 375 un.
1636 332 1707 373 u.
1747 332 1825 373 ΒΕ
1859 329 2049 373 mus
2085 328 2364 380 munst·
2406 326 2692 369 nonme.

483 1361 510 1433 ς
537 1355 688 1413 265.
710 1351 773 1425 2)
797 1350 997 1419 Deiis,
1038 1366 1183 1427 quae
1202 1356 1502 1428 praemon
1529 1346 1932 1408 desiderantur
1967 1346 2036 1407 in
2059 1345 2516 1425 usucapionibus.
2551 1345 2612 1421 a)
2647 1341 2751 1403 Rei
2781 1349 2966 1403 certae
2991 1338 3279 1420 possessio.

569 1557 1017 1623 Praeterquam
1047 1549 1223 1621 quod
1268 1561 1371 1605 res
1401 1547 1482 1605 sit
1515 1542 1892 1620 usucapioni
1937 1539 2248 1620 obnoxia,
2283 1543 2598 1617 possessio
2637 1542 2836 1600 etiam
2873 1542 3144 1600 accedat
3169 1555 3283 1599 ne-

486 1664 662 1708 cesse
699 1653 795 1706 est
813 1690 833 1721 ,
875 1641 982 1705 cui
1004 1646 1203 1703 subsit
1222 1643 1483 1703 dominii
1513 1643 1763 1702 animus
1794 1639 1874 1718 ¹),
1905 1656 2114 1716 eaque
2144 1640 2237 1699 rei
2262 1646 2481 1699 certae
2503 1681 2523 1713 ,
2561 1636 2910 1711 conjuncta
2937 1652 3084 1695 cum
3114 1637 3285 1695 bona

491 1749 614 1805 tide
633 1787 649 1814 ,
668 1747 1060 1806 descendens
1091 1760 1168 1803 ex
1188 1743 1355 1821 justa
1373 1759 1568 1833 causa
1585 1786 1603 1818 ‚
1634 1750 1774 1802 tum
1801 1738 1997 1801 etiam
2027 1757 2145 1815 per
2170 1742 2431 1813 longum
2461 1746 2714 1811 tempus
2740 1742 3054 1810 perpetuo
3076 1732 3286 1795 conti-

477 1823 713 1902 nuata.
761 1846 834 1899 Et
873 1842 1414 1918 quemadmodum
1448 1835 1710 1898 omnino
1739 1854 1870 1897 non
1915 1844 2013 1897 est
2040 1837 2386 1911 possessio,
2434 1830 2553 1892 nisi
2597 1847 2853 1902 rerum,
2886 1847 3054 1906 quae
3098 1833 3285 1905 possi·

488 1941 764 1997 deantur
780 1983 797 2010 ,
841 1943 914 1996 ut
944 1938 1336 2008 singularum
1360 1979 1377 2008 ,
1403 1943 1648 1995 certam
1674 1951 1752 2012 ac
1777 1936 2106 1995 delinitam
2132 1928 2348 1991 animo
2371 1936 2753 2003 conceptam
2777 1929 3126 1987 habeamus
3157 1944 3273 1988 no—

490 2038 729 2095 tionem
773 2039 817 2110 (§
839 2035 979 2092 259.
1008 2036 1093 2102 11,
1134 2031 1222 2105 2.)
1255 2051 1272 2088 ε
1307 2027 1396 2090 ita
1429 2047 1550 2091 nec
1579 2027 1766 2091 aliter
1804 2031 2063 2105 prodest
2104 2031 2187 2087 ad
2229 2028 2719 2101 usucapionem.
2764 2020 2872 2085 Cui
2900 2027 3286 2084 conveniens

490 2143 623 2203 est,
651 2134 710 2207 1)
743 2141 816 2193 ut
856 2132 1281 2191 universitatis
1325 2146 1541 2191 rerum
1560 2172 1577 2202 ,
1615 2138 1689 2194 ut
1713 2132 1972 2205 quidem
2004 2145 2163 2205 prae
2198 2129 2467 2188 caeteris
2496 2134 2767 2188 vocatur
2797 2125 2864 2204 (ς
2887 2127 3040 2185 225.
3067 2170 3085 2201 ,
3113 2127 3287 2185 nulla

490 2237 567 2294 sit
612 2235 952 2309 usucapio,
991 2233 1281 2309 quamvis
1308 2228 1586 2308 singula,
1623 2248 1794 2307 quae
1839 2227 1902 2290 in
1950 2232 2052 2290 illa
2080 2236 2265 2298 sunt,
2306 2243 2582 2302 corpora
2625 2234 2687 2286 et
2739 2227 3186 2301 possideantur
3223 2232 3289 2285 et

558 2473 635 2534 15)
656 2474 767 2522 μδ.
791 2473 885 2531 83.
909 2476 963 2521 C.
988 2485 1172 2522 comm.
1196 2472 1264 2520 de
1284 2473 1446 2534 le9.-
1475 2472 1693 2522 Unici-lt.
1718 2474 1745 2529 S
1766 2469 1848 2519 68.
1914 2470 2121 2521 Donelli
2176 2476 2440 2519 comment.
2477 2472 2521 2527 ,1.
2558 2472 2651 2519 civ.
2679 2471 2781 2519 Lib.
2804 2472 2863 2518 V.
2893 2483 2940 2518 c.
2975 2468 3053 2517 28.
3080 2472 3105 2527 3
3130 2473 3207 2519 10.
3229 2496 3290 2506 ·—-·

495 2551 573 2584 nr.
593 2539 640 2584 2.
663 2540 787 2593 (vid.
810 2539 937 2584 infra
960 2540 985 2592 ς
1015 2534 1130 2582 209.
1155 2542 1258 2582 not.
1279 2534 1408 2594 5.)—
1431 2537 1525 2582 Nec
1541 2537 1704 2582 obstat
1723 2537 1777 2580 L.
1802 2535 1851 2581 2.
1914 2535 2174 2581 Caeterum
2193 2534 2293 2580 vid.
2314 2539 2364 2579 et
2380 2534 2599 2582 Ponder-
2628 2536 2777 2580 Pand.
2809 2535 2990 2581 ¹lustin.
3014 2535 3078 2580 ad
3110 2536 3206 2582 Tit.
3228 2534 3292 2580 de

492 2602 547 2646 (ἕ.
565 2601 634 2647 de
654 2612 804 2649 usuc.
820 2612 921 2656 pro
940 2602 1063 2644 emt.
1087 2598 1335 2655 (Unterlt.
1352 2600 1377 2656 S
1393 2599 1472 2647 20.
1492 2611 1570 2644 nr.
1589 2596 1640 2645 7.
1653 2602 1702 2644 et
1722 2596 1850 2644 ausi.

495 2663 626 2717 Veri.
663 2665 715 2709 1..
739 2662 774 2708 l.
799 2674 846 2720 p.
871 2660 979 2708 156.
1004 2666 1106 2706 not.
1129 2659 1261 2717 146.)

560 2723 636 2783 16)
658 2723 678 2776 S
699 2721 748 2771 8.
773 2725 809 2771 1.
832 2721 883 2771 Ιι.
907 2723 1067 2770 t.—1..
1092 2720 1140 2771 4.
1165 2726 1190 2780 ς
1217 2719 1266 2770 6.
1289 2726 1345 2772 D.
1373 2723 1424 2771 Ιι.
1450 2726 1488 2770 t.
1519 2722 1566 2779 (ιι
1590 2723 1728 2780 Quod
1765 2733 1855 2769 au·-

497 2793 597 2834 tem
616 2788 734 2834 dicit
750 2789 802 2833 1..
826 2787 984 2833 Atinia
1001 2820 1015 2839 ,
1039 2789 1093 2831 ut
1113 2798 1189 2831 res
1205 2786 1382 2833 furtiva
1401 2798 1500 2833 non
1520 2786 1859 2844 usucapiatur,

498 2850 590 2897 nisi
612 2851 661 2895 in
685 2854 972 2907 potestatem
991 2848 1096 2904 eJus
1113 2883 1127 2904 ‚
1161 2851 1240 2895 cui
1258 2853 1480 2906 surrepta
1511 2854 1613 2905 est,
1635 2852 1856 2894 reverta-

497 2918 607 2972 tur,
628 2912 698 2956 sic
716 2917 968 2969 acceptum
990 2914 1090 2966 est,
1111 2915 1162 2955 ut
1184 2912 1232 2955 in
1254 2912 1442 2957 domini
1465 2915 1753 2968 potestatem
1776 2909 1855 2955 de·

502 2974 617 3019 beat
639 2974 814 3019 reverti
835 3007 851 3029 ,
870 2986 967 3020 non
992 2974 1039 3017 in
1059 2973 1164 3027 ejus
1184 2975 1398 3032 utrique,
1417 2974 1494 3019 cui
1516 2978 1737 3029 surrepta
1761 2975 1853 3020 est.

500 3037 677 3095 Iyitur
695 3034 953 3082 creditore·
973 3038 1244 3093 surr-epta,
1257 3041 1338 3081 aut
1356 3037 1430 3083 ei.
1453 3037 1529 3080 cui
1549 3034 1861 3081 commodata

501 3106 575 3144 est
588 3133 605 3155 ,
626 3099 681 3144 in
696 3101 1011 3153 potestatem
1030 3096 1228 3143 domini
1252 3098 1429 3144 redire
1445 3098 1788 3155 debet.=›)-1..
1810 3095 1859 3144 4.

497 3162 525 3215 §²
547 3161 624 3205 21.
663 3162 716 3206 D.
740 3158 857 3206 eod.
879 3162 924 3215 (ιι
945 3162 993 3205 Si
1016 3171 1117 3204 rem
1141 3160 1327 3217 pignori
1350 3161 1519 3205 datam
1535 3159 1861 3207 debitor-sur·

487 3223 702 3285 *ripuerit
721 3228 771 3267 et
791 3222 1091 3277 vendiderit,
1116 3224 1311 3279 usucapi
1335 3235 1444 3268 eam
1481 3235 1647 3280 posse,
1669 3222 1861 3269 Cassius

500 3285 699 3340 scribit,
719 3284 832 3341 quia
871 3287 919 3330 in
944 3287 1231 3340 potestatem
1265 3284 1450 3330 domini
1483 3286 1673 3330 videtur
1694 3294 1859 3342 perve-

501 3347 629 3391 nisse
647 3380 662 3399 ,
680 3347 764 3404 qui
788 3346 977 3404 pignori
1009 3345 1177 3401 dedit,
1213 3346 1458 3404 quamvis
1479 3359 1600 3393 eum
1635 3358 1698 3393 eo
1723 3345 1863 3399 furti

445 3446 448 3451 .
500 3409 956 3468 «amomum—1..
975 3407 1023 3454 5.
1040 3410 1091 3453 D.
1109 3420 1210 3463 pro
1223 3412 1342 3455 emt.
1363 3409 1498 3465 (ΧΗ,
1522 3411 1769 3467 ⁴.)-Cum
1782 3409 1855 3455 his

502 3471 839 3527 similibusque
860 3472 976 3517 locis
1000 3476 1050 3515 ut
1068 3472 1381 3517 conciliarent
1404 3473 1457 3517 L.
1486 3474 1574 3518 ult.
1602 3474 1653 3516 D.
1673 3472 1725 3517 li.
1750 3475 1855 3516 t.—

507 3533 686 3587 (Labeo
705 3532 833 3579 libro
853 3534 913 3579 V.
936 3533 1184 3579 Pithanciin
1216 3544 1244 3579 a
1272 3534 1420 3579 Paulo
1436 3535 1813 3590 epitomatorum
1834 3546 1849 3578 ι

503 3610 529 3635 ιι
550 3595 600 3640 Si
642 3594 759 3653 quid
785 3599 858 3640 est
897 3601 1204 3652 surreptum,
1236 3596 1284 3642 id
1320 3596 1518 3653 usucapi
1551 3608 1646 3642 non
1673 3600 1855 3653 potest,

499 3663 762 3714 antequam
784 3658 833 3703 in
854 3657 1037 3703 domini
1052 3664 1340 3714 potestatem
1351 3660 1637 3716 pervenerit.
1651 3660 1853 3703 Paulus:

499 3719 651 3766 immo
669 3719 872 3765 forsitan
893 3725 943 3764 et
959 3726 1147 3766 contra.
1173 3722 1290 3766 Nam
1313 3721 1351 3765 si
1378 3722 1455 3778 id,
1492 3722 1623 3776 quod
1646 3720 1764 3766 mihi
1786 3719 1860 3777 pi-

499 3784 638 3841 gnori
661 3782 877 3836 dederis,
892 3782 1180 3838 surripueris
1194 3815 1210 3840 ‚
1231 3784 1322 3828 erit
1343 3795 1398 3828 ea
1415 3793 1489 3827 res
1512 3784 1688 3828 furtiva
1713 3782 1863 3841 faeta,

500 3843 600 3890 sed
612 3841 770 3889 simul
787 3842 951 3902 atque
991 3844 1045 3889 in
1070 3856 1238 3891 meam
1267 3844 1577 3899 potestatem
1616 3843 1855 3902 vener-it,

501 3905 727 3961 usucapi
750 3907 1043 3964 potertt.›»)‚
1078 3908 1406 3963 maximopere
1437 3908 1643 3953 subinde
1671 3906 1859 3952 lahora-

499 3970 618 4015 runt
636 3969 943 4025 interpretes.
970 3970 1075 4016 vid.
1102 3983 1146 4016 v.
1165 3982 1213 4018 c.
1236 3971 1412 4025 Cujac.
1439 3971 1558 4016 xvi.
1580 3971 1687 4016 obs.
1709 3966 1860 4013 50.-

498 4029 569 4077 de
585 4033 741 4078 Reees
765 4031 800 4077 Ι.
824 4031 858 4076 l.
882 4029 999 4085 336.
1023 4057 1077 4064 —
1108 4033 1327 4077 Unaerlr.
1351 4033 1375 4085 S
1400 4030 1475 4077 17.
1494 4045 1569 4078 nr.
1594 4033 1642 4077 1.
1667 4036 1717 4076 et
1732 4033 1860 4077 aust.

502 4094 632 4148 Vei-j.
658 4092 710 4136 L.
744 4093 781 4136 l.
811 4094 853 4147 ς.
876 4090 960 4139 71.
984 4117 1044 4125 -
1075 4095 1279 4141 Ditmar
1309 4097 1342 4139 l.
1374 4096 1405 4139 l.
1431 4096 1456 4148 S
1485 4093 1544 4139 21
1580 4106 1686 4152 sqq.
1713 4118 1772 4126 -
1797 4097 1858 4139 At

499 4161 631 4201 certe
652 4153 771 4199 mihi
791 4166 1071 4211 persuasum
1089 4156 1266 4211 habeo,
1288 4157 1491 4202 Paulum
1511 4158 1580 4210 (L.
1605 4159 1694 4202 ult.
1723 4158 1776 4202 D.
1801 4157 1853 4202 Ιι.

502 4218 563 4274 t.)
586 4242 648 4251 -
672 4218 732 4261 de
755 4228 814 4261 eo
837 4219 1069 4273 cogitasse
1102 4219 1346 4273 debitore,
1378 4220 1462 4275 qui
1500 4219 1727 4264 fiduciam
1747 4232 1862 4266 cum

506 4280 744 4325 creditore
764 4283 1088 4331 contraxerit.
1118 4293 1272 4338 eoque
1295 4281 1423 4326 iacto
1447 4285 1493 4326 in
1522 4283 1677 4338 ipsum
1702 4286 1861 4327 trans·

501 4343 671 4386 tulerit
691 4340 960 4387 dominium
999 4342 1097 4399 (cs.
1126 4344 1241 4399 Gaji
1274 4344 1387 4388 inst.
1415 4345 1470 4389 ll.
1490 4344 1517 4398 5
1553 4342 1630 4390 59.
1654 4342 1776 4399 60.).
1802 4368 1863 4377 —-

501 4405 637 4460 Quod
657 4406 819 4449 autem
839 4405 1004 4450 scribit
1021 4404 1241 4461 Philipp.
1267 4405 1381 4462 imp.
1410 4422 1435 4447 ιι
1454 4407 1576 4450 Cum
1601 4407 1663 4450 sit
1683 4407 1864 4462 proba-

504 4472 636 4525 tuin‚
665 4476 770 4511 rem
808 4467 999 4523 pignori
1037 4468 1184 4513 fuisse
1223 4467 1516 4525 obligatam,
1557 4471 1605 4512 et
1638 4474 1802 4525 postea
1836 4480 1867 4514 a

503 4528 722 4574 debitore
740 4528 1019 4575 distractam
1047 4545 1057 4574 :
1080 4533 1239 4588 palam
1260 4536 1365 4584 est,
1396 4543 1492 4577 non
1517 4533 1728 4587 potuisse
1757 4541 1867 4575 eam

501 4590 641 4648 quasi
675 4590 906 4636 furtivam
938 4593 1135 4650 usucapi
1156 4608 1179 4633 n
1203 4602 1218 4648 (
1245 4593 1295 4638 L.
1329 4590 1377 4638 6.
1404 4596 1456 4638 C.
1488 4592 1556 4638 de
1595 4603 1746 4639 usuc.
1769 4604 1869 4648 pro

501 4656 623 4697 emt.
651 4652 886 4709 vti‚26.),
907 4654 953 4698 id
967 4653 1041 4699 vix
1065 4655 1296 4712 est‚quod
1315 4655 1517 4700 dubium
1550 4654 1748 4711 aliquod
1760 4666 1868 4699 mo-

502 4719 637 4772 veat;
662 4715 901 4772 siquidem
924 4716 1191 4762 istiusmodi
1209 4718 1394 4762 domini
1417 4718 1546 4762 facto
1565 4728 1640 4761 res
1663 4728 1759 4761 non
1781 4728 1861 4762 re-

501 4777 731 4821 vertitur·
765 4778 813 4821 in
841 4778 987 4834 ipsius
1030 4784 1348 4836 potestatem,
1371 4777 1785 4836 quemadmodum
1814 4780 1862 4825 iu

501 4851 642 4885 causa
677 4839 812 4894 Legis
853 4837 901 4885 4.
925 4839 946 4888 S
967 4841 1046 4884 21.
1073 4842 1124 4884 D.
1149 4840 1201 4885 Ιι.
1236 4844 1276 4888 t.
1301 4865 1378 4896 —,
1423 4842 1537 4886 licet
1569 4845 1777 4897 utraque
1814 4842 1863 4886 in

498 4912 645 4949 causa
681 4900 867 4947 furtum
903 4901 1236 4948 committatur
1264 4914 1295 4949 a
1315 4904 1532 4950 domino.
1571 4925 1628 4933 —
1655 4903 1670 4957 (
1693 4903 1767 4950 ci.
1790 4905 1860 4950 Η.

1917 2608 2085 2655 usurp.
2110 2599 2160 2645 et
2183 2608 2321 2644 usuc.
2355 2597 2438 2643 Νι.
2472 2597 2658 2654 xvm.)
2685 2620 2745 2629 —-
2769 2597 2833 2642 De
2859 2608 2917 2641 eo
2943 2601 3136 2656 autem,
3169 2597 3291 2653 quid

1915 2659 2012 2706 sit:
2037 2660 2085 2705 in
2108 2658 2291 2708 domini
2319 2665 2611 2718 potestatem
2643 2661 2845 2714 reverti,
2880 2659 2981 2704 vid.
3008 2661 3058 2714 a)
3094 2661 3147 2704 L.
3175 2656 3289 2705 215.

1918 2722 1970 2768 in
2003 2722 2040 2769 t.
2065 2724 2120 2770 n.
2145 2723 2214 2771 de
2234 2723 2305 2773 V.
2330 2724 2384 2770 s.
2412 2746 2466 2756 -
2489 2722 2538 2778 b)
2561 2722 2611 2767 1..
2637 2719 2684 2769 4.
2720 2720 3289 2779 312.n.h.t.-1..86.

1919 2787 1974 2833 D.
1997 2785 2065 2833 de
2083 2784 2216 2840 furt.
2258 2786 2457 2841 (vau,
2479 2784 2607 2841 9)-
2626 2788 2671 2841 c)
2706 2788 2758 2832 1..
2782 2783 2869 2841 ⁴.3
2894 2781 2969 2831 13.
2999 2787 3054 2831 D.
3080 2784 3133 2831 k.
3160 2790 3199 2833 t.
3224 2808 3290 2821 -

1918 2849 1972 2895 L.
1994 2846 2075 2895 84.
2098 2852 2152 2895 D.
2170 2847 2500 2905 defure.-d)
2526 2850 2577 2893 t..
2595 2848 2675 2893 52.
2699 2860 2772 2908 pr.
2798 2850 2854 2893 D.
2875 2848 2928 2893 Ιι.
2956 2851 3105 2906 t.-e)
3128 2851 3180 2895 L.
3204 2847 3288 2896 ⁴3.

1918 2912 1970 2957 in
1992 2911 2026 2956 f.
2048 2912 2101 2959 D.
2127 2913 2179 2960 Ιι.
2206 2913 2245 2957 t.
2265 2913 2381 2969 -ὓ
2412 2911 2465 2955 L.
2487 2907 2615 2965 58.s
2654 2908 2701 2957 4.
2735 2912 2788 2955 D.
2811 2909 2878 2957 de
2908 2909 3045 2965 furt.
3068 2936 3123 2945 ·-
3159 2914 3213 2958 L.
3235 2908 3286 2958 4.

1919 2972 1945 3028 S
1968 2972 2117 3022 11.D.
2140 2975 2193 3022 Ιι.
2218 2973 2401 3020 8.-1..
2425 2974 2471 3017 7.
2500 2973 2524 3028 3
2554 2971 2602 3019 3.
2621 2985 2720 3028 pro
2742 2975 3035 3020 emtore.--
3054 2974 3103 3029 g)
3125 2976 3177 3019 L.
3201 2971 3289 3021 41.

1922 3036 1976 3082 D.
2001 3036 2052 3082 Ιι.
2079 3040 2116 3083 t.
2140 3062 2201 3070 —
2221 3039 2273 3082 L.
2298 3034 2347 3083 4.
2370 3037 2395 3091 3
2418 3033 2449 3081 6
2470 3058 2529 3068 --
2556 3034 2629 3081 10.
2672 3034 2790 3082 eod.
2817 3060 2878 3068 —-
2897 3035 2973 3081 ef.
3008 3036 3226 3083 Umor-lt.
3254 3038 3292 3083 l.

1922 3098 1957 3143 l.
1981 3101 2008 3155 ς
2029 3095 2109 3144 17.
2134 3112 2209 3145 nr.
2235 3099 2283 3144 2.
2307 3101 2357 3145 3.
2387 3102 2438 3142 et
2471 3097 2713 3144 ausfuhrl.
2753 3098 2882 3151 Vei-j.
2924 3098 3077 3143 Lehre
3110 3100 3146 3144 l.
3183 3099 3209 3153 S
3230 3097 3294 3144 68

1926 3182 1984 3192 -·
2009 3159 2088 3209 70.
2115 3162 2355 3219 imprimis
2379 3170 2492 3204 vero
2514 3163 2566 3205 L.
2601 3160 2650 3207 4.
2686 3162 2711 3215 S
2744 3157 2793 3205 7.
2823 3162 2876 3206 D.
2913 3161 2982 3206 de
3015 3172 3204 3217 usurp.
3235 3186 3291 3194 —

1919 3222 2155 3341 {incenis
2173 3227 2221 3271 in
2244 3223 2414 3269 Archiv
2430 3221 2513 3268 fiir
2531 3224 2625 3269 civ.
2650 3223 2730 3270 Pr.
2756 3224 2973 3269 t.xv1n.
2998 3234 3048 3280 p.
3070 3222 3164 3269 299
3186 3235 3294 3282 sqq.

1944 3296 2021 3329 nr.
2046 3287 2128 3342 ιι.)

1986 3344 2064 3404 17)
2099 3345 2672 3404 ι.4.ς19.ῐ).1ι.ι.-
2703 3348 2755 3392 ι..
2784 3344 2913 3401 48.ς
2937 3346 3291 3404 andem.

1923 3420 2030 3456 rer.
2055 3409 2309 3456 dominio.
2324 3410 2439 3464 (XLI
2454 3443 2470 3461 ,
2494 3410 2561 3458 1.)
2581 3409 2698 3465 (vid.
2718 3421 2863 3467 supra
2886 3411 2911 3463 3
2931 3407 3042 3455 25⁴.
3070 3414 3173 3455 not.
3197 3408 3293 3464 5.).

1983 3468 2057 3528 18)
2090 3473 2140 3518 1..
2164 3471 2240 3519 48.
2267 3471 2353 3528 [ai.
2375 3469 2476 3528 494
2497 3474 2521 3526 S
2543 3467 2591 3517 5.
2618 3473 2672 3517 o.
2708 3472 2778 3518 de
2813 3469 2995 3525 furtis.
3023 3473 3204 3529 nvn,
3244 3471 3294 3517 a.

1918 3533 2001 3591 (ct.
2026 3546 2168 3592 supra
2190 3537 2216 3589 S
2239 3531 2349 3579 25⁴.
2375 3538 2477 3580 not.
2501 3531 2590 3590 4.).

1985 3593 2064 3653 19)
2089 3600 2138 3643 L.
2161 3599 2240 3643 33.
2277 3608 2350 3655 pv.
2374 3598 2430 3641 D.
2453 3595 2505 3641 Ιι.
2531 3596 2688 3640 t.—-1..
2724 3591 2803 3642 48.
2827 3596 2852 3649 S
2872 3592 2922 3642 5.
2944 3598 2998 3641 D.
3022 3596 3091 3642 de
3108 3592 3295 3648 (artis.

1924 3658 2102 3712 —(Cf.
2137 3666 2186 3704 et
2206 3662 2253 3705 L.
2294 3657 2371 3707 44.
2392 3660 2416 3712 3
2439 3658 2486 3703 2.
2511 3659 2564 3704 D.
2605 3655 2660 3702 Ιι.
2683 3658 2742 3713 e.)
2764 3680 2826 3690 -
2850 3663 2914 3703 De
2950 3657 3072 3704 furis
3113 3658 3294 3705 herede

1927 3720 2023 3766 vid.
2050 3721 2101 3767 1..
2124 3721 2171 3767 4.
2198 3723 2222 3776 3
2245 3720 2321 3767 15.
2345 3725 2397 3768 D.
2416 3720 2468 3766 Ιι.
2493 3723 2531 3764 t.
2553 3721 2944 3778 —Caeteroquin
2969 3726 3191 3766 veterum
3205 3721 3296 3767 hac

1928 3784 1990 3829 de
2014 3795 2066 3829 re
2095 3786 2535 3830 controversiarum
2566 3783 2761 3837 vestigia
2800 3786 2868 3827 vel
2904 3785 3114 3828 maxime
3145 3795 3296 3840 appa-

1921 3850 2031 3889 rent
2049 3848 2101 3892 L.
2132 3847 2205 3892 10.
2228 3845 2318 3900 32.
2348 3850 2400 3892 D.
2435 3844 2489 3890 Ιι.
2527 3848 2567 3889 t.
2594 3868 2655 3876 —
2681 3846 2731 3889 L.
2771 3840 2817 3889 4.
2855 3858 2929 3903 pr.
2951 3846 3004 3891 D.
3046 3857 3147 3900 pro
3177 3856 3296 3891 suo.

1922 3906 2064 3964 (xm,
2107 3908 2182 3954 10.
2212 3910 2228 3967 )
2254 3934 2307 3942 -
2335 3911 2399 3954 De
2422 3906 2488 3951 rei
2511 3906 2832 3951 hereditariae
2871 3907 3004 3953 furto
3043 3908 3139 3953 vid.
3161 3907 3216 3954 L.
3237 3906 3301 3954 68

1923 3993 1983 4002 -
2005 3967 2085 4015 76.
2112 3973 2165 4016 Ι).
2187 3971 2254 4016 de
2271 3969 2583 4025 furtim—L.
2606 3966 2686 4013 35.
2712 3969 2764 4013 D.
2786 3968 2838 4013 Ιι.
2858 3970 2896 4014 t.
2912 3994 2969 4001 —
2984 3972 3198 4017 Omnino
3212 3982 3297 4015 au·

1925 4036 2023 4076 tem
2041 4033 2107 4077 cf.
2130 4034 2191 4078 de
2210 4038 2399 4090 quaest.
2431 4044 2567 4089 prop.
2602 4032 2871 4075 Pulvaeus
2910 4032 2945 4077 l.
2970 4033 3004 4077 l.
3025 4046 3070 4079 c.
3097 4030 3128 4078 5
3158 4031 3297 4078 -12

1917 4093 1987 4139 de
2010 4097 2207 4150 Κείοις
2231 4093 2434 4141 40-49.
2459 4117 2516 4126 -
2547 4092 2760 4139 Umor-lt.
2795 4095 2820 4148 3
2859 4092 2939 4140 16.
2959 4119 3019 4127 —-
3046 4096 3297 4141 noetian-

1921 4155 2044 4202 tlu'el
2065 4158 2170 4202 Nat.
2189 4160 2238 4203 d.
2264 4163 2414 4213 guten
2442 4156 2683 4203 Glaubens
2704 4158 2730 4211 3
2752 4154 2828 4199 13.
2847 4180 2905 4187 —-
2936 4158 3157 4203 Ualerii.
3185 4170 3297 4202 aus-

1923 4218 2073 4263 fubrl.
2099 4221 2231 4273 Vei-j.
2256 4219 2405 4265 Lehre
2428 4221 2463 4264 1.
2498 4216 2623 4274 367.
2649 4218 2743 4271 ets
2781 4216 2910 4269 121..
2951 4222 3166 4276 itemque
3188 4220 3288 4265 vid.

1923 4293 2047 4339 quae
2058 4280 2184 4327 hanc
2195 4284 2245 4329 in
2259 4294 2360 4328 rem
2371 4293 2516 4340 supra
2527 4280 2571 4337 (3
2586 4276 2696 4325 254.
2710 4284 2813 4325 not.
2829 4277 2954 4340 5.6.)
2970 4284 3154 4340 scripta
3167 4287 3296 4329 sunt.

2508 4406 2534 4459 S
2564 4403 2678 4453 26³.

1995 4527 2039 4585 1)
2066 4530 2114 4574 L.
2140 4532 2217 4575 13.
2252 4542 2325 4588 pr.
2370 4530 2423 4575 D.
2450 4529 2502 4575 Ιι.
2526 4532 2562 4574 c.
2606 4553 2659 4562 -
2699 4530 2751 4575 L.
2785 4525 2829 4574 1.
2865 4529 2918 4575 C.
2941 4541 3209 4576 commun.
3234 4530 3303 4576 do

1933 4603 2083 4637 usuc.
2110 4594 2237 4645 (vll,
2262 4590 2362 4643 30.)
2390 4616 2443 4623 -—
2470 4594 2521 4638 L.
2548 4596 2636 4637 ult.
2660 4596 2713 4639 ι’..
2736 4592 2791 4638 in
2809 4592 2959 4648 quib.
2979 4605 3134 4638 caus.
3155 4604 3293 4638 cess.

1943 4657 1977 4701 l.
2001 4658 2040 4700 t.
2058 4665 2147 4711 pr.
2172 4656 2293 4711 (Vll,
2310 4651 2411 4710 35.)
2446 4679 2505 4687 —
2525 4657 2733 4701 Omnino
2766 4660 2930 4700 autem
2971 4655 3086 4700 huic
3108 4666 3303 4712 quoque

1926 4718 2035 4762 loco
2055 4719 2383 4771 conveniunt,
2415 4729 2543 4774 quae
2575 4717 2636 4762 de
2680 4717 2992 4775 possessionis
3035 4723 3209 4762 natura
3242 4729 3304 4763 ac

1925 4779 2081 4824 causis
2099 4782 2366 4837 generatim
2390 4792 2531 4836 supra
2552 4786 2807 4835 praecepta
2844 4784 2978 4825 sunt.
3002 4803 3064 4811 —-
3088 4780 3194 4823 vid.
3222 4780 3303 4823 in-

1929 4842 2071 4897 prim.
2096 4838 2405 4950 ςᾶὸἵ-Ξέθ.
2429 4849 2478 4889 et
2502 4842 2720 4889 valea-li.
2761 4840 2897 4897 veri.
2918 4840 3077 4889 durch
3101 4841 3310 4897 retices.

1929 4903 2082 4950 Besitz
2106 4906 2132 4959 ς
2154 4904 2297 4950 ist-⁶
2346 4935 2360 4949 .
