3544 5506
533 317 648 377 ⁴80

543 443 710 502 dicio
735 439 834 508 ¹⁵).
870 442 943 498 At
964 452 1120 497 vero
1158 438 1487 497 fraudibus
1519 434 1711 497 etiam
1745 444 2012 500 Praetor
2036 442 2323 501 occurrit
2362 438 2686 514 mulieris,
2721 444 2823 503 vel
2859 446 2941 503 ad
2968 445 3167 505 alium
3207 449 3333 508 dolo

536 544 709 601 malo
748 538 1207 613 possessionem
1252 535 1696 597 transferentis
1727 535 1825 613 ιθ)“,
1863 541 1964 600 vel
1997 541 2362 599 calumniae
2384 557 2614 615 causa,
2645 557 2793 600 cum
2819 558 2896 601 ex
2923 559 3003 602 eo
3030 543 3333 607 maritose

533 655 667 700 non
689 654 826 698 esse
843 645 1304 711 praegnantem
1326 637 1528 709 probe
1550 634 1743 697 sciret
1761 677 1783 710 ,
1810 640 2130 698 bonorum
2156 642 2624 713 possessionem
2646 642 2761 700 sibi
2785 647 3223 716 comparantis
3253 643 3325 718 ¹⁷).

535 740 873 794 Praeterea
906 740 974 790 et
997 733 1232 790 marito
1259 733 1626 790 consultum
1655 740 1751 791 est
1769 773 1786 802 ‚
1810 735 2017 807 quiex
2038 750 2105 793 se
2128 751 2267 795 esse
2290 744 2756 809 praegnantem
2778 753 3048 798 uxorem
3071 743 3329 810 adserat,

533 831 598 889 id
620 831 877 903 quidem
922 831 1025 887 vel
1058 829 1496 887 dissimulante
1531 829 1628 888 vel
1661 836 1940 900 negante
1972 832 2266 894 muliere.
2307 828 2453 905 Cogi
2483 834 2722 892 etenim
2752 835 2857 893 illa
2896 844 3113 908 potest
3133 882 3152 908 ‚
3185 847 3256 897 ut
3283 841 3330 897 in

538 929 1019 989 honestissimae
1052 927 1370 987 foeminae
1404 929 1598 987 domo
1634 929 1840 988 tribus
1871 931 2321 990 obstetricibus
2360 934 2677 1004 probatae
2704 941 2770 992 et
2800 932 2954 992 artis
2988 942 3057 994 et
3085 938 3227 996 fidei
3264 940 3329 996 in·

538 1025 934 1098 spiciendam
957 1039 1026 1082 se
1055 1024 1388 1097 praebeat.
1414 1027 1458 1081 E
1486 1023 1738 1096 quibus,
1766 1025 1815 1082 si
1836 1026 1932 1083 vel
1955 1027 2123 1085 duae
2139 1035 2602 1099 praegnantem
2631 1044 2775 1086 eam
2801 1029 3002 1088 videri
3029 1030 3331 1093 renuntia-

534 1125 748 1185 verint
767 1168 784 1196 ,
815 1125 1083 1198 perinde
1112 1123 1455 1184 adhibendi
1484 1130 1632 1181 sunt
1656 1125 1957 1184 custodes
1973 1170 1990 1196 .‚
2016 1132 2212 1199 atque
2228 1126 2278 1184 si
2305 1121 2443 1199 ipsa
2465 1127 2697 1186 mulier
2714 1129 2779 1187 id
2803 1130 3233 1191 desiderasset
3262 1130 3325 1200 ¹⁸).

534 1226 802 1284 Omnino
830 1224 1055 1296 igitur,
1092 1223 1222 1282 sive
1256 1239 1294 1281 a
1323 1222 1604 1282 mulieris
1635 1219 1769 1282 sive
1796 1241 1831 1282 a
1862 1224 1981 1283 viri
2014 1232 2200 1298 parte
2231 1228 2400 1285 actio
2429 1234 2727 1287 movetur
2749 1272 2766 1300 ,
2801 1235 2869 1286 et.
2898 1237 3131 1288 venter
3161 1233 3331 1306 inspi-

1019 330 1171 372 PARS
1213 328 1372 371 suc-
1413 330 1533 371 un.
1576 328 1665 371 tv.
1707 329 1784 372 DE
1821 329 1975 374 Im
2013 329 2346 378 nomnen
2384 329 2456 372 ET
2494 330 2813 376 rumam.

422 1385 433 1395 ,
532 1323 798 1382 ciendus
816 1366 833 1394 ‚
861 1330 925 1381 et
952 1329 1175 1396 partus
1193 1364 1211 1398 ‚
1235 1328 1374 1381 tum
1404 1322 1538 1395 ipse
1569 1319 1766 1382 etiam
1803 1323 1928 1381 insa
1940 1339 2013 1382 ns
2040 1367 2056 1396 ‚
2083 1326 2523 1386 observandus
2549 1336 2645 1386 est
2662 1369 2680 1395 ‚
2720 1328 2962 1402 quippe
2982 1331 3067 1387 ad
3088 1330 3329 1392 fraudes

534 1420 886 1478 evitandas.
934 1419 1140 1491 quue
1166 1425 1278 1477 aut
1303 1420 1658 1477 secundum
1707 1418 1846 1493 ejus
1879 1419 2195 1492 regionis,
2224 1423 2335 1479 ubi
2374 1439 2478 1481 res
2514 1423 2757 1494 agitur,
2794 1439 3009 1483 mores
3046 1427 3156 1484 fiet
3180 1471 3197 1495 ‚
3236 1435 3331 1486 aut

534 1520 888 1579 secundum
906 1533 1080 1593 eum,
1099 1533 1293 1592 quem
1314 1518 1787 1590 diligentissime
1807 1522 2072 1578 Praetor
2085 1518 2425 1593 descripsit
2439 1523 2702 1581 modum
2721 1528 2917 1596 atque
2934 1524 3224 1583 ordinem
3252 1523 3329 1601 ι’).

3291 1627 3327 1689 :l

618 1799 647 1874 ς
699 1799 846 1860 519.
881 1796 968 1875 11)
1000 1801 1084 1856 De
1106 1797 1255 1876 jure
1293 1797 1613 1875 conjuqali,
1655 1816 1772 1876 qua
1795 1798 1873 1859 ad
1898 1817 2021 1860 rem
2057 1797 2407 1876 familiarem
2431 1806 2647 1879 spectat
2687 1799 2806 1877 (³⁵).
2835 1833 2911 1843 —
2948 1798 3138 1858 Totius
3164 1755 3338 1866 lor‘rt

1222 1893 1561 1952 constitutio
1582 1898 1638 1952 et
1662 1910 1889 1953 summa
1912 1892 2194 1972 quaedam
2204 1902 2510 1973 praecepta
2534 1894 2664 1972 (Ἴ.
3262 1912 3300 1982 ει,

3304 2019 3321 2054 l

618 2156 812 2212 Totus
848 2153 950 2212 hic
990 2155 1172 2213 locus
1213 2154 1278 2211 in
1325 2158 1611 2226 quatuor
1654 2154 1991 2212 commode
2028 2153 2410 2212 describitur
2443 2153 2677 2228 capita.
2714 2153 2993 2211 Primum
3028 2160 3123 2211 est
3160 2153 3236 2212 de
3262 2167 3318 2211 re

536 2252 756 2311 uxoria
771 2292 788 2320 ‚
806 2253 846 2310 i.
870 2268 928 2310 e.
951 2255 1034 2311 de
1051 2255 1201 2312 dote
1222 2296 1240 2328 ‚
1258 2252 1661 2329 <cuiquidem
1684 2268 1839 2324 prae
1857 2254 2128 2312 caeteris
2148 2253 2241 2311 rei
2259 2254 2519 2312 uxoriae
2548 2268 2788 2313 nomen
2824 2253 3128 2310 tribuitur
3156 2252 3232 2324 ¹),
3248 2253 3312 2310 de

537 2353 717 2411 bonis
743 2354 1168 2425 paraphernis
1193 2359 1257 2411 et
1290 2354 1659 2425 receptitiis.
1696 2356 1862 2430 Quas
1890 2355 1957 2412 in
1988 2369 2214 2413 causas
2246 2355 2352 2412 illa
2382 2356 2733 2426 generatim
2764 2350 3065 2413 convenit
3093 2354 3312 2426 regula:

537 2450 966 2523 Quaecunque
990 2449 1054 2505 in
1097 2450 1311 2506 mariti
1340 2449 1536 2507 domo
1567 2448 2017 2517 inveniantur,
2060 2463 2168 2520 ea,
2208 2447 2325 2507 nisi
2373 2456 2485 2507 aut
2525 2450 2921 2509 contrarium
2966 2451 3190 2508 mulier
3223 2450 3313 2505 de·

535 2549 1024 2622 monstraverit,
1057 2556 1169 2606 aut
1199 2547 1486 2606 omnium
1524 2549 1848 2606 bonorum
1876 2549 2146 2627 societas
2193 2549 2362 2608 inter
2388 2549 2695 2626 conjuges
2736 2550 2892 2606 inita
2921 2544 3001 2607 sit
3031 2546 3101 2625 ²),
3138 2546 3316 2607 existi-

537 2643 738 2716 mari,
770 2643 1000 2715 abipso
1027 2658 1164 2701 esse
1186 2643 1420 2701 marito
1449 2643 1546 2699 vel
1572 2643 1739 2715 patri
1764 2643 1902 2717 ejus
1934 2642 2221 2716 profecta
2249 2640 2319 2717 3).
2349 2677 2427 2688 --
2451 2644 2695 2715 Deinde,
2712 2647 2999 2703 secundo
3027 2644 3225 2717 capite
3249 2642 3314 2699 de

536 2743 955 2802 divortiorum
982 2743 1405 2802 incommodis
1425 2760 1443 2819 ;
1478 2743 1668 2801 lertio
1712 2760 1869 2802 vero
1905 2744 1986 2802 de
2021 2744 2092 2802 iis
2125 2740 2410 2818 dicetur,
2457 2762 2624 2818 quae
2654 2746 2888 2804 damna
2919 2746 3315 2805 secundarum

539 2841 908 2914 nuptiarum
935 2848 1206 2916 vocant3
1236 2837 1338 2899 cui
1370 2843 1564 2899 etiam
1597 2843 1937 2915 adjunctus
1968 2850 2064 2902 est
2102 2846 2182 2903 de
2210 2845 2405 2903 lucris
2445 2847 2834 2917 nuptialibus
2867 2848 3069 2905 locus.
3100 2849 3314 2922 Quarto

536 2937 815 3013 denique
845 2942 1057 3014 capite
1092 2943 1173 2999 de
1202 2937 1691 3012 obligationibus
1721 2958 1797 3000 ex
1828 2944 2035 3001 causis
2064 2943 2493 3015 peculiaribus
2541 2944 2707 3001 inter
2730 2945 3037 3018 conjuges
3068 2939 3314 3002 oriendis

535 3036 883 3109 exposituri
918 3052 1137 3095 sumus
1162 3077 1180 3105 ‚
1222 3036 1286 3093 id
1331 3043 1428 3094 est
1469 3038 1551 3095 de
1603 3038 2058 3097 donationibus
2107 3038 2275 3097 inter
2312 3039 2522 3097 virum
2565 3047 2629 3098 et
2672 3056 2980 3116 uxorem,
3028 3041 3109 3098 de
3146 3039 3315 3096 rebus

534 3134 761 3193 amotis
779 3178 796 3206 ‚
823 3135 904 3193 de
923 3129 1124 3207 pactis
1140 3134 1480 3194 dotalibus.
1508 3130 1690 3209 Quae
1716 3138 1976 3209 quidem
1998 3144 2185 3210 pacta
2207 3180 2223 3206 ,
2247 3138 2396 3197 licet
2435 3141 2813 3212 plerumque
2831 3140 2949 3197 sub
2962 3135 3315 3197 matrimonii

535 3230 785 3289 initium
824 3231 1010 3302 flant,
1052 3237 1269 3289 tamen
1301 3230 1449 3289 huic
1482 3230 1740 3289 demum
1780 3232 1923 3291 loco
1971 3230 2363 3304 adsignanda
2391 3250 2529 3293 esse
2558 3235 2949 3313 putavimus,
2983 3229 3126 3292 ideo
3165 3230 3316 3305 quod

534 3328 721 3399 plura
749 3325 821 3385 iis
843 3341 1050 3399 eaque
1090 3327 1305 3397 gravia
1333 3322 1550 3383 insunt
1587 3327 1799 3400 capita
1820 3373 1835 3401 ,
1874 3344 2042 3401 quae
2077 3325 2380 3402 explicari
2410 3333 2564 3390 satis
2597 3331 2873 3391 dilucide
2893 3374 2911 3402 ,
2943 3331 3057 3390 nisi
3084 3346 3161 3389 ea
3188 3334 3315 3387 ante

534 3420 1011 3500 intelligantur,
1042 3441 1210 3499 quae
1242 3420 1441 3499 priori
1464 3426 1606 3486 loco
1635 3442 1674 3485 a
1705 3427 1888 3486 nobis
1919 3428 2224 3502 disposita
2248 3436 2420 3488 sunt.

599 3663 678 3718 15)
713 3665 819 3723 Dig.
841 3662 1089 3719 (xxxvii,
1113 3659 1212 3717 10.)
1229 3664 1279 3707 et
1301 3660 1420 3708 Cod.
1441 3660 1542 3721 (Vl,
1569 3659 1664 3717 17.)
1686 3662 1755 3710 de
1778 3665 1906 3710 Car-

535 3726 769 3776 bonlano
790 3725 944 3773 edict.
982 3749 1040 3759 —
1075 3725 1126 3770 1..
1161 3720 1261 3779 15.s
1294 3723 1341 3770 2.
1382 3726 1436 3770 D.
1472 3725 1524 3772 Ιι.
1560 3729 1600 3772 t.
1635 3723 1901 3782 (cr.s156.

536 3796 640 3836 not.
665 3789 783 3845 11.).
808 3791 997 3835 caeter.
1023 3786 1120 3832 vid.
1147 3788 1198 3832 L.
1220 3784 1268 3832 3.
1292 3787 1317 3841 S
1339 3785 1386 3834 5.
1413 3788 1469 3834 D.
1489 3788 1671 3834 eod.—
1692 3788 1766 3833 Cf.
1793 3800 1904 3834 om·

535 3854 657 3898 nino
689 3853 750 3897 de
773 3852 920 3898 hocce
944 3853 1234 3906 argumento
1268 3849 1333 3895 A.
1371 3852 1470 3897 θα.
1504 3852 1760 3898 foer-ster
1793 3852 1826 3897 Ι.
1865 3852 1899 3896 Ι.

554 3926 588 3959 ι.
611 3912 883 3961 202-241.

538 3925 555 3971 Ι
599 3975 677 4033 16)
712 3978 814 4035 Dig.
839 3973 999 4031 (xxv,
1017 3970 1086 4030 5.)
1109 3970 1155 4017 si
1179 3970 1384 4018 ventris
1422 3972 1635 4020 nomine
1652 3971 1708 4021 in
1726 3983 1908 4030 poses-

534 4037 738 4086 sionem
751 4038 911 4086 missa
920 4034 1105 4081 eadem
1115 4035 1377 4089 possessio
1386 4035 1505 4083 dolo
1516 4037 1654 4082 malo
1663 4036 1909 4085 adolium

542 4101 811 4147 translata
827 4107 947 4145 esse
966 4095 1198 4143 dicatur.

600 4161 676 4219 17)
714 4164 816 4220 Dig.
840 4159 1002 4216 (xxv,
1018 4157 1090 4216 6.)
1110 4158 1158 4204 si
1172 4157 1368 4206 mulier
1391 4160 1598 4208 veneris
1618 4160 1833 4208 nomine
1852 4161 1909 4208 in

531 4225 869 4281 possessione
904 4221 1208 4268 calumniae
1241 4231 1413 4268 causa
1440 4234 1559 4271 esse
1598 4222 1829 4270 dicatur.
1845 4247 1908 4257 —

537 4288 591 4332 1..
609 4284 657 4332 5.
673 4285 722 4333 6.
747 4289 803 4333 D.
825 4285 893 4332 de
910 4282 1017 4342 his,
1041 4282 1135 4341 qui
1152 4285 1264 4329 nol.
1291 4282 1476 4336 inrum.
1502 4284 1685 4343 (1113.)

600 4345 679 4407 18)
712 4350 764 4393 L.
790 4350 837 4394 1.
862 4357 937 4404 pr.
959 4346 985 4400 S
1006 4343 1027 4391 1
1049 4370 1105 4378 -
1127 4344 1177 4391 9.
1198 4346 1252 4390 D.
1274 4345 1342 4391 de
1362 4346 1698 4403 inspiciendo
1715 4350 1904 4395 ventre

534 4409 994 4467 custodiendoque
1006 4410 1192 4463 partu.
1218 4405 1378 4464 (XXV,
1396 4406 1464 4467 4.)

598 4471 678 4532 19)
718 4475 767 4519 L·
794 4474 841 4519 ¹·
863 4474 889 4529 s
909 4472 969 4517 ¹⁰
989 4494 1044 4502 ‘⁸⁸
1082 4467 1161 4516 15·
1187 4471 1241 4515 D·
1267 4470 1322 4515 L·
1340 4469 1373 4516 2
1395 4495 1453 4505 ·-
1475 4468 1526 4519 ⁴0
1548 4472 1603 4519 Do
1624 4470 1692 4519 de
1710 4468 1903 4528 inspzc·

535 4540 749 4595 ventre,
770 4541 868 4581 etc.

1131 4594 1158 4648 s
1189 4589 1304 4641 519.

599 4721 661 4777 (⁸)
692 4722 749 4767 J.
777 4722 829 4767 c.
851 4721 1028 4767 Hasse
1045 4718 1132 4764 das
1143 4717 1765 4777 osterrechtd.t=:heganen
1780 4717 1905 4765 nach

534 4787 660 4829 rom.
685 4783 833 4828 Recht
855 4780 938 4827 Bd.
964 4783 1003 4827 Ι.
1026 4782 1150 4828 Berl.
1191 4778 1334 4830 1824.
1376 4780 1478 4840 (ef.
1509 4783 1633 4830 llall.
1655 4784 1783 4841 Allg.
1812 4783 1904 4828 Lit.

537 4845 658 4891 Zeit.
682 4846 800 4903 Aug.
826 4841 1009 4900 1824).

603 4904 692 4968 (⁸⁸)
724 4907 798 4954 cf.
823 4912 872 4954 et
895 4908 1066 4954 flasse
1086 4906 1123 4954 1.
1146 4906 1182 4955 1.
1203 4906 1229 4960 S
1247 4902 1297 4953 7.
1320 4902 1369 4954 8.

2033 3664 2080 3721 1)
2113 3663 2223 3711 Vid.
2252 3675 2296 3711 v.
2321 3676 2365 3710 c.
2392 3666 2418 3719 S
2441 3661 2519 3710 29.
2554 3667 2591 3711 Ι.
2614 3663 2683 3710 de
2703 3668 2886 3711 ace.-
2909 3664 2962 3709 1..
2991 3676 3077 3709 nn.
3100 3662 3152 3709 C.
3172 3661 3319 3707 dem

1967 3737 2124 3772 uxor.
2151 3730 2254 3773 act.
2283 3727 2372 3784 (V,
2394 3728 2504 3784 13.)
2532 3751 2593 3760 —
2615 3728 2726 3773 vat.
2754 3729 2830 3772 Fr.
2856 3728 2882 3781 ς
2900 3725 2985 3773 9⁴.
3010 3724 3121 3783 102,
3145 3722 3246 3772 112.
3266 3740 3315 3752 -

1967 3788 2040 3834 Cf.
2065 3793 2115 3834 et
2134 3786 2390 3835 Boethius
2414 3790 2460 3835 in
2485 3791 2610 3849 'l'op.
2634 3790 2733 3835 Cic.
2755 3800 2800 3834 c.
2826 3787 2904 3836 17.
2928 3791 2969 3845 Ι,
2991 3787 3042 3835 6.

2027 3851 2077 3907 2)
2113 3848 2268 3897 1..16.
2293 3853 2318 3905 s
2340 3849 2389 3896 5.
2412 3853 2467 3897 o.
2491 3852 2559 3898 ae
2580 3851 2815 3899 nument.
2841 3852 3002 3909 teque.
3027 3830 3242 3907 (xxxa),
3260 3841 3316 3899 ¹.)

1974 3914 2087 3958 —L.
2114 3914 2161 3959 1.
2184 3913 2210 3967 S
2241 3912 2285 3959 1.
2311 3915 2363 3960 1..
2384 3913 2428 3956 2.
2460 3915 2512 3960 D.
2530 3927 2630 3970 pro
2652 3924 2763 3960 soc.
2785 3915 2947 3971 (lel‚
2967 3915 3036 3971 Ξ.)
3355 3948 3359 3953 .

2035 3976 2084 4031 3)
2117 3976 2228 4032 Arg.
2254 3976 2307 4021 1..
2328 3972 2408 4020 51.
2432 3976 2488 4022 o.
2507 3976 2574 4023 de
2593 3977 2719 4022 don.
2742 3974 2839 4021 int.
2861 3977 2932 4022 V.
2952 3981 3010 4023 ee
3031 3977 3090 4022 v.
3123 3971 3140 4026 (
3156 3968 3285 4015 XXIV
3303 3999 3319 4018 ·

1974 4037 2042 4093 1.)
2054 4038 2100 4094 (ιι
2114 4038 2321 4092 Quintus
2332 4038 2516 4083 Mucius
2532 4039 2601 4084 ait
2621 4054 2633 4082 :
2658 4050 2770 4083 eum
2791 4039 2839 4082 in
2863 4034 3235 4086 controversiam
3246 4041 3318 4073 re·

1974 4100 2069 4157 nit,
2087 4100 2219 4146 unde
2237 4100 2300 4145 ad
2322 4099 2575 4145 mulierem
2591 4100 2708 4157 quid
2728 4104 3023 4159 pervenerit,
3044 4105 3093 4146 et
3111 4096 3263 4140 verius
3279 4094 3321 4135 el

1974 4159 2227 4208 honestius
2249 4167 2324 4207 est
2342 4162 2472 4218 quod
2494 4174 2592 4208 non
2614 4162 3145 4221 demonstratur‚unde
3158 4156 3322 4203 habeat

1970 4224 2262 4280 existimari,
2285 4234 2314 4268 a
2337 4226 2459 4277 viro,
2482 4228 2566 4269 ant
2605 4223 2689 4281 qui
2732 4224 2784 4269 in
2813 4228 3054 4280 potestate
3075 4225 3177 4280 ejus
3207 4220 3322 4263 esset

1971 4284 2089 4342 [aut
2107 4289 2263 4342 cnjus
2296 4284 2354 4333 in
2373 4287 2481 4341 poe.
2516 4286 2564 4332 is
2599 4284 2772 4342 esset]
2813 4286 2875 4332 ad
2910 4298 3021 4333 eam
3046 4281 3319 4344 pervenisse·

1968 4348 2190 4394 Evitandi
2211 4352 2377 4394 alitem
2390 4349 2544 4405 turpis
2558 4354 2791 4406 quaestus
2806 4348 2964 4403 gratia
2987 4350 3113 4394 circa
3134 4348 3318 4391 uxorem

1966 4407 2058 4455 hoc
2080 4410 2271 4455 videtur
2292 4411 2382 4466 Qu.
2418 4410 2605 4456 Mucius
2644 4409 2894 4466 probasse.
2921 4427 2943 4450 ι»
2971 4434 3030 4443 -
3053 4410 3128 4455 cf.
3160 4396 3323 4451 Plauti

1966 4472 2128 4518 casin.
2152 4474 2212 4529 11,
2232 4474 2279 4518 2.
2304 4483 2347 4518 ν.
2370 4469 2600 4529 26-29.)
2617 4475 2666 4517 et
2687 4472 2736 4516 1..
2758 4470 2808 4517 6.
2828 4471 2884 4517 C.
2906 4472 3027 4519 eod.
3050 4472 3136 4527 (V,
3158 4465 3252 4515 16.)
3271 4486 3320 4497 -

1969 4534 2121 4590 Quam
2144 4536 2342 4593 quidem
2364 4533 2619 4582 Muciana
2635 4536 3086 4589 praesumtionem
3099 4565 3115 4595 ,
3133 4537 3188 4575 nt
3204 4536 3322 4575 ⁰⁰⁰⁶

1968 4608 2143 4642 vocare
2180 4598 2333 4643 solent
2355 4630 2371 4655 ‚
2414 4599 2475 4643 ad
2518 4598 2659 4654 longe
2681 4597 2830 4641 aliam
2864 4607 3060 4642 causam
3084 4596 3200 4641 olim
3222 4600 3321 4660 spe·

1967 4663 2140 4715 classe,
2163 4664 2310 4717 atque
2331 4672 2438 4705 eam
2458 4671 2562 4704 esse
2579 4693 2593 4711 ,
2629 4659 2691 4705 de
2712 4669 2809 4715 qua
2848 4656 2931 4704 hic
2965 4658 3214 4715 quaeritur
3232 4686 3248 4710 ‚
3279 4651 3322 4695 td

1969 4721 2217 4766 neminem
2238 4722 2410 4778 lugiet.
2437 4745 2492 4755 —-
2518 4723 2594 4768 cf.
2618 4722 2674 4767 J.
2700 4722 2759 4765 F.
2782 4719 3075 4767 Eisenlaart
3096 4721 3148 4764 D.
3170 4718 3230 4763 de
3251 4723 3322 4758 ra-

1968 4784 2080 4840 gula
2097 4783 2219 4838 iuris
2243 4815 2259 4841 ‚
2282 4785 2413 4842 quod
2457 4784 2508 4830 in
2535 4795 2648 4830 casu
2684 4782 2834 4831 dubio
2869 4784 3034 4829 omnia
3073 4781 3198 4826 bona
3233 4785 3325 4821 ma·

1962 4846 2042 4890 riti
2098 4857 2201 4891 esse
2252 4848 2605 4903 praesumenda
2658 4846 2752 4891 sint
2778 4878 2794 4900 ,
2842 4851 2984 4892 caute
3037 4837 3323 4889 adhibenda·

1962 4907 2168 4955 Helmst.
2206 4905 2346 4958 1771.
2384 4933 2441 4941 --
2479 4908 2637 4955 Gltick
2672 4907 2823 4955 Pand.
2860 4919 2911 4967 p.
2934 4904 3030 4955 :³90
3046 4917 3119 4964 sq.
