3544 5506
2981 294 3094 350 549

282 412 498 487 nium,
531 412 632 470 vel
652 411 990 470 adversam
1015 407 1449 471 valetudinem
1470 455 1488 488 ,
1520 414 1623 472 vel
1645 414 1892 473 senium
1914 414 2141 472 aetatis
2166 429 2285 487 par
2307 429 2438 473 non
2463 419 2559 473 est
2581 412 3095 476 administrandis

283 512 479 570 rebus
505 511 587 581 2);
616 509 895 583 denique
923 509 1016 584 ei,
1043 511 1151 583 qui
1179 519 1294 570 aut
1319 520 1652 585 suspectus
1689 515 2049 586 postulatus
2082 519 2213 585 est,
2247 519 2363 571 aut
2389 509 2675 585 alioquin
2699 528 2830 572 non
2859 530 2936 573 ex
2969 516 3093 575 lide
3171 549 3172 552 =

288 625 521 683 gerere
551 616 853 669 censetur
868 607 935 683 8).
961 611 1197 688 Quibus
1230 608 1297 670 in
1320 613 1525 671 causis
1549 613 1631 671 ad
1656 614 1958 673 universa
1995 614 2216 687 pupilli
2246 613 2504 685 negotia
2531 613 2670 670 dari
2694 615 2857 673 solet
2885 614 2956 682 is,
2984 615 3091 688 qui

284 706 693 764 substituitur
704 707 805 765 vel
825 706 1213 780 adjungitur,
1227 707 1511 780 quamvis
1528 710 1782 768 sublato
1808 709 2288 785 impedimento,
2311 709 2361 766 si
2389 710 2561 782 quod
2587 704 2705 767 fuit
2727 711 2806 767 ad
2843 715 3093 784 tempus

285 806 634 873 duntaxat,
666 820 889 863 rursus
916 806 1100 864 desiit
1132 822 1268 865 esse
1295 813 1474 866 tutor
1501 801 1574 883 ι).
1611 809 1812 866 Datur
1845 815 2061 867 autem
2098 824 2569 881 nonnunquam
2605 809 2684 866 ad
2712 815 2925 866 certas
2951 815 3092 868 tan-

283 904 622 963 tummodo
648 918 873 963 causas
903 911 1210 978 certaque
1253 906 1508 978 negotia
1529 950 1547 977 ,
1601 909 1779 965 velut
1802 909 1885 966 ad
1913 924 1990 966 ea
2010 947 2026 976 ,
2059 924 2226 981 quae
2263 908 2430 966 inter
2475 908 2682 989 ipsum
2730 911 3094 981 peragenda

280 1006 437 1060 sunt
457 1005 739 1059 tutorem
774 1006 842 1058 et
864 1002 1177 1073 pupillum
1203 996 1281 1076 ⁵).
1311 1006 1388 1060 At
1429 1018 1557 1062 non
1590 1003 1726 1062 fere
1771 1011 2023 1063 tutores
2049 1006 2221 1077 apud
2252 1007 2570 1063 Romanos
2612 1004 2948 1075 subrogari
2975 1006 3090 1062 ad-

277 1102 541 1176 jungive
562 1100 857 1160 solebant
875 1146 891 1173 ‚
917 1102 1029 1159 sed
1056 1107 1394 1161 curatores
1412 1150 1427 1173 ,
1448 1099 1687 1163 scilicet
1702 1106 2185 1165 accommodate
2215 1106 2293 1163 ad
2323 1105 2639 1164 rationem
2665 1103 2835 1161 illam
2867 1124 2883 1162 ε
2914 1110 3090 1164 tuto-

282 1211 425 1256 rem
450 1196 708 1255 habenti
730 1212 859 1256 non
873 1211 1009 1256 esse
1026 1198 1313 1255 dandum
1329 1205 1607 1258 tutorem
1633 1195 1707 1273 θ).
1735 1201 1932 1272 Igitur
1955 1207 2134 1260 tutor
2148 1201 2568 1260 nondabatur
2584 1242 2602 1269 ,
2629 1199 2810 1257 nisisi
2837 1201 3093 1272 negotia

282 1296 678 1370 expedienda
720 1303 931 1355 essent
964 1296 1312 1374 ejusmodi,
1350 1314 1516 1371 quae
1554 1300 1733 1359 nullo
1766 1301 1963 1359 modo
1995 1316 2113 1373 per
2152 1307 2488 1359 extraneas
2517 1299 2794 1371 expediri
2833 1307 3095 1372 possent

279 1403 591 1467 personas
615 1389 689 1466 ⁷),
719 1408 839 1451 nec
864 1407 1024 1451 vero
1067 1394 1317 1452 adesset
1358 1395 1593 1454 tutoris
1618 1395 1893 1454 vicarius
1931 1392 2302 1470 adjutor-ve,
2334 1395 2448 1469 qui
2468 1410 2578 1465 ea,
2620 1410 2787 1468 quae
2813 1393 3091 1469 pupillus

286 1494 544 1561 ageret,
585 1488 1037 1546 moderaretur
1062 1484 1330 1548 consilio
1377 1504 1622 1563 suaque
1660 1491 1946 1549 firmaret
1987 1493 2397 1550 auctoritate.
2441 1493 2723 1564 Namque
2759 1492 3095 1550 eveniebat

282 1583 536 1660 saepius
557 1630 573 1657 ‚
607 1594 680 1645 ut
700 1634 715 1659 ,
748 1587 856 1660 qui
887 1603 1294 1661 nequaquam
1343 1596 1557 1647 essent
1599 1591 1795 1648 rebus
1829 1586 2345 1649 administrandis
2387 1587 2602 1649 idonei
2634 1596 2747 1647 aut
2792 1588 3093 1649 facultate

285 1695 400 1747 aut
424 1690 547 1747 fide
568 1733 583 1760 ,
611 1695 827 1746 tamen
849 1688 1287 1747 retinerentur
1315 1695 1564 1750 tutores
1587 1734 1603 1760 ,
1639 1692 1991 1750 dummodo
2019 1692 2389 1750 auctoritati
2421 1687 2933 1762 interponendae
2962 1690 3092 1749 sul*-

285 1788 554 1845 licerent
599 1785 782 1862 (not.
825 1786 886 1843 2.
920 1783 1044 1858 5.).
1079 1788 1382 1844 Poterant
1416 1787 1611 1844 etiam
1649 1793 1931 1856 tutores,
1978 1794 2049 1845 ut
2090 1802 2208 1846 suo
2256 1788 2372 1845 sibi
2410 1787 2698 1859 periculo
2741 1787 2998 1857 singulis
3024 1789 3090 1845 in

283 1886 490 1946 causis
532 1886 805 1944 certisve
846 1900 1187 1942 causarum
1243 1882 1581 1956 generibus
1623 1883 2174 1945 constituerentur
2226 1886 2587 1960 adjutores,
2633 1901 2672 1943 a
2716 1885 3090 1956 magistratu

285 1983 668 2056 impetrare,
695 1980 923 2054 quibus
951 1981 1175 2038 eadem
1207 1977 1328 2039 illis
1352 1977 1416 2038 in
1442 1983 1631 2040 rebus
1662 1977 1957 2053 gerendis
1984 1988 2151 2041 esset
2174 1987 2454 2054 potestas
2489 1987 2684 2053 atque
2713 1982 3086 2058 auctoritas,

286 2085 363 2136 ut
386 2075 532 2151 ipsis
560 2077 917 2152 tutoribus;
955 2076 1180 2147 hique,
1205 2075 1257 2133 si
1298 2072 1556 2148 quidem
1584 2078 1664 2134 ad
1704 2076 1843 2135 lites
1877 2078 2271 2150 peragendas
2317 2077 2661 2148 darentur,
2697 2081 2949 2134 actores
2975 2092 3090 2149 ap-

284 2179 504 2251 pellati
535 2183 682 2235 sunt
698 2218 715 2246 ,
749 2191 880 2235 non
902 2174 1334 2233 confundendi
1356 2175 1442 2234 illi
1461 2177 1718 2249 quidem
1739 2192 1889 2235 cum
1914 2176 2464 2249 procuratoribus,
2489 2177 2663 2250 quod
2684 2183 2826 2234 erat
2852 2191 3090 2234 nomen

286 2292 546 2348 eorum,
578 2276 687 2349 qui
712 2283 860 2334 sunt
883 2281 995 2333 aut
1025 2276 1107 2332 ab
1136 2269 1283 2347 ipsis
1306 2276 1556 2348 pupillis
1588 2276 1821 2335 tutoris
1851 2278 2197 2335 accedente
2226 2276 2607 2334 auctoritate
2626 2314 2642 2343 ,
2674 2281 2786 2333 aut
2812 2292 2851 2333 a
2875 2280 3091 2334 tutore

285 2383 432 2449 post
459 2376 630 2435 litem
666 2380 1092 2435 contestatam
1115 2374 1245 2431 dati
1268 2381 1416 2433 sunt
1440 2373 1511 2448 ⁸).

1185 303 1320 347 cu.
1361 305 1458 347 111.
1498 305 1576 347 DE
1613 305 1843 348 'mma
1878 305 1956 347 13⁹1·
1994 305 2185 348 cmm.
2221 343 2226 348 .

1254 2549 1449 2623 §598.
1481 2552 1558 2609 11.
1588 2551 1672 2609 De
1694 2548 2107 2609 cantatoribus.

369 2729 744 2789 contutores
768 2744 881 2790 eos
908 2745 1071 2791 voco
1092 2776 1109 2803 ‚
1134 2732 1328 2806 quiin
1353 2727 1543 2791 unius
1566 2732 1787 2806 pupilli
1810 2729 1995 2791 simul
2024 2736 2425 2791 concurrunt
2450 2728 2650 2788 tutela
2671 2774 2688 2803 ‚
2713 2728 2835 2787 hoc
2866 2733 3080 2800 pacto,

283 2832 356 2883 ut
388 2843 522 2886 non
555 2829 859 2888 vicariam
894 2832 1202 2890 duntaxat
1244 2839 1438 2906 atque
1483 2833 1866 2907 adjutoriam
1910 2846 2177 2905 operam
2208 2834 2371 2890 alter
2408 2834 2691 2903 praestet
2729 2827 2931 2885 alteri.
2974 2826 3090 2903 Qui

284 2922 541 2993 quidem
581 2921 670 2983 ita
708 2942 1173 3000 nonnunquam
1208 2929 1726 3003 constituuntur,
1766 2934 1840 2986 ut
1874 2942 2135 2999 prorsus
2178 2928 2358 2984 nulla
2395 2925 2561 2983 inter
2589 2939 2700 2982 eos
2735 2919 3088 2981 intercedat

281 3022 750 3096 conjunctionis
777 3029 975 3097 ratio,
1000 3030 1295 3102 adeoque
1326 3029 1612 3103 ejusdem
1645 3024 1866 3102 pupilli
1902 3008 2192 3085 diversae
2222 3028 2348 3085 sint
2377 3021 2614 3090 tutelae,-
2644 3024 2707 3081 id
2730 3024 2900 3096 quod
2935 3037 3084 3095 per-

284 3133 438 3176 raro
482 3120 583 3195 fit,
617 3138 735 3180 nec
767 3123 951 3181 aliter
989 3120 1106 3182 nisi
1155 3126 1405 3196 amplae
1440 3125 1563 3182 sint
1592 3123 1815 3197 pupilli
1855 3122 2224 3188 facultates,
2265 3135 2511 3193 eaeque
2547 3120 2673 3177 late
2704 3113 2966 3177 diffusae
3013 3116 3083 3188 ¹).

282 3219 662 3296 Plerumque
700 3224 890 3296 igitur
917 3222 1131 3297 plures
1159 3227 1394 3283 dantur
1429 3223 1713 3301 ejusdem
1744 3218 2109 3297 patrimonii
2138 3227 2415 3289 tutores,
2449 3225 2514 3276 at
2554 3219 2800 3307 diversa
2835 3216 3086 3290 saepius

281 3318 535 3377 ratione
558 3362 575 3388 ,
614 3324 853 3382 scilicet
880 3332 953 3382 ut
983 3325 1084 3382 alii
1121 3331 1414 3396 gerentes
1452 3325 1577 3384 sint
1597 3366 1614 3389 ,
1646 3319 1750 3381 alii
1783 3339 1915 3382 non
1949 3327 2277 3394 gerentes3
2314 3319 2498 3393 cujus
2530 3318 2785 3390 quidem
2823 3333 3082 3389 separa-

280 3414 471 3472 tionis
504 3414 833 3478 faciendae
863 3436 992 3479 non
1013 3438 1141 3479 una
1173 3428 1383 3494 potest
1405 3436 1541 3479 esse
1567 3434 1761 3479 causa
1789 3415 1857 3491 2).
1894 3420 1967 3476 Et
1995 3417 2105 3489 qui
2138 3431 2269 3475 non
2299 3419 2531 3485 gerunt
2548 3414 2846 3481 tutelam,
2878 3411 3083 3471 hono-

276 3511 433 3568 rarii
453 3516 860 3587 appellantur
885 3524 1131 3576 tutores
1162 3513 1210 3591 ³)
1236 3536 1254 3593 3
1283 3513 1393 3589 qui
1420 3516 1569 3575 licet
1590 3530 1708 3574 nec
1736 3512 2219 3572 administrandi
2246 3524 2364 3568 nec
2388 3504 2784 3568 auctoritatis
2804 3508 3084 3581 interpo-

1705 3717 1783 3764 pr.
1810 3710 1863 3754 D.
1887 3706 1955 3754 de
1976 3705 2117 3753 adm,
2143 3708 2245 3752 tut.
2272 3703 2455 3762 (xxvi,
2472 3699 2664 3759 ⁷.)-1..
2688 3702 2765 3746 11.
2790 3701 2842 3745 C.
2867 3700 2934 3746 de
2953 3710 3079 3755 pro-

1706 3780 1824 3816 cur.
1848 3769 1865 3827 (
1885 3772 1949 3828 ll,
1970 3767 2047 3815 13.
2073 3771 2089 3826 )
2114 3793 2168 3802 —
2191 3769 2243 3814 L.
2285 3763 2334 3812 6.
2384 3766 2439 3810 Ι).
2484 3764 2701 3822 quando
2721 3775 2795 3810 ex
2810 3762 2958 3815 facto
2985 3762 3074 3807 rel.

1705 3831 1888 3887 (xxvl
1914 3865 1929 3885 ,
1971 3829 2061 3887 9.)
2087 3854 2146 3864 --
2171 3830 2248 3876 ef.
2299 3827 2610 3883 Theophilus
2649 3826 2711 3871 ad
2776 3828 2803 3881 S
2842 3825 2889 3872 6.
2936 3827 2973 3872 l.
3018 3824 3080 3868 de

1705 3894 1992 3940 cun—mr.
2017 3891 2205 3940 Huber
2222 3891 2354 3949 Digr.
2380 3890 2558 3935 Justin.
2575 3891 2627 3935 P.
2647 3889 2706 3935 li.
2733 3891 2835 3935 Lib.
2861 3891 2895 3934 Ι.
2921 3900 2967 3935 c.
2999 3883 3093 3983 27..

1712 3954 1880 4011 §LE

351 3699 399 3754 2)
423 3701 474 3746 t..
497 3703 546 3746 3.
567 3700 615 3750 5.
633 3706 688 3750 c.
705 3704 758 3751 lt.
785 3708 942 3753 t.-1..
966 3708 1044 3755 15.
1067 3677 1221 3766 prsso.
1244 3709 1311 3756 de
1334 3712 1434 3755 eut.
1458 3706 1643 3764 (xxvi,

281 3760 353 3816 1.)
382 3777 434 3794 -
453 3763 505 3808 Ι..
524 3765 600 3811 10.
627 3767 653 3820 S
670 3766 718 3812 8.
744 3769 798 3816 D.
819 3768 887 3815 de
907 3781 1092 3818 exous.
1134 3772 1345 3830 (XXVH,
1368 3771 1437 3829 1.)
1471 3794 1527 3802 —
1564 3770 1641 3816 Cf.

275 3824 304 3876 S
326 3820 440 3869 599.
466 3826 673 3874 uot.11.
701 3828 778 3877 12.

343 3883 392 3942 ὅ)
417 3887 466 3933 L.
489 3886 535 3934 4.
560 3892 614 3937 C.
635 3891 689 3937 Ιι.
710 3897 749 3939 t.
789 3920 842 3929 -
880 3894 932 3939 1..
951 3892 1000 3940 6.
1018 3892 1067 3941 7.
1090 3896 1142 3940 C.
1165 3895 1235 3941 de
1256 3907 1401 3951 susp.
1425 3894 1525 3941 tut.
1544 3893 1561 3949 (
1580 3894 1641 3951 V,

275 3943 561 4004 ⁴3.)-1..9.
584 3954 638 3998 D.
663 3953 732 4001 de
752 3966 898 4010 susp.
924 3959 1024 4002 tue.
1040 3958 1227 4017 (ΧΧῪΙ,
1248 3958 1467 4015 10.)--Ι..
1490 3956 1541 4005 5.
1561 3956 1648 4010 94.

276 4010 336 4054 Ι).
365 4009 434 4057 de
454 4014 596 4060 adm.
619 4018 717 4063 tue.
740 4018 926 4073 (xxvl,
946 4016 1018 4076 7.)

349 4070 398 4128 4)
420 4074 448 4127 S
470 4075 517 4122 1.
540 4074 589 4122 2.
612 4079 649 4123 Ι.
669 4078 736 4124 de
756 4079 885 4125 Am.
913 4084 1079 4126 tut.—
1102 4080 1209 4126 vid.
1235 4087 1284 4126 et
1304 4083 1358 4128 L.
1387 4080 1460 4128 13.
1489 4095 1564 4139 pr.
1591 4084 1645 4129 D.

276 4136 353 4183 de
391 4135 490 4183 tut.
524 4140 656 4184 verb.
680 4156 692 4185 ε
742 4155 766 4182 ιι
793 4142 876 4198 qui
915 4144 1071 4199 magis
1093 4142 1463 4190 administrator
1482 4157 1648 4191 rerum

2306 4077 2332 4131 S
2371 4072 2484 4123 598.

276 4209 433 4256 quam
458 4206 655 4247 curator
673 4214 775 4247 esse
795 4203 1138 4262 intelligitur».
1160 4206 1256 4262 (Cf.
1272 4207 1431 4266 (ih-ad
1453 4206 1503 4252 h.
1529 4208 1648 4265 l.)—

282 4264 337 4307 1..
364 4259 443 4306 10.
467 4264 494 4317 s
515 4262 562 4309 8.
589 4263 723 4310 D.de
742 4276 930 4311 eoecus.

346 4320 435 4378 5)S
454 4325 504 4369 3.
528 4325 564 4371 l.
588 4326 656 4371 de
677 4331 821 4374 auce.
846 4330 945 4373 tue.
1010 4329 1127 4374 Nov.
1152 4326 1232 4375 72.
1256 4340 1303 4377 c.
1323 4328 1373 4375 2.

345 4383 394 4440 6)
412 4384 499 4439 §5-
526 4388 562 4433 1.
586 4387 967 4437 ‹tecuam—L.
988 4388 1069 4437 27.
1109 4403 1185 4449 pr.
1230 4392 1284 4436 D.
1307 4392 1377 4438 de
1398 4395 1515 4439 test.
1541 4397 1641 4441 tut.

277 4448 427 4504 (le,
452 4449 637 4503 2.)-l..
661 4452 739 4497 10.
781 4454 835 4498 Ι).
874 4453 943 4500 de
964 4456 1063 4498 tut.
1097 4456 1150 4498 et
1174 4463 1294 4499 cur.
1317 4454 1433 4500 dat.
1459 4456 1643 4512 (xxvi,

278 4508 471 4566 5.)—1..
491 4507 541 4557 4.
562 4512 616 4559 C.
636 4513 688 4559 Ιι.
715 4517 899 4563 τ.-ΟΙ’.
918 4518 970 4562 L.
992 4514 1071 4561 10.
1104 4516 1158 4561 C.
1181 4516 1279 4573 qui
1298 4517 1433 4563 dare
1454 4520 1555 4565 tut.
1592 4530 1643 4564 v.

206 4612 213 4617 .
277 4585 402 4620 cur.
420 4584 562 4628 poss.
587 4573 780 4634 (V‚54.)
802 4584 851 4623 et
876 4577 1079 4635 Cnjacii
1097 4578 1203 4625 obs.
1228 4580 1371 4633 xvu,
1397 4578 1446 4626 6.

344 4631 395 4691 7)
416 4636 467 4680 1..
492 4634 571 4682 19.
593 4638 648 4682 D.
667 4637 734 4685 tle
755 4645 897 4688 auct.
922 4643 1019 4687 tue.
1043 4639 1228 4696 (XXVI,
1246 4640 1433 4697 8.)—-1..
1450 4639 1529 4689 17.
1552 4645 1579 4699 S
1595 4642 1640 4690 1.

280 4698 341 4743 Ι).
366 4696 437 4745 de
457 4700 705 4754 appellat.
729 4703 902 4753 (XLIX,
926 4701 1639 4759 1.)-Tueor1²raecorianus.

286 4759 405 4815 lup.
450 4760 521 4805 Fr.
562 4762 623 4807 ΧΙ
647 4794 661 4819 ,
684 4760 764 4809 24.
801 4765 1108 4820 (Zimmem
1130 4765 1267 4814 Rom.
1304 4767 1357 4814 R.
1392 4769 1450 4814 G.
1485 4764 1640 4823 525⁴.

276 4832 332 4881 p.
357 4819 634 4879 877.)—Cl⁷.
658 4824 684 4877 S
705 4821 815 4871 592.
833 4831 936 4874 not.
961 4829 1006 4874 1.

344 4882 395 4944 8)
431 4885 482 4931 Ι..
505 4885 581 4933 13.
605 4887 634 4943 ς
656 4887 701 4934 1.
723 4889 777 4935 D.
801 4887 854 4936 Ιι.
876 4890 917 4938 t.
945 4915 999 4924 -
1024 4888 1116 4947 96.
1141 4893 1174 4938 l.
1195 4890 1393 4940 ἄεσαν.
1418 4892 1542 4940 -Ι..
1560 4889 1641 4940 24.

1776 4204 1822 4261 1)
1847 4205 1899 4250 Ι..
1925 4201 2004 4250 15.
2024 4204 2080 4249 D.
2104 4202 2171 4249 de
2194 4205 2312 4249 test.
2336 4203 2432 4249 tut.
2456 4200 2619 4257 (xxvi
2644 4234 2660 4262 ‚
2677 4201 2864 4257 2.)—L.
2887 4197 2968 4245 27.
2994 4210 3069 4256 pr.

1710 4269 1767 4314 D.
1803 4266 1870 4312 de
1889 4269 1986 4312 tul.
2010 4266 2124 4311 dat.
2151 4266 2310 4323 (xxvi
2328 4300 2343 4325 ‚
2365 4262 2554 4320 5.)—1..
2575 4262 2655 4310 21.
2698 4265 2724 4318 S
2744 4262 2794 4309 Ξ.
2818 4264 2870 4308 Ι).
2896 4261 2962 4308 de
2983 4272 3078 4307 ex·

1708 4341 1825 4378 cus.
1850 4329 2054 4386 (xxvii.
2077 4326 2143 4383 1.)

1769 4392 1818 4448 2)
1840 4393 1889 4437 1..
1912 4390 1960 4436 ὃ.
1979 4388 2062 4446 (56.
2089 4391 2142 4434 D.
2165 4388 2234 4436 de
2254 4388 2397 4435 adm.
2424 4391 2522 4435 tul.
2543 4387 2713 4440 xxvl,
2732 4383 2784 4433 7.
2810 4385 2932 4439 (α-
2953 4394 3069 4456 sane

1708 4455 1841 4500 enim
1863 4454 2050 4498 facilius
2074 4463 2197 4497 unus
2221 4456 2354 4498 tutor
2367 4457 2417 4497 et
2435 4451 2651 4497 actiones
2671 4454 2864 4495 exercet
2877 4455 2924 4494 et
2938 4459 3073 4493 exci-

1708 4518 1802 4574 pit,
1827 4528 1887 4561 ne
1911 4528 1996 4573 per
2019 4516 2196 4560 mullos
2216 4516 2370 4560 tutela
2393 4511 2851 4571 spargaturn).—L.
2875 4508 2951 4557 14.
2977 4511 3003 4565 ς
3025 4509 3070 4555 1.

1707 4581 1761 4625 Ι).
1786 4579 1854 4624 de
1877 4578 2036 4623 solut.
2059 4578 2235 4633 (XLVI,
2257 4574 2328 4633 5.)
2348 4601 2404 4608 —
2427 4577 2452 4631 S
2474 4575 2519 4622 1.
2545 4576 2582 4620 Ι.
2604 4576 2673 4622 de
2692 4572 2876 4620 sati-sd.
2900 4575 2997 4619 eut.
3020 4574 3073 4617 ee

1705 4641 1944 4689 cun-L.
1963 4638 2014 4686 ὅ.
2033 4641 2058 4695 S
2078 4637 2125 4684 7.
2152 4636 2200 4684 8.
2225 4640 2276 4685 Ι).
2298 4639 2368 4685 de
2387 4637 2527 4684 adm.
2555 4638 2808 4693 eut-sa.
2824 4636 2939 4683 eod.

1766 4702 1817 4761 ὃ)
1837 4703 1887 4748 1..
1909 4700 1958 4747 ὃ.
1982 4703 2008 4757 S
2031 4704 2078 4747 2.
2100 4702 2154 4746 D.
2180 4700 2247 4748 de
2268 4701 2407 4746 adm.
2435 4701 2537 4747 tue.
2563 4725 2621 4733 —
2663 4700 2905 4744 Vocantur
2925 4697 3071 4742 etiam

1707 4763 1924 4813 honoris
1941 4774 2113 4811 causa
2133 4767 2341 4811 tutores
2358 4762 2507 4823 dati,
2533 4763 2662 4808 velut
2700 4762 2751 4806 L.
2796 4761 2876 4808 60.
2902 4761 2926 4816 ς
2948 4760 2993 4804 2.
3018 4760 3073 4804 D.

1706 4829 1777 4876 de
1795 4829 1858 4875 R.
1882 4826 2148 4884 N.(xxl11,
2166 4826 2239 4884 Β.)
2264 4848 2327 4861 --
2361 4828 2416 4872 L.
2438 4825 2517 4874 26.
2540 4827 2566 4881 S
2591 4826 2639 4870 1.
2661 4826 2714 4870 D.
2734 4823 2805 4871 de
2823 4826 2943 4871 test.
2968 4823 3067 4868 tue.

1707 4916 1766 4926 —
1803 4892 1854 4937 L.
1880 4887 1958 4937 14.
1993 4885 2019 4939 S
2039 4890 2084 4938 1.
2126 4891 2180 4937 Ι).
2204 4893 2273 4939 de
2294 4890 2448 4939 solue.
2487 4914 2548 4925 --
2588 4887 2660 4936 Cf.
2695 4887 2864 4935 Loem·
2896 4884 3071 4934 Archiv
