3544 5506
488 302 602 360 604
1181 318 1328 359 PARS
1366 319 1525 361 SPBC·
1568 320 1682 361 Lm.
1724 320 1788 361 V.
1830 320 1906 362 DE
1943 321 2372 364 neutonam!
2410 321 2583 364 suu·

487 422 649 484 alius
677 426 922 485 heredis
957 422 1428 487 interveniente
1468 442 1746 500 persona
1775 425 1850 501 ³).
1884 433 2170 501 itemque
2206 429 2520 497 directae,
2548 443 2744 502 quam
2767 432 2970 487 solam
3000 430 3124 488 hoc
3150 432 3299 503 qui-¹

492 523 641 580 dem
687 523 829 579 loco
885 528 1272 590 tractamus,
1325 525 1541 595 plures
1589 532 1736 583 sunt
1786 525 2062 598 species.
2117 525 2238 583 hae
2289 526 2531 583 scilicet
2577 542 2596 580 :
2643 526 2918 595 vulgaris
2961 525 3022 601 (ς
3076 529 3212 585 668.
3238 529 3273 599 ),

492 618 815 692 pupillaris
845 618 862 688 (
882 618 906 690 §
927 620 1035 676 671
1054 621 1125 690 .)‚
1160 620 1340 692 quasi
1367 615 1694 694 pupillaris
1717 621 1735 696 (
1749 626 1774 699 §
1797 618 1941 681 675.
1962 620 1981 693 )
2006 637 2201 693 quam
2229 630 2457 680 vocant
2479 616 2551 695 ⁴).
2575 618 2719 679 Jam
2743 636 2902 680 vero
2919 622 3003 680 de
3020 624 3269 695 singulis

486 718 748 776 seorsim
773 717 1118 777 videamus.

730 913 756 984 S
783 915 925 974 668.
960 912 1311 991 8ἰη9ιιῑαείηι
1333 914 1394 986 a)
1421 912 1489 972 de
1513 913 1743 991 vquari
1766 915 2165 974 substitutione
2172 934 2195 982 ,·
2223 916 2383 995 cujus
2401 916 2754 993 proponitur
2778 923 2834 983 a)
2865 916 3046 974 notio.

574 1106 934 1177 Vulgariter
981 1107 1366 1165 substituere
1408 1113 1542 1164 est:
1571 1122 1718 1165 eum
1765 1107 1830 1164 in
1877 1112 2213 1174 eventum,
2260 1113 2336 1165 ut
2374 1106 2562 1165 heres
2601 1120 2732 1163 non
2778 1106 2918 1174 fiat,
2951 1106 3060 1179 qui
3091 1106 3279 1179 priori

491 1208 634 1265 loco
657 1205 978 1264 institutus
1008 1206 1341 1277 est‚·alium
1371 1200 1706 1264 nominare
1734 1207 2037 1264 heredem
2068 1203 2135 1280 ¹).
2166 1206 2407 1278 Duplici
2432 1213 2649 1264 autem
2672 1208 2869 1265 modo
2893 1209 2985 1278 nt,
3011 1213 3084 1264 ut
3107 1206 3278 1264 heres

490 1304 715 1376 aliquis
744 1320 874 1362 non
903 1304 1166 1361 existat:
1200 1310 1311 1361 aut
1335 1305 1511 1376 quod
1541 1304 1702 1364 nolit
1729 1319 1867 1363 esse
1899 1304 2085 1363 heres
2108 1352 2124 1377 ‚
2156 1312 2269 1362 aut
2297 1305 2474 1376 quod
2506 1319 2636 1362 non
2667 1307 2864 1377 possit
2892 1300 2962 1378 ²).
2998 1308 3295 1371 'restat0r„

488 1401 681 1473 igitur
721 1406 787 1458 et
845 1400 912 1457 in
956 1401 1339 1457 alterutrum
1385 1406 1638 1457 tantum
1695 1415 1914 1458 casum
1956 1397 2347 1459 substituere
2393 1407 2639 1474 potest,
2703 1401 2868 1458 etin
2910 1406 3274 1472 utrumque,

493 1499 687 1569 idque
734 1497 1005 1555 voluisse
1037 1495 1147 1571 (ex
1178 1498 1634 1569 plerorumque
1673 1496 1934 1569 quidem
1976 1496 2311 1570 opinione)
2352 1504 2693 1567 censetur,
2736 1497 2983 1555 etiamsi
3013 1512 3144 1555 non
3174 1497 3277 1555 nisi

490 1597 757 1654 alteram
787 1590 1250 1653 substitutionis
1288 1591 1723 1656 conditionem
1762 1599 1828 1654 in
1856 1604 2243 1657 testamento
2270 1596 2653 1670 expresserit
2687 1593 2757 1666 ³).
2792 1600 3133 1655 Praeterea
3159 1613 3278 1656 non

498 1698 692 1756 modo
719 1691 948 1768 singuli
968 1693 1256 1768 singulis,
1285 1713 1510 1755 verum
1540 1698 1734 1756 etiam
1758 1701 1975 1771 plures
2004 1699 2068 1756 in
2100 1700 2289 1756 unius
2321 1701 2535 1757 locum
2558 1704 2672 1755 aut
2696 1713 2863 1755 unus
2897 1698 2958 1755 in
2984 1699 3274 1771 plurium,

495 1799 633 1851 tum
673 1807 829 1852 vero
858 1792 1207 1851 coheredes
1248 1792 1514 1852 invicem
1548 1800 1818 1868 possunt
1855 1795 2281 1854 coheredibus
2309 1790 2604 1852 substitui
2653 1796 2726 1864 ⁴).
2776 1790 2990 1866 Quam
3036 1795 3272 1867 quidem

495 1889 914 1963 posteriorem
945 1889 1406 1947 substitutionis
1444 1889 1724 1962 speciem
1742 1891 1876 1964 jam
1898 1891 2061 1965 juris
2092 1876 2291 1949 nostri
2319 1898 2616 1950 auctores
2643 1891 3077 1963 reciprocam,
3118 1896 3278 1955 tum,

496 1990 545 2048 si
570 1990 850 2062 generali
881 1988 1159 2049 formula
1196 1988 1365 2047 sacta
1392 1996 1490 2049 est
1516 1991 1882 2050 substitutio
1903 2035 1918 2059 ‚
1951 1992 2394 2064 breviloquam
2423 2006 2475 2050 s.
2511 1990 3036 2063 compendiosam
3072 2003 3277 2048 recen·

495 2087 692 2145 tiores
718 2087 846 2145 JCti
873 2085 1082 2144 solent
1108 2100 1343 2146 vocare
1368 2083 1439 2157 ⁵).

1682 2285 1708 2358 §
1736 2289 1875 2347 669.
1897 2291 1953 2357 β)
1983 2287 2100 2347 Vis.

580 2480 684 2534 Est
706 2494 782 2537 ea
818 2480 1211 2553 potissimum
1241 2480 1702 2538 substitutionis
1729 2481 1820 2539 vis
1838 2524 1856 2556 ,
1902 2486 2005 2548 ut,
2052 2476 2393 2538 deficiente
2421 2481 2628 2554 primo
2655 2480 2926 2555 herede,
2957 2480 3040 2537 ad
3068 2494 3268 2538 secun-

497 2576 683 2647 dum,
712 2576 811 2632 vel
829 2576 1018 2634 etiam
1050 2581 1458 2648 sequentem,
1494 2582 1745 2635 tantum
1770 2576 2105 2634 deferatur
2137 2589 2212 2634 ex
2239 2576 2633 2645 hereditate,
2663 2583 2978 2650 quantum
3016 2569 3271 2647 alioquin

497 2673 578 2728 ad
603 2672 956 2729 institutum
982 2669 1200 2730 suisset
1226 2678 1717 2743 perventurum,
1746 2667 1976 2741 nisisi,
2007 2672 2439 2730 coheredibus
2467 2672 2757 2730 instituto
2778 2672 2967 2742 datis,
2989 2672 3270 2729 minorem

497 2767 842 2826 substituto
889 2776 1139 2841 partem
1192 2775 1462 2826 testator
1506 2769 1931 2839 adsignaverit
1964 2785 1981 2842 ς
2040 2784 2172 2841 quo
2211 2769 2469 2841 quidem
2522 2769 2694 2827 facto
2741 2768 2989 2842 reliqua
3023 2782 3158 2840 pars
3195 2765 3268 2822 ad

493 2867 842 2927 coheredes
861 2869 1203 2942 pertinebit
1212 2869 1360 2942 ,iure
1388 2871 1796 2927 accrescendi
1822 2872 1984 2942 (not.
2011 2869 2074 2926 5.
2105 2870 2218 2942 6.).
2252 2870 2488 2945 Quodsi
2507 2866 2775 2927 invicem
2803 2869 3015 2940 plures
3028 2865 3266 2923 heredes

491 2965 605 3023 sibi
626 2965 946 3023 substituti
975 2973 1123 3023 sunt
1143 3009 1160 3039 ‚
1192 2968 1576 3039 plerumque
1604 2965 2095 3023 existimandum
2122 2972 2218 3022 est
2238 3007 2253 3034 ‚
2283 2980 2363 3023 ex
2385 2966 2603 3023 iisdem
2625 2966 2911 3040 partibus
2927 2958 3271 3023 substitutos

493 3076 630 3121 esse
650 3103 665 3130 ‚
697 3039 1032 3134 ex'quibus
1057 3058 1324 3120 instituti
1348 3062 1473 3119 sint
1505 3058 1571 3135 ί),
1600 3062 1724 3119 hoc
1753 3067 1977 3134 pacto,
2009 3068 2084 3118 ut
2115 3060 2310 3118 etiam
2345 3062 2555 3133 potior
2594 3061 3100 3134 conjunctorum
3124 3057 3270 3115 ratio

494 3158 790 3221 habenda
812 3162 889 3220 sit
911 3158 980 3232 2).
1006 3166 1340 3220 Praeterea
1363 3163 1748 3221 coheredem
1772 3168 2035 3234 oportet
2051 3201 2067 3226 ,
2101 3169 2174 3219 ut
2196 3176 2271 3218 ex
2292 3161 2748 3219 substitutione
2778 3161 3022 3233 aliquid
3047 3161 3126 3217 ad
3147 3171 3274 3216 eum

493 3260 825 3332 perveniat
844 3302 860 3328 ‚
887 3254 1077 3316 etiam
1106 3260 1517 3317 institutionis
1533 3259 1681 3333 jure
1712 3258 1848 3315 fieri
1868 3258 2170 3315 heredem
2189 3253 2262 3328 ⁸).
2291 3261 2506 3331 Neque
2530 3273 2719 3327 vern,
2755 3256 3289 3329 quemadmodum-

485 3359 634 3432 jure
673 3360 1111 3428 accrescendi,
1160 3359 1250 3417 sic
1304 3355 1498 3417 etiam
1540 3354 2097 3417 substitutionibus
2145 3356 2451 3424 efficitur,
2493 3364 2564 3415 ut
2603 3357 2740 3430 ipso
2771 3358 2928 3430 Jure
2969 3354 3276 3415 coheredis

497 3456 702 3527 portio
726 3457 809 3513 ad
835 3455 1215 3514 coheredem
1246 3459 1594 3530 pertineat,
1621 3470 1845 3513 verum
1868 3461 1931 3512 et
1960 3455 2100 3512 vivo
2129 3453 2460 3512 deseratur
2491 3459 2555 3510 et
2576 3452 2854 3524 legitime
2878 3453 3239 3525 acquiratur
3256 3493 3273 3518 ,

556 3652 604 3711 5)
635 3652 713 3699 Cf.
734 3657 783 3697 ct
806 3651 1066 3699 Anat-anie·
1089 3653 1291 3710 interpr.
1333 3655 1411 3708 lv,
1433 3652 1482 3702 6.
1512 3678 1566 3687 -
1589 3650 1862 3710 Hoept'ner
1923 3652 2005 3710 (ll,
2030 3650 2128 3708 15.)
2152 3664 2232 3698 nr.
2250 3649 2299 3698 5.
2324 3657 2374 3697 et
2401 3653 2510 3699 Ulr.
2534 3650 2723 3697 Huber-
2742 3650 2901 3696 Praei.
2921 3651 2985 3696 ad
3007 3647 3153 3696 Pand.
3172 3645 3218 3692 h.
3242 3648 3275 3688 t-

495 3713 767 3760 Commeat.
802 3716 827 3770 S
849 3713 962 3761 601.
986 3713 1097 3760 602.
1124 3717 1172 3761 in
1196 3717 1255 3767 f..
1282 3728 1368 3762 nec
1392 3730 1489 3763 non
1515 3720 1540 3774 s
1563 3713 1674 3763 495.
1701 3714 1855 3763 ιιοι.3.
1925 3728 2001 3760 nr.
2029 3715 2081 3760 1.

557 3775 613 3836 4)
646 3779 797 3833 Vulgo
820 3780 969 3824 etiam
990 3779 1257 3838 loquuntur
1277 3779 1337 3824 de
1361 3781 1593 3836 militari,
1615 3790 1764 3835 quam
1787 3781 1860 3824 di·
1985 3775 2034 3823 4)
2069 3778 2094 3833 S
2117 3776 2161 3821 1.
2187 3777 2225 3822 1.
2245 3775 2299 3822 lt.
2326 3780 2366 3823 t.
2387 3777 2471 3834 (11,
2494 3772 2610 3833 15).
2633 3794 2688 3804 —-
2721 3777 2772 3821 L.
2796 3772 2876 3820 36.
2900 3776 2926 3829 S
2951 3771 2995 3819 1.
3018 3774 3072 3819 D.
3092 3770 3202 3818 eod.
3226 3790 3277 3799 -

495 3845 630 3896 cunt,
653 3842 1003 3887 substitutione
1025 3874 1040 3895 ,
1063 3853 1140 3896 eo,
1163 3842 1290 3898 quod
1315 3843 1555 3888 militibus
1580 3877 1596 3902 ‚
1640 3842 1765 3888 sicut
1807 3844 1859 3889 in
1923 3843 1975 3889 L.
2004 3839 2085 3887 37.
2110 3843 2135 3895 s
2168 3841 2214 3884 1.
2241 3841 2296 3884 υ.
2323 3839 2391 3887 de
2409 3838 2595 3885 her-ed.
2618 3837 2746 3884 inse.
2764 3839 2889 3884 —L.
2911 3833 2993 3882 37.
3017 3835 3068 3881 lt.
3093 3837 3131 3880 t.
3154 3848 3179 3874 κ
3200 3832 3272 3876 Vel

498 3900 633 3960 aliis,
659 3903 724 3949 ita
748 3909 797 3947 et
821 3907 869 3948 in
888 3897 1316 3950 substitutionibus
1332 3937 1346 3961 ,
1369 3904 1580 3950 formam
1597 3904 1724 3959 juris
1741 3919 1861 3952 con·
1927 3905 2130 3962 singulis
2155 3904 2315 3948 liberis
2339 3907 2429 3957 (vel
2454 3903 2517 3957 ei)
2536 3935 2551 3957 ‚
2572 3899 2656 3959 qui
2681 3911 2851 3946 eorum
2875 3899 3167 3966 novissimus
3179 3904 3272 3940 mo-

496 3968 684 4011 suetam
731 3969 971 4024 negligere
1024 3977 1306 4012 concessum
1362 3971 1453 4012 est.
1496 3966 1568 4014 cf.
1617 3968 1862 4015 Dum-eni
1927 3968 2100 4020 rietur,
2123 3965 2261 4011 heres
2280 3967 2509 4013 substitui
2535 3967 2720 4021 potest3
2744 3965 2969 4020 singulis,
2991 3965 3272 4006 sineminem

496 4028 626 4086 disp.
653 4029 820 4075 anniv.
848 4032 902 4076 ΙΙ.
923 4025 972 4075 7.
994 4041 1107 4087 opp.
1129 4041 1180 4086 p.
1205 4026 1348 4075 1662.
1491 4083 1494 4090 ⁴
1922 4040 2092 4074 eorum
2116 4029 2351 4073 intestato
2375 4027 2607 4072 decedere
2630 4025 2744 4070 velit
2766 4057 2781 4081 ‚
2806 4025 3073 4071 novissimo
3096 4055 3112 4080 ‚
3131 4023 3169 4066 si
3204 4020 3277 4071 1¹¹⁸

1088 4155 1115 4210 s
1149 4150 1243 4199 668
1395 4089 1398 4096 “
1919 4091 2248 4199 Ιὲᾗίἰιζιὲιιειιιὲιιιιι
2270 4091 2602 4137 hereditatum
2623 4088 2867 4144 integrum
2879 4088 3009 4132 inter
3030 4095 3112 4131 cos
3128 4086 3272 4129 custo·

1989 4215 2037 4270 5)
2070 4216 2127 4262 J.
2168 4217 2229 4262 Ε.
2266 4216 2517 4262 Sutor-Ius
2556 4213 2617 4258 de
2656 4212 3009 4259 substitutione
3048 4209 3275 4265 reciproca

561 4277 607 4334 1)
642 4278 826 4323 Dicitur
848 4281 1027 4325 etlam:
1052 4278 1265 4323 secundo
1290 4312 1306 4335 .‚
1325 4278 1470 4324 tertio
1490 4311 1506 4336 ‚
1529 4280 1603 4323 vel
1627 4278 1865 4325 ulteriore
1928 4279 2134 4335 ejusque
2157 4291 2183 4324 a
2200 4280 2286 4334 jur
2338 4277 2650 4325 adcrescendi
2682 4275 2983 4322 discrimine.
3011 4274 3119 4320 Hal.
3146 4265 3275 4316 175⁰.

494 4340 647 4395 gradu
685 4339 913 4386 heredem
956 4340 1186 4386 scribere.
1230 4342 1281 4385 L.
1322 4340 1367 4386 1.
1393 4353 1466 4397 pr.
1496 4342 1549 4387 1..
1583 4339 1661 4386 56.
1690 4352 1761 4397 pr.
1806 4342 1860 4389 D.
1928 4366 1989 4374 -
2027 4341 2233 4388 Weber
2252 4354 2278 4386 a
2339 4336 2705 4397 Hoepsnerum
2728 4341 2754 4395 s
2773 4336 2889 4385 501.
2912 4340 3021 4384 not.
3050 4336 3092 4384 1.
3127 4357 3180 4367 -
3210 4329 3278 4376 Cf·

495 4400 547 4447 Ιι.
573 4404 610 4447 t.
631 4404 935 4449 -Caeterum
952 4405 1222 4459 scripturae
1242 4403 1466 4448 ordinem
1491 4415 1603 4449 eum
1626 4413 1820 4448 servare
1843 4437 1859 4461 ‚
1924 4403 1950 4456 S
1969 4415 2070 4462 seq.
2097 4409 2203 4450 not.
2226 4401 2275 4451 4.

497 4475 689 4507 necesse
712 4476 807 4509 non
830 4467 941 4518 erit,
964 4472 1015 4510 ut
1034 4467 1070 4509 is
1097 4499 1111 4520 ‚
1135 4465 1210 4509 cui
1234 4465 1381 4520 priori
1405 4464 1644 4511 hereditas
1663 4465 1861 4511 defera-

501 4530 579 4569 tur
601 4558 616 4578 ,
657 4528 827 4582 utique
870 4528 1150 4573 nominetur
1189 4527 1346 4584 primo
1386 4529 1511 4573 loco.
1537 4529 1590 4574 L.
1613 4525 1691 4574 28.
1717 4528 1771 4572 D.
1793 4528 1862 4574 de
2523 4528 2549 4582 S
2581 4521 2693 4573 669.

495 4585 673 4632 laer-ed.
700 4587 864 4636 instit.
889 4592 1114 4645 (xxvnl,
1137 4587 1297 4644 5.)-«
1320 4590 1474 4635 Titius
1495 4590 1637 4636 heres
1650 4596 1752 4636 esto
1779 4624 1794 4650 ‚
1818 4592 1863 4636 si

501 4650 753 4695 secundus
767 4650 907 4697 heres
931 4664 1029 4698 non
1051 4655 1158 4697 erit.
1187 4668 1211 4694 ι»
1991 4653 2035 4711 1)
2061 4653 2113 4698 L.
2137 4651 2188 4700 5.
2233 4653 2287 4701 L.
2309 4654 2392 4702 23.
2409 4657 2486 4712 ‚et
2517 4650 2598 4700 24.
2639 4652 2696 4698 D.
2738 4649 2793 4696 lt.
2816 4654 2857 4697 t.
2896 4674 2955 4684 -
2986 4651 3011 4704 S
3044 4648 3091 4693 2.
3116 4647 3148 4690 Ι.
3168 4637 3281 4690 eod.

558 4709 606 4764 Ξ)
643 4713 691 4757 Ι..
726 4713 772 4757 3.
797 4714 849 4759 C.
874 4714 943 4760 de
963 4712 1194 4759 lteredl'b.
1218 4712 1381 4760 insli'l.
1407 4714 1509 4774 (Vl,
1532 4712 1640 4773 24.)
1927 4715 2008 4771 (ΙΙ,
2035 4712 2151 4772 15.).

559 4771 607 4827 5)
640 4775 750 4829 Arg.
777 4775 827 4820 L.
852 4773 899 4823 4.
926 4789 999 4834 pr.
1024 4782 1072 4822 et
1097 4775 1188 4830 31.
1212 4777 1264 4821 D.
1291 4777 1343 4824 L.
1369 4773 1416 4822 4.
1439 4777 1492 4825 C.
1517 4777 1570 4824 Ιι.
1599 4780 1712 4823 1.-
1736 4778 1856 4821 Cae·
1988 4777 2037 4834 Ξ)
2071 4779 2121 4822 L.
2146 4776 2225 4824 41.
2248 4781 2274 4834 S
2295 4777 2346 4826 4.
2368 4780 2424 4824 D.
2450 4779 2501 4824 lt.
2528 4781 2566 4825 t.

498 4840 656 4879 terum
679 4836 1139 4892 viilgarissententia
1161 4838 1328 4883 solidis
1348 4838 1620 4886 rationibus
1658 4838 1855 4886 defendi
1983 4837 2032 4897 ὃ)
2066 4841 2118 4884 l..
2140 4837 2217 4886 ⁴5.
2236 4841 2262 4894 ς
2284 4843 2327 4888 1.
2351 4842 2406 4888 D.
2430 4841 2483 4887 lt.
2514 4840 2696 4889 t.—cf.
2722 4841 2773 4886 Ι..
2790 4836 2871 4886 ⁷5.
2888 4835 3023 4884 [λάε
3044 4833 3150 4882 lter·
3165 4826 3283 4875 1¹¹⁸!-

499 4895 627 4945 baud
661 4908 801 4955 posse
822 4900 1031 4947 videtur.
1079 4899 1185 4946 vid.
1218 4899 1451 4949 Vinnius
1474 4903 1538 4952 ad
1562 4898 1587 4953 S
1608 4903 1655 4949 1.
1683 4901 1719 4947 l.
1744 4901 1797 4948 h.
1819 4908 1855 4949 t.
1928 4903 2157 4961 (xxviii,
2180 4901 2250 4962 5.)
