3544 5506
455 312 572 371 308

453 442 588 500 riae
616 437 853 501 actioni
902 444 1017 497 aut
1043 437 1369 497 ordinario
1395 444 1710 510 tempore.
1746 438 1790 498 i.
1822 454 1880 497 e.
1910 439 2172 515 triginta
2220 456 2543 501 annorum
2574 441 2818 515 spatio,
2857 448 2972 501 aut
2992 441 3264 515 longiori

458 538 673 597 etiam.
711 535 1044 596 ordinaria
1089 534 1592 608 praescriptione
1638 535 1845 592 utitur
1884 542 2227 594 extraneus
2256 538 2347 596 rei
2370 552 2713 610 possessor.
2744 537 3002 597 Debitor
3050 543 3268 595 autem

454 637 778 713 possidens
799 679 815 705 ,
847 634 1096 695 nonnisi
1128 641 1269 707 post
1303 635 1727 709 quadraginta
1767 650 2090 694 annorum
2116 637 2393 709 spatium
2421 637 2702 696 excludit
2737 636 3261 710 hypothecariam

454 734 814 809 actionem3
860 741 1056 808 atque
1096 736 1327 794 eodem
1372 733 1515 811 jure
1557 736 1700 794 vivo
1749 735 2010 808 quidem
2056 736 2348 795 debitore
2387 737 2582 795 etiam
2626 738 2912 795 creditor
2961 738 3263 795 adversus

452 834 837 894 creditorem
866 831 1070 888 utitur
1090 872 1106 898 ‚
1133 831 1373 890 scilicet
1399 837 1544 904 post
1567 831 1875 889 debitoris
1893 838 2171 890 mortem
2193 833 2347 890 item
2373 833 2634 904 triginta
2662 848 2984 892 annorum
3011 830 3264 891 silentio

451 932 533 988 ad
566 929 1031 988 excludendam
1062 928 1378 985 actionem
1411 927 1806 1001 sufficiente,
1850 934 2311 1002 praeterquam
2352 929 2403 987 si
2445 929 2811 988 accessione
2858 923 3265 1003 possessionis

453 1048 530 1093 ex
558 1032 863 1093 debitoris
903 1046 1182 1104 persona
1210 1031 1304 1088 uti
1333 1031 1486 1088 velit
1517 1028 1603 1104 ¹¹).
1643 1034 1851 1089 Potest
1895 1031 2090 1089 etiam
2122 1033 2179 1098 4)
2207 1045 2438 1090 eorum
2476 1034 2738 1092 nomine
2765 1076 2783 1108 ,
2820 1047 2989 1106 quae
3025 1032 3266 1089 utiliter

450 1134 516 1191 in
546 1148 685 1193 rem
713 1133 1000 1204 impensa
1027 1137 1177 1188 sunt
1202 1177 1218 1199 ,
1246 1130 1474 1203 pignus
1503 1130 1808 1200 retineri,
1833 1131 1966 1189 scil.
1993 1132 2075 1190 ab
2098 1145 2178 1190 eo
2196 1177 2213 1205 ‚
2247 1132 2356 1205 qui
2387 1133 2643 1191 debitor
2663 1148 2794 1192 non
2818 1139 2915 1192 est
2941 1130 3033 1204 ¹²).
3068 1128 3263 1189 Prae-

453 1237 633 1288 terea
663 1226 743 1302 11)
785 1227 1234 1299 adipiscendae
1280 1222 1692 1299 possessionis
1734 1227 2185 1299 interdictum,
2216 1228 2405 1304 cujus
2453 1229 2723 1287 salviani
2764 1236 2859 1288 est
2898 1224 3269 1300 nomen¹³)‚

452 1325 781 1399 proditum
819 1330 915 1382 est
958 1317 1202 1395 praedii
1233 1323 1452 1380 rustici
1481 1322 1749 1382 locatori
1780 1320 1848 1396 ¹⁴)
1871 1364 1888 1392 ‚
1923 1338 2151 1382 eorum
2199 1320 2501 1396 nomine,
2551 1342 2719 1399 quae
2757 1326 2825 1384 in
2862 1325 3132 1384 fundum
3172 1324 3263 1382 in-

453 1427 647 1484 ducta
668 1468 685 1496 ,
735 1418 985 1481 invecta
1004 1464 1020 1488 .
1051 1417 1398 1494 importata
1419 1466 1437 1495 ‚
1469 1422 1553 1479 ibi
1578 1429 1731 1481 nata
1757 1429 2065 1494 paratave
2088 1430 2264 1493 sunt,
2298 1424 2380 1481 de
2412 1424 2643 1497 quibus
2668 1425 2835 1482 inter
2858 1438 3044 1498 eum,
3078 1424 3263 1495 cujus

452 1527 517 1585 in
539 1520 723 1584 bonis
746 1528 958 1581 essent
975 1562 992 1589 ‚
1019 1526 1084 1579 et
1112 1528 1402 1580 actorem
1426 1522 1757 1590 convenit,
1792 1527 1864 1578 ut
1886 1520 2035 1579 huic
2064 1535 2183 1594 pro
2208 1517 2612 1581 mercedibus
2641 1522 2779 1596 ejus
2806 1516 2986 1579 fundi
3014 1516 3269 1593 pignori

450 1628 664 1682 essent
690 1618 782 1692 ¹⁵).
811 1620 1113 1676 adversus
1130 1633 1584 1691 quemcunque
1604 1660 1622 1691 ‚
1648 1617 1757 1691 qui
1789 1633 1892 1676 res
1915 1612 2226 1689 obligatas
2248 1620 2532 1692 possidet
2557 1616 2651 1693 16),
2684 1620 2916 1677 dolove
2941 1613 3112 1686 iecit,
3130 1631 3261 1690 quo

448 1722 659 1781 minus
677 1717 1032 1791 possideret
1050 1763 1068 1789 ‚
1094 1704 1168 1774 ut'
1189 1714 1415 1790 judicis
1436 1710 1705 1773 arbitrio
1737 1716 1996 1774 easdem
2020 1712 2315 1775 restituat
2341 1715 2432 1791 ¹⁷).
2462 1718 2553 1775 Ad
2582 1717 2767 1792 cujus
2783 1716 3262 1775 similitudinem

453 1821 634 1895 quasi
661 1814 1027 1875 Salvianum
1057 1815 1500 1881 interdictum,
1543 1816 1808 1874 omnino
1838 1816 2137 1874 omnibus
2166 1812 2591 1876 creditoribus
2616 1860 2634 1892 ,
2665 1812 2778 1890 qui
2805 1815 3263 1890 hypothecaria

453 1921 546 1980 uti
573 1925 844 1995 possunt
871 1918 1156 1987 actione,
1188 1912 1379 1976 hodie
1413 1913 1730 1990 impertiri
1752 1917 1918 1976 solet
1943 1913 2038 1988 ¹⁸).

927 365 936 372 ,
1029 326 1184 368 PARS
1224 326 1384 369 SPEC.
1428 327 1547 369 mn.
1588 327 1661 368 11.
1702 325 1780 369 DE
1816 327 2006 370 REBUS
2044 328 2318 378 nanum).
2361 328 2645 371 nomme.

451 2122 477 2195 ς
502 2118 648 2177 520.
676 2116 743 2193 2)
776 2115 858 2172 De
877 2112 1196 2173 adventitio
1208 2110 1475 2190 pignoris
1481 2110 1618 2189 jure
1631 2157 1645 2180 ,
1669 2129 1836 2188 eoque
1856 2112 1915 2187 a)
1941 2110 2049 2169 tali
2062 2157 2078 2181 ,
2105 2109 2255 2188 quod
2274 2127 2349 2170 ex
2370 2111 2453 2170 rei
2464 2111 2807 2189 possessione
2828 2119 2884 2171 et
2898 2111 2986 2172 vel
3006 2112 3267 2172 ηιωήηιο

1292 2224 1368 2267 ex
1385 2206 1651 2286 pianoris
1671 2216 1974 2266 contractu
1992 2205 2418 2288 proficiscatur.

536 2403 856 2471 creditor,
910 2401 1020 2476 qui
1048 2401 1113 2459 in
1141 2396 1542 2473 possessione
1569 2406 1666 2458 est
1694 2401 2010 2473 pignoris,
2064 2408 2132 2461 et
2175 2403 2536 2462 actionibus
2566 2404 2807 2477 utitur,
2855 2419 3023 2477 quae
3066 2402 3259 2476 ipsius

451 2500 546 2559 rei
573 2499 847 2558 tuendae
871 2497 1244 2572 juriumque
1267 2497 1348 2553 ad
1381 2492 1554 2553 illam
1586 2496 2015 2568 spectantium
2046 2500 2640 2570 persequendorum
2670 2515 2863 2558 causa
2895 2501 3265 2573 propositae

450 2602 602 2656 sunt
627 2594 690 2664 ¹),
711 2602 778 2653 et
804 2609 942 2651 rem
963 2593 1244 2651 retinere
1283 2598 1497 2664 potest
1519 2607 1724 2664 usque
1746 2607 1826 2651 eo
1843 2639 1859 2665 ‚
1885 2594 2095 2651 donec
2138 2589 2254 2667 ipsi
2285 2595 2680 2654 satisfactum
2706 2596 2829 2655 erit
2850 2597 2932 2655 de
2953 2591 3173 2653 debito
3194 2591 3260 2668 ²).

451 2692 740 2751 Pluribus
774 2689 967 2747 etiam
989 2685 1040 2746 is
1067 2690 1309 2761 gaudet
1340 2683 1627 2762 juribus,
1667 2688 1776 2761 qui
1817 2703 1897 2746 ex
1937 2685 2347 2762 pigneratitio
2371 2697 2714 2751 contractu
2755 2708 2896 2751 rem
2923 2698 3138 2762 tenet,
3184 2692 3269 2749 si-

453 2795 713 2867 quidem
748 2797 816 2849 et
845 2792 925 2849 ad
956 2790 1289 2848 interdicta
1325 2790 1521 2847 habet
1563 2786 2025 2862 possessionem
2047 2787 2092 2865 3)
2116 2834 2133 2866 ,
2170 2798 2236 2849 et
2262 2792 2356 2850 rei
2389 2801 2502 2850 aut
2526 2794 2769 2852 evictae
2805 2801 2919 2851 aut
2960 2789 3265 2866 vitiosae,

450 2896 589 2947 tum
613 2887 808 2946 etiam
832 2887 1261 2959 impensarum
1296 2885 1558 2943 nomine
1585 2885 1715 2957 agit
1757 2886 2064 2944 adversus
2087 2888 2446 2948 debitorem
2477 2887 2559 2962 ⁴),
2595 2906 2718 2949 nec
2750 2886 3093 2948 restituere
3128 2904 3269 2947 rem

452 2987 723 3047 debitori
750 2988 1002 3057 cogitur
1024 3031 1040 3058 ‚
1073 2986 1191 3044 nisi
1220 3001 1298 3043 ea
1323 3000 1584 3058 quoque
1610 2979 1888 3057 pecunia
1920 2987 2228 3045 reddatur
2258 2989 2357 3046 vel
2399 2988 2746 3061 offeratur,
2786 3004 2955 3060 quae
2984 2988 3123 3047 sine
3168 2986 3265 3060 pi-

517 3185 593 3240 11)
626 3185 681 3230 L.
701 3182 751 3230 7.
772 3196 849 3242 pr.
869 3186 894 3239 s
917 3185 963 3229 1.
987 3183 1034 3228 2.
1059 3184 1112 3230 C.
1132 3182 1200 3229 de
1217 3193 1304 3238 pr.
1345 3183 1427 3232 50.
1476 3182 1565 3230 vel
1583 3181 1645 3230 ⁴0
1678 3194 1813 3228 ann.
1881 3183 2059 3232 varior.
2082 3197 2249 3242 opusc.
2274 3187 2385 3243 syll.
2419 3185 2513 3245 ux,
2535 3184 2582 3232 6.
2608 3199 2657 3243 p.
2684 3183 2778 3232 2⁷5
2813 3197 2922 3246 sqq.
2947 3208 3008 3216 —
3034 3154 3267 3256 T'hz'bagt

373 3276 384 3287 ·
458 3248 578 3305 (vll,
602 3248 775 3305 59.)--
799 3246 1020 3294 Thibaut
1049 3246 1181 3301 Verj.
1205 3248 1230 3300 S
1252 3242 1334 3293 54.
1356 3272 1413 3280 —
1444 3246 1663 3295 Unterli.
1688 3245 1814 3291 ausf.
1884 3247 1919 3291 1.
1946 3248 1978 3291 l.
2002 3260 2050 3304 p.
2077 3247 2170 3293 156
2192 3261 2298 3306 sqq.
2321 3273 2377 3282 -—
2395 3250 2488 3295 Sed
2508 3251 2605 3295 vid.
2629 3248 2907 3295 Zimmem
2929 3248 3073 3295 Arch.
3098 3260 3147 3304 p.
3170 3244 3270 3291 5³2

457 3310 586 3365 vei-j.
613 3311 664 3357 1..
688 3311 746 3356 ll.
772 3310 798 3363 S
819 3307 933 3357 2⁴9.
957 3308 1097 3366 ΠΛΡ.
1114 3307 1207 3355 284
1226 3312 1374 3368 sqq.).
1393 3309 1536 3358 -ΟΕ,
1564 3308 1821 3356 Auctoris
1887 3321 1994 3365 sqq.
2022 3334 2081 3342 -
2102 3312 2352 3359 Huschke
2379 3313 2413 3356 l.
2438 3313 2469 3356 Ι.
2493 3324 2541 3369 p.
2566 3309 2661 3357 578
2683 3323 2789 3368 sqq.
2812 3312 2906 3368 (nr.
2937 3310 3030 3369 5.),
3050 3310 3140 3367 qui
3159 3308 3272 3366 qui-

458 3373 655 3420 Cession
678 3384 726 3430 p.
749 3370 864 3420 ⁴52.
1888 3372 1999 3417 dem
2053 3379 2104 3417 et
2158 3375 2260 3431 ipse
2314 3375 2575 3420 dissentire
2633 3373 2999 3431 quodammodo
3068 3371 3267 3416 videtur

522 3435 601 3492 12)
636 3435 687 3480 L.
713 3431 792 3480 29.
819 3437 844 3489 S
870 3432 917 3481 Ξ.
943 3435 998 3479 D.
1020 3432 1089 3477 de
1103 3431 1248 3493 piqn.
1271 3457 1334 3468 -—
1353 3432 1427 3480 Cf.
1463 3435 1517 3481 L.
1539 3431 1618 3479 ⁴⁴.
1646 3434 1671 3487 (j
1699 3433 1745 3478 1.
1768 3434 1823 3477 D.
1892 3434 1965 3490 (p.
1987 3432 2122 3492 582.)
2145 3472 2159 3487 ,
2183 3444 2234 3480 at
2259 3440 2531 3483 sententiae
2555 3448 2674 3483 suae
2696 3438 2937 3483 rationem
2964 3435 3165 3494 propius
3184 3443 3271 3478 ex-

455 3495 524 3543 de
559 3497 757 3544 damno
798 3496 898 3550 Ins.
939 3497 1181 3554 (xxxix,
1205 3497 1288 3555 2.)
1319 3520 1380 3528 —
1422 3498 1527 3542 vid.
1556 3498 1743 3551 cujac.
1763 3495 1827 3540 ad

457 3558 672 3607 African.
697 3559 781 3605 Tr.
807 3563 886 3607 lx.
924 3559 1077 3616 (opp.
1115 3559 1262 3617 prior.
1288 3558 1368 3605 ed.
1385 3560 1544 3605 Fabr.
1567 3559 1604 3604 l.
1632 3571 1679 3615 p.
1703 3554 1828 3605 1508

458 3622 572 3678 sq.).

1893 3498 2038 3552 plicat
2060 3511 2106 3555 p.
2132 3497 2242 3544 585.
2267 3496 2380 3546 584.

1957 3559 2033 3615 17)
2064 3562 2315 3609 Huschke
2336 3565 2370 3608 l.
2396 3561 2431 3607 Ι.
2453 3559 2736 3621 ιιδὸὅειιᾳ.
2756 3561 2851 3619 (nr.
2876 3559 2964 3615 ⁴.).

1958 3620 2034 3678 ¹8)
2065 3625 2264 3679 Ιιεζνεει·
2283 3636 2412 3681 spec.
2450 3622 2561 3670 511.
2588 3627 2717 3671 med.
2740 3623 2791 3670 5.
2815 3648 2870 3656 -
2900 3622 3008 3668 vid.
3030 3625 3081 3666 et
3102 3617 3271 3666 Pim-

517 3684 596 3739 13)
627 3683 746 3739 6ιυὶ
768 3683 883 3729 inst.
907 3683 1027 3737 lv.§
1049 3679 1251 3737 ML-S
1273 3681 1324 3729 5.
1347 3683 1396 3729 in
1422 3682 1456 3727 f.
1480 3683 1515 3727 l.
1536 3679 1813 3728 delulerd.
1879 3695 2047 3730 mann
2072 3687 2105 3730 l.
2131 3689 2165 3732 l.
2187 3689 2268 3746 lx,
2299 3686 2347 3733 7.
2373 3698 2423 3744 p.
2455 3685 2551 3734 288
2582 3701 2690 3746 sqq.
2714 3712 2774 3723 -
2791 3686 2867 3735 ef.
2890 3686 3144 3734 Huschke
3171 3686 3206 3730 l.
3230 3684 3272 3730 Ι.

458 3746 622 3802 ibique
639 3745 905 3803 Theophili
922 3744 1149 3801 paraphr.
1171 3769 1231 3777 --
1274 3746 1378 3803 Dig.
1402 3746 1580 3801 (uili,
1614 3742 1714 3800 332)
1749 3743 1817 3789 de
1880 3758 1930 3804 p.
1952 3745 2049 3793 509
2077 3761 2153 3806 sq.

459 3808 713 3856 Salviano
751 3807 949 3855 interd.
973 3829 1033 3839 —
1055 3808 1174 3852 Cod.
1209 3808 1347 3861 (Vlll.
1378 3806 1447 3864 9.)
1474 3806 1542 3853 de
1571 3804 1818 3863 precario

454 3873 511 3917 et
527 3872 775 3919 Salviano
800 3867 1099 3918 interdicto.
1124 3893 1183 3902 --
1205 3869 1278 3915 Cf.
1305 3869 1577 3916 Zlmmern
1602 3869 1650 3914 in
1684 3870 1818 3915 Zeit-

460 3932 588 3978 schr.
622 3935 659 3981 f.
681 3936 846 3981 Civilr.
872 3945 922 3978 u.
947 3932 1083 3977 Proe.
1108 3931 1146 3977 l.
1168 3945 1216 3989 p.
1239 3930 1300 3979 54
1321 3945 1428 3991 sqq.
1452 3933 1545 3988 (nr.
1569 3929 1826 3985 5.)-Τ1ι1-

458 3994 592 4042 baut
606 3998 748 4043 Arch.
773 3998 812 4042 f.
830 3995 923 4042 civ.
942 3996 1023 4039 Pr.
1048 3995 1127 4038 xl.
1152 3997 1232 4041 Νι.
1249 3997 1347 4042 Vll.
1374 3996 1447 4052 (p.
1469 3994 1559 4040 ¹25
1584 3998 1711 4051 sqq.)
1738 3997 1827 4042 ite-

460 4070 664 4116 rumque
690 4059 964 4105 ZImmern
991 4055 1131 4101 Arch.
1174 4058 1211 4104 f.
1256 4059 1349 4104 civ.
1379 4060 1459 4104 Pr.
1481 4058 1564 4101 Xl.
1604 4057 1687 4103 Νι.
1723 4059 1823 4105 XV.

461 4131 510 4176 p.
529 4119 623 4167 545
639 4133 811 4179 sqq.—
828 4118 1078 4166 Huschke
1100 4119 1323 4166 Studium
1346 4120 1431 4165 des
1454 4124 1507 4167 R.
1531 4118 1589 4166 R.
1613 4121 1650 4165 1.
1679 4120 1826 4176 (Berl.

460 4179 621 4291 18:331.)
663 4185 743 4231 Νι.
769 4186 848 4231 iv.
885 4195 934 4240 p.
970 4180 1063 4229 557
1104 4194 1212 4243 sqq.
1238 4184 1462 4229 —Fr-iez
1493 4186 1557 4230 ad
1595 4181 1835 4247 Wem'nq

461 4258 512 4302 p.
570 4245 632 4291 58
654 4258 778 4304 sqq.—

528 4307 606 4361 14>
639 4310 765 4354 Salv.
792 4305 967 4353 interd.
985 4306 1113 4360 jam.
1136 4306 1390 4365 rom.jure
1406 4308 1634 4354 omnibus
1658 4307 1831 4366 tribui,

464 4371 548 4428 qui
570 4371 850 4427 habentius
875 4369 1110 4427 pignoris.
1134 4371 1277 4416 multi
1298 4376 1414 4416 sunt
1433 4404 1447 4427 ‚
1467 4372 1552 4429 qui
1575 4375 1794 4416 statuant
1813 4404 1830 4430 ‚

467 4436 604 4479 velut
646 4433 868 4480 Tliibaut
908 4432 940 4476 1.
967 4435 999 4479 l.
1021 4446 1067 4491 p.
1093 4432 1178 4478 151
1212 4446 1285 4491 sq.
1313 4457 1374 4466 —
1397 4435 1491 4480 Sed
1526 4435 1632 4479 vid.
1668 4433 1822 4478 Zim-

463 4506 614 4541 mern
648 4496 863 4543 zeitschr
883 4494 919 4539 l.
943 4495 975 4540 l.
1002 4508 1049 4552 p.
1073 4493 1136 4540 55
1158 4508 1264 4553 sqq.
1289 4501 1341 4540 et
1361 4496 1506 4541 Arch.
1532 4496 1566 4541 l.
1595 4497 1627 4539 Ι.
1655 4506 1702 4552 p.
1724 4492 1819 4540 547

466 4556 648 4604 -550.
672 4572 720 4616 p.
742 4557 1180 4607 354.—·11usc121‹e
1203 4560 1236 4603 l.
1261 4558 1296 4604 l.
1323 4570 1372 4616 p.
1390 4555 1486 4605 549
1501 4554 1673 4604 -565,
1699 4556 1821 4615 ibiq.

462 4622 682 4678 inprimis
705 4635 751 4678 p.
771 4620 865 4667 358
884 4633 993 4678 sqq.
1017 4644 1076 4654 --
1099 4621 1240 4667 Fritz
1262 4622 1293 4666 Ι.
1325 4622 1358 4665 Ι.

527 4680 944 4791 15)8ΗιιεοΙιΙεθΙ.
985 4685 1018 4730 l.
1046 4696 1095 4741 p.
1131 4680 1227 4729 564
1260 4707 1320 4716 --
1351 4678 1464 4727 378.
1510 4684 1622 4738 (nr.
1665 4683 1745 4741 2.)
1785 4686 1835 4728 et

467 4758 518 4803 p.
542 4746 603 4793 3¹.)
643 4779 653 4791 .

529 4806 607 4867 16)
642 4810 692 4856 L.
729 4806 775 4854 1.
812 4810 837 4864 3
877 4811 921 4857 1.
968 4808 1021 4852 D.
1066 4807 1120 4853 le.
1145 4810 1182 4853 t.
1209 4831 1264 4841 —-
1296 4805 1562 4863 Theophili
1603 4807 1834 4866 paraphr.

469 4870 504 4917 l.
528 4870 564 4918 l.
592 4896 648 4904 -—
674 4872 875 4918 Dissent.
895 4906 910 4929 ,
954 4869 1165 4916 maxime
1206 4875 1402 4927 propter
1424 4870 1482 4915 L.
1504 4869 1551 4916 1.
1575 4872 1628 4916 C.
1675 4869 1726 4916 Ιι.
1753 4873 1794 4915 t.
1820 4903 1834 4923 ,

466 4938 574 4989 post
593 4933 714 4981 alios
745 4946 796 4981 υ.
841 4932 906 4980 de
933 4932 1131 4980 tl'alev·
1169 4931 1272 4978 obs.
1301 4933 1339 4991 l,
1362 4928 1439 4977 1-1.
1463 4958 1522 4966 -
1539 4936 1837 4982 Pimmatm

2488 3838 2514 3892 s
2545 3836 2658 3884 3⁶20.
2696 3886 2705 3895 ,

1957 3931 2017 3985 ι)
2052 3932 2102 3976 1..
2125 3928 2174 3977 4.
2200 3929 2289 3985 so,
2314 3933 2365 3978 n.
2390 3933 2487 3989 stu.
2511 3944 2618 3993 req.
2647 3932 2813 3990 (ΧΑ.)
2845 3933 2967 3977 -ι..
3003 3928 3082 3975 ιι.
3114 3930 3169 3975 n.
3195 3927 3275 3974 de

1888 3991 2102 4040 damno.
2127 3993 2221 4048 inf.
2246 3997 2472 4052 (xxxix,
2492 3995 2560 4051 2.)
2583 4020 2644 4028 —-
2668 3996 2719 4040 l..
2754 3994 2833 4043 17.
2860 4008 2938 4053 pr.
2961 3995 3016 4039 1..
3037 3990 3122 4038 50.
3150 3994 3176 4048 ς
3210 3991 3267 4037 1.

1890 4057 1945 4102 l).
1969 4057 2045 4102 ad
2061 4057 2117 4101 L.
2138 4060 2243 4113 Aq.
2264 4060 2365 4117 (lx,
2390 4058 2583 4113 2.)—1..
2607 4055 2688 4103 87.
2715 4059 2767 4102 D.
2795 4060 2864 4106 de
2882 4056 3021 4109 furt.
3041 4053 3277 4112 (valn,

1892 4118 1962 4176 2.)
1986 4145 2042 4153 -
2065 4119 2116 4164 1..
2148 4118 2222 4165 16.
2245 4121 2299 4165 n.
2322 4120 2390 4166 de
2411 4122 2595 4168 servu.
2622 4120 2766 4178 (vin,
2788 4123 2856 4179 1.)
2882 4145 2937 4154 -
2964 4122 3017 4165 1..
3041 4120 3088 4166 9.
3114 4119 3168 4165 n.
3192 4116 3275 4164 de

1897 4193 1950 4226 n.
1973 4194 2023 4228 ο.
2058 4193 2114 4228 n.
2138 4183 2365 4237 (xxx1x.
2391 4184 2457 4240 1.)

1957 4244 2019 4301 2)
2064 4245 2117 4290 L.
2145 4246 2189 4290 1.
2216 4256 2290 4300 pr.
2311 4247 2361 4290 in
2383 4246 2419 4291 t.
2447 4248 2501 4293 D.
2523 4244 2757 4303 depiqn.

1957 4308 2007 4365 5)
2056 4308 2107 4352 L.
2135 4306 2211 4353 10.
2235 4307 2260 4360 S
2282 4306 2330 4354 5.
2352 4309 2404 4355 D.
2426 4309 2496 4355 de
2530 4320 2718 4362 usurp.
2754 4309 2900 4364 (xm,
2932 4304 3002 4363 5.)
3046 4304 3157 4351 vid.
3184 4315 3274 4353 tu·

1893 4379 1978 4424 pra
2002 4372 2027 4423 ς
2046 4367 2157 4416 257.
2183 4377 2283 4417 not.
2311 4368 2358 4417 5.
2383 4377 2431 4417 et
2452 4369 2501 4418 5.
2528 4367 2686 4426 3507.
2719 4377 2826 4417 not.
2846 4372 2895 4417 2.
2920 4393 2971 4402 --
2996 4369 3084 4415 Cui
3117 4366 3273 4413 etiam

1889 4434 2179 4478 conveniens
2198 4438 2324 4487 erat..
2347 4440 2399 4479 ut
2419 4434 2612 4481 debitor
2636 4444 2737 4478 rem
2755 4433 2947 4491 pignori
2966 4433 3136 4478 datam
3147 4428 3271 4473 sub-

1889 4494 2114 4551 ripiendo
2148 4496 2335 4541 fiii-tum
2379 4497 2731 4551 committeret,
2775 4497 2827 4541 L.
2877 4493 2954 4542 19.
2979 4492 3071 4549 (35.
3096 4494 3152 4537 D.
3194 4490 3272 4538 de

1887 4554 2023 4610 furt.
2045 4557 2405 4616 (vail‚2.)—§
2424 4558 2500 4606 10.
2523 4560 2561 4606 l.
2579 4558 2647 4605 de
2666 4555 2802 4611 furt.
2825 4557 2908 4613 (cf.
2929 4556 3076 4613 5517.
3094 4553 3273 4609 not.',2.

1888 4630 1964 4664 nr.
1988 4620 2072 4675 b.).
2107 4644 2161 4653 --
2182 4623 2353 4668 Potest·
2379 4622 2529 4678 igitur
2565 4633 2623 4667 ex
2667 4632 2793 4667 nova
2825 4620 3075 4677 obligandi
3115 4628 3277 4665 causa

1899 4693 2066 4729 rursus
2096 4685 2363 4730 concedere
2396 4686 2467 4730 rei
2490 4696 2630 4729 usum
2653 4684 2883 4729 debitori.
2906 4707 2967 4715 --
2988 4682 3065 4729 Cf.
3091 4683 3146 4726 1..
3179 4676 3272 4727 55.

1898 4744 2066 4862 ἓέῂι.
2091 4742 2172 4852 527.
2198 4748 2255 4794 D.
2271 4744 2488 4806 depiqn.
2506 4748 2728 4795 εισι-Ι..
2754 4743 2803 4792 6.
2830 4744 2880 4791 in
2899 4745 2937 4792 f.
2958 4746 3013 4791 D.
3036 4745 3274 4801 depr-oc.

1922 4842 1932 4850 .
1980 4835 1993 4851 .
2020 4809 2078 4863 ll,
2134 4809 2202 4865 6.)

1962 4868 2010 4926 4)
2029 4872 2100 4978 σιὰ
2121 4868 2169 4917 9.
2196 4883 2269 4929 pr.
2299 4871 2350 4916 l..
2374 4868 2453 4916 51.
2475 4868 2556 4916 52.
2585 4872 2638 4916 D.
2660 4867 2892 4927 depleri.
2931 4874 3041 4918 act.
3066 4895 3120 4902 -—-
3142 4869 3194 4916 l..
3216 4866 3272 4917 8.

1901 4944 1974 4990 pr.
1998 4943 2028 4978 e
2104 4967 2114 4978 .
