3544 5506
1092 383 1229 427 car.
1269 384 1343 426 11.
1384 383 1463 426 nr.
1498 380 1730 426 aaran
1768 382 2118 426 roras-rua.
2894 375 3006 434 2519

195 494 593 556 Justinianus
620 497 950 556 constituit
969 540 988 573 ‚
1026 503 1100 556 ut
1124 497 1291 556 idem
1319 496 1383 555 in
1417 497 1710 555 omnibus
1736 496 2010 563 valeret,
2042 509 2464 568 quaecunque
2491 493 2704 555 liberis
2733 509 3003 571 quaere·

193 598 461 658 rentur,
489 608 699 666 neque
712 595 790 651 ad
820 593 1165 651 castrensia
1191 594 1291 650 vel
1322 588 1502 665 quasi
1520 593 1864 651 castrensia
1889 593 2059 649 bona
2091 598 2303 649 essent
2330 590 2665 649 referenda
2693 592 2767 668 ⁹);
2798 595 3003 657 causis

190 689 387 745 etiam
418 689 741 747 nonnullis
781 684 1043 763 additis,
1094 703 1259 761 quae
1287 688 1619 747 efficerent
1644 730 1662 762 ,
1706 692 1779 744 ut
1824 703 1904 745 ne
1938 683 2402 745 administratio
2441 689 2697 760 quidem
2728 697 2794 746 et
2821 708 3004 751 usus-

189 786 444 846 fructus
466 790 752 862 patribus
769 789 1246 862 relinqueretur
1270 785 1318 862 (S
1345 787 1539 860 569.).
1570 790 1767 858 Igitur
1789 787 1927 860 ipso
1953 787 2212 859 quidem
2234 786 2374 864 jure
2402 795 2661 860 praeter
2685 792 3004 851 usumfru-

188 889 370 942 ctum
414 880 571 942 nihil
616 884 751 942 fere
781 886 1118 957 quaeritur
1157 878 1448 956 patribus
1481 898 1599 955 per
1622 883 1888 957 liberos3
1918 883 2067 940 licet
2093 897 2171 939 ea
2200 879 2403 957 ratio,
2446 899 2612 956 quae
2655 886 3005 959 antiquitus

187 978 437 1052 effecit,
480 991 554 1042 ut
597 990 772 1044 recta
811 985 914 1042 via
953 983 1438 1057 patresfamilias
1486 984 1822 1056 acquirere
1860 988 2119 1055 possent
2156 999 2272 1054 per
2314 999 2422 1041 eas
2451 1000 2796 1055 personas,
2835 1004 3002 1060 quae

187 1085 494 1156 potestati
536 1082 790 1144 illorum
824 1085 1330 1159 subjicerentur,
1363 1100 1496 1143 non
1539 1084 1735 1158 possit
1776 1099 2036 1156 prorsus
2076 1081 2277 1142 videri
2303 1100 2438 1142 esse
2467 1086 2713 1145 sublata
2742 1085 2831 1162 ιο).
2861 1093 3003 1148 Jam

185 1194 341 1239 vero
362 1182 618 1252 singula
635 1183 1029 1254 peculiorum
1050 1196 1291 1252 genera
1305 1180 1677 1254 exposituri,
1694 1196 1839 1239 eum
1855 1181 2246 1238 servabimus
2262 1181 2577 1251 ordinem,
2600 1198 2793 1254 quem
2811 1188 3002 1258 vulgo

184 1283 589 1349 sequuntur,
615 1277 907 1335 videlicet
934 1282 1006 1334 ut
1034 1272 1311 1348 primum
1332 1271 1666 1348 proposito
1699 1276 1952 1334 militari
1983 1277 2237 1349 peculio
2255 1319 2272 1352 ,
2306 1279 2480 1350 quod
2503 1286 2758 1345 vocant,
2782 1281 2843 1337 in
2869 1296 3001 1354 quo

186 1380 250 1432 et
274 1382 610 1434 castrense
632 1382 728 1435 est
755 1383 821 1434 et
843 1377 1023 1448 quasi
1055 1381 1380 1434 castrense
1399 1417 1416 1442 ‚
1450 1376 1680 1433 deinde
1708 1377 2197 1447 progrediamur
2230 1378 2313 1434 ad
2343 1393 2663 1449 paganum
2694 1377 2779 1451 ¹¹),
2808 1381 3001 1452 idque

185 1474 547 1533 dividamus
570 1476 633 1532 in
664 1476 825 1533 duas
851 1475 1093 1547 species
1113 1519 1131 1551 ,
1167 1491 1443 1548 quarum
1471 1478 1740 1533 alteram
1771 1476 2164 1548 appellemus
2193 1476 2629 1550 profectitium
2651 1478 2997 1549 peculium,

187 1574 463 1631 alteram
490 1571 906 1633 adventitium
926 1614 943 1643 ,
973 1575 1254 1647 itemque
1280 1576 1603 1633 adventitii
1630 1576 1790 1632 duas
1819 1575 2282 1646 distinguamus
2307 1575 2576 1645 formas,
2603 1583 2668 1634 et
2696 1577 2999 1638 ordinarii

183 1687 232 1730 s.
268 1675 621 1747 regularis,
650 1681 715 1734 et
740 1670 1227 1736 extraordinarii
1254 1691 1303 1735 s.
1338 1675 1731 1747 irregularis,
1769 1682 1844 1733 ut
1873 1691 2046 1734 nunc
2075 1673 2336 1747 quidem
2363 1676 2580 1734 vocari
2610 1677 2849 1735 solent.

760 1903 788 1976 §
816 1902 957 1962 565.
991 1904 1054 1974 2)
1096 1902 1176 1959 De
1200 1899 1456 1959 militari
1474 1946 1490 1970 ,
1520 1918 1688 1979 eoque
1709 1902 1770 1976 a)
1799 1902 2079 1961 castrensi
2090 1900 2311 1980 peculio
2335 1901 2431 1977 (⁴¹).

265 2099 335 2154 ln
374 2098 688 2156 castrensi
717 2098 969 2171 peculio
1011 2103 1160 2157 sunt
1191 2111 1293 2155 res
1323 2096 1624 2164 mobiles,
1659 2111 1828 2168 quae
1855 2091 2176 2154 tironibus
2213 2097 2592 2157 militibusve
2615 2097 2653 2173 ι)
2688 2107 2800 2158 aut
2827 2117 2863 2158 a
2888 2117 3001 2174 pa-

188 2193 479 2255 rentibus
500 2242 516 2266 ‚
542 2204 657 2256 aut
677 2213 714 2255 a
737 2197 1115 2271 propinquis
1136 2241 1152 2267 ‚
1182 2203 1295 2254 aut
1320 2197 1402 2254 ab
1430 2196 1647 2254 amicis
1675 2198 2004 2254 donantur
2027 2242 2042 2268 ‚
2074 2194 2224 2254 item
2255 2214 2422 2269 quae
2454 2215 2568 2271 per
2594 2195 2996 2259 occasionem

187 2296 450 2355 militiae
473 2304 883 2369 quaeruntur
903 2342 919 2366 ‚
948 2299 1158 2371 quoin
1184 2312 1420 2370 genere
1443 2298 1633 2354 etiam
1658 2303 1811 2353 sunt
1834 2297 2344 2355 commilitonum
2369 2297 2789 2372 hereditates3
2816 2316 2997 2372 prae·

186 2398 361 2452 terea
393 2411 565 2468 quae
591 2398 900 2456 castrensi
933 2398 1211 2470 pecunia
1240 2403 1545 2454 emuntur
1564 2439 1582 2471 ,
1608 2401 1723 2453 aut
1755 2397 2180 2469 peculiaribus
2209 2399 2400 2455 rebus
2428 2398 2744 2456 accedunt
2772 2394 2854 2472 ²);
2886 2400 2996 2458 ‹le-

185 2494 411 2567 nique,
442 2511 521 2554 ex
550 2500 623 2555 D.
650 2493 952 2555 Hadriani
982 2498 1296 2570 rescripto
1318 2540 1336 2572 ‚
1383 2510 1549 2568 quae
1573 2510 1849 2553 uxorum
1891 2494 2290 2553 testamentis
2315 2496 2616 2553 militibus
2644 2497 2994 2555 obveniunt
3083 2550 3092 2560 ,

185 2590 573 2653 hereditates
593 2591 662 2667 ³).
687 2595 829 2654 Sola
851 2603 1072 2655 autem
1093 2596 1467 2655 donantium
1493 2601 1606 2653 aut
1626 2595 1996 2653 testantium
2020 2593 2315 2651 voluntas
2328 2594 2583 2653 efficere
2605 2610 2734 2653 non
2758 2601 2992 2669 potest,

184 2684 343 2746 utin
364 2691 787 2749 castrensium
810 2707 1083 2751 numero
1114 2693 1447 2750 habendae
1480 2691 1606 2749 sint
1640 2705 1740 2749 res
1778 2686 1845 2764 ⁴).
1875 2694 2013 2748 Jam
2048 2705 2205 2749 vero
2230 2737 2246 2761 ‚
2282 2706 2427 2749 cum
2457 2689 2522 2749 in
2556 2693 2860 2751 castrensi
2885 2709 2994 2767 pe·

185 2784 352 2843 culio
379 2782 858 2858 patrisfamilias
874 2790 1021 2863 jure
1054 2790 1218 2847 illius
1238 2794 1464 2847 utatur
1488 2785 1558 2855 ⁵),
1584 2783 1874 2860 sequitur
1896 2786 1955 2860 1)
1986 2794 2061 2844 ut
2084 2794 2148 2845 et
2169 2788 2468 2858 obligatio
2490 2794 2556 2846 et
2587 2789 2756 2848 actio
2779 2806 2858 2849 eo
2879 2806 2994 2849 no-

185 2883 351 2942 mine
370 2900 525 2943 cum
555 2892 740 2957 patre
764 2902 901 2946 esse
925 2884 1123 2960 possit
1144 2886 1216 2963 ἥς
1242 2887 1304 2961 2)
1324 2894 1398 2944 ut
1420 2901 1496 2945 ex
1513 2883 1688 2945 omni
1710 2892 2050 2945 contractu
2071 2886 2387 2944 extraneis
2413 2887 2727 2958 obligetur
2746 2889 2908 2947 filius
2924 2886 2992 2962 ⁷);

183 2981 242 3054 3)
262 2988 333 3039 ut
347 2990 739 3044 testamento
759 2987 841 3045 de
865 2988 1290 3045 castrensibus
1311 2987 1497 3059 bonis
1520 2982 1842 3044 statuendi
1864 2986 1970 3059 jus
1994 2986 2052 3042 ei
2078 2986 2157 3042 sit
2179 2981 2251 3043 ⁸).
2277 2988 2428 3042 Nam
2461 2987 2635 3058 quod
2659 2987 2987 3045 scribitur:

184 3094 307 3138 non
338 3083 715 3142 omnimodo
744 3084 906 3143 filios
935 3086 1118 3157 quasi
1152 3085 1635 3158 patresfamilias
1664 3100 1800 3143 esse
1826 3087 1893 3142 in
1920 3099 1994 3142 re
2021 3084 2329 3142 castrensi
2358 3079 2428 3157 ⁹),
2456 3084 2520 3140 id
2563 3086 2795 3156 partim
2823 3086 2991 3144 refe-

182 3181 452 3238 rendum
497 3187 598 3239 est
625 3184 706 3240 ad
750 3190 1039 3242 veterum
1078 3188 1179 3244 JCt
1190 3200 1376 3244 orum
1421 3184 1925 3243 controversiam
1959 3183 2040 3241 de
2074 3198 2149 3242 ea
2187 3183 2565 3255 quaestione
2592 3201 2605 3239 :
2642 3200 2798 3241 num
2839 3182 2992 3242 heres

181 3273 287 3345 sit,
318 3277 429 3349 qui
453 3292 532 3335 ex
558 3274 664 3335 filii
688 3285 1075 3339 testamento
1105 3281 1170 3338 in
1193 3287 1520 3338 castrense
1541 3280 1861 3352 peculium
1883 3280 2228 3337 succedat?
2247 3279 2479 3351 partim
2504 3294 2659 3337 vero
2688 3279 2769 3336 ad
2794 3276 2991 3351 patris

189 3373 318 3453 jus,
384 3379 497 3436 filii
564 3380 867 3440 intestato
938 3383 1182 3442 mortui
1237 3382 1556 3455 peculium
1614 3379 1755 3459 jure
1814 3381 2044 3455 peculii
2093 3381 2206 3440 sibi
2257 3381 2617 3440 vindicandi
2663 3377 2751 3454 ιο).
2800 3376 2990 3453 Quod

240 3600 288 3658 9)
320 3606 375 3650 L.
395 3602 447 3650 6.
470 3609 524 3650 et
544 3601 593 3652 8.
615 3607 668 3652 C.
694 3606 763 3653 de
783 3607 927 3666 bon„
951 3618 1095 3666 quae
1117 3607 1263 3655 liber.
1676 3607 1723 3659 4)
1763 3606 1815 3652 L.
1839 3603 1889 3652 8.
1914 3605 1969 3650 Ι).
1994 3605 2045 3652 Ιι.
2071 3606 2145 3661 1.(
2178 3623 2200 3648 ιι
2219 3606 2268 3652 Si
2293 3606 2418 3652 forte
2440 3618 2564 3653 uxor
2580 3643 2596 3666 ‚
2619 3609 2690 3653 vel
2712 3615 2948 3665 cognatus
2970 3645 2987 3664 .,

239 3666 317 3722 10)
360 3666 580 3722 Ulpiani
605 3669 679 3714 Fr.
702 3671 823 3715 xlx.
848 3673 874 3726 s
895 3667 971 3715 18.
994 3694 1051 3703 —
1077 3672 1127 3716 1..
1147 3670 1197 3716 7.
1234 3672 1290 3717 D.
1316 3670 1545 3727 depact.
1614 3669 1686 3713 vel
1709 3670 1817 3726 quis
1842 3670 1964 3715 alius
1989 3702 2005 3723 ,
2051 3680 2147 3714 non
2170 3680 2228 3714 ex
2250 3670 2424 3715 castris
2444 3676 2588 3716 notus
2616 3704 2631 3728 ‚
2674 3671 2988 3718 filiofamilias

183 3727 342 3775 dotat.
370 3755 427 3764 —
453 3729 508 3773 1..
534 3726 617 3776 55.
643 3733 696 3777 D.
719 3730 787 3777 de
804 3743 924 3790 aeq.
951 3744 1060 3779 rer.
1084 3733 1221 3779 dom.
1250 3732 1387 3790 (ΧΗ,
1407 3735 1428 3778 1
1445 3734 1545 3790 .)-
1613 3732 1866 3777 donaverit
1885 3731 2024 3792 quid,
2048 3732 2123 3776 vel
2148 3732 2399 3788 legaverit,
2426 3737 2473 3777 et
2506 3735 2794 3790 expresserit
2833 3736 2989 3780 nomi·

183 3791 234 3836 1..
276 3790 357 3839 38.
393 3794 421 3847 S
466 3787 548 3837 17.
592 3793 645 3839 1..
683 3790 761 3840 45.
807 3807 881 3852 pr.
907 3793 960 3841 L.
984 3793 1064 3841 50.
1090 3796 1141 3841 in
1165 3795 1201 3840 f.
1221 3797 1276 3843 D.
1301 3794 1369 3842 de
1389 3797 1458 3843 V.
1485 3796 1545 3841 0.
1611 3794 1765 3839 natim
1795 3828 1810 3849 ,
1853 3799 1909 3839 ut
1955 3794 2003 3837 in
2049 3795 2282 3839 castrensi
2305 3796 2495 3851 peculio
2515 3796 2692 3841 habeat
2718 3810 2729 3841 :
2755 3808 2815 3841 an
2844 3798 2991 3853 possit

178 3852 333 3912 (XLV,
359 3852 427 3911 1.)
448 3877 513 3886 -
535 3853 611 3900 Cf.
635 3867 780 3914 supra
800 3858 826 3912 S
850 3853 959 3902 1:51.
978 3861 1030 3903 et
1050 3858 1077 3911 S
1097 3855 1211 3905 563.
1249 3863 1353 3904 not.
1376 3856 1424 3904 9.
1615 3856 1851 3901 castrensi
1886 3856 2075 3914 peculio
2105 3857 2358 3914 adgregari
2382 3862 2404 3905 'l
2441 3858 2492 3903 Et
2521 3869 2614 3903 non
2639 3865 2773 3915 puto.
2797 3859 2988 3904 Verita-

240 3916 314 3973 11)
346 3918 402 3962 L.
425 3918 475 3962 3.
500 3916 556 3962 C.
576 3915 644 3962 de
675 3916 823 3974 inoff.
859 3922 978 3965 teet.
1022 3918 1038 3976 (
1060 3920 1118 3965 lll
1149 3955 1164 3973 ,
1191 3918 1271 3966 28.
1295 3921 1312 3975 )
1347 3934 1446 3962 ιι-
1467 3920 1552 3965 Vel
1618 3924 1718 3962 tem
1740 3919 1871 3963 enim
1892 3926 2165 3975 spectamus
2190 3951 2204 3973 ,
2229 3930 2291 3963 an
2313 3930 2428 3967 vcro
2460 3920 2566 3978 [al.
2591 3932 2723 3977 vera,
2746 3920 2814 3966 al.
2839 3920 2988 3979 vere]

182 3978 303 4025 enim
322 3990 572 4037 paganum
595 3984 668 4025 est
691 3981 935 4038 peculium
962 4014 977 4038 ‚
1016 3984 1101 4046 vel
1121 3989 1368 4029 castrense
1393 3997 1419 4024 n
1453 3982 1553 4028 rel.
1617 3982 1876 4098 gasti-:turs
1901 3981 2185 4096 ngfmgagge'
2209 3980 2401 4087 attfegtio
2425 3983 2518 4027 fuit
2545 4015 2560 4039 ‚
2601 3994 2697 4027 non
2727 3984 2857 4041 quod
2880 3984 2988 4041 quis

1656 4053 1910 4087 nxiu.——
1986 4075 1997 4087 .
2135 4053 2270 4087 .n0.
2331 4077 2343 4088 .

773 4105 803 4157 S
834 4101 947 4151 565.
1684 4100 1733 4159 5)
1768 4104 1820 4151 L.
1844 4105 1890 4150 2.
1917 4105 1970 4148 D.
1990 4103 2066 4150 ad
2083 4104 2195 4149 Set.
2223 4106 2429 4152 Maced.
2469 4106 2607 4161 (xlv
2633 4140 2647 4163 ‚
2669 4103 2718 4152 6.
2740 4106 2756 4161 )
2776 4126 2837 4136 -
2859 4106 2914 4153 L.
2937 4105 2985 4155 4.

1623 4167 1648 4219 S
1674 4166 1718 4213 1.
1741 4167 1793 4211 L.
1832 4165 1879 4212 5.
1913 4168 1969 4214 1..
1991 4164 2069 4211 15.
2091 4167 2115 4220 S
2138 4167 2185 4212 3.
2212 4168 2265 4213 D.
2285 4168 2336 4212 1..
2362 4169 2408 4213 2.
2432 4169 2483 4213 L.
2507 4169 2554 4213 5.
2582 4169 2631 4212 in
2658 4168 2692 4215 f.
2714 4169 2767 4214 C.
2790 4166 2842 4212 Ιι.
2866 4172 2902 4215 t.
2927 4195 2988 4204 -—

242 4226 303 4281 (Ἴ
335 4228 415 4273 Pr.
441 4229 478 4273 l.
502 4224 646 4285 quib.
669 4239 781 4274 non
800 4230 1034 4285 per-mm.
1057 4230 1241 4285 facere
1262 4228 1559 4285 cesa-mg.
1624 4230 1679 4273 ι..
1708 4225 1787 4272 18.
1811 4232 1837 4285 s
1857 4227 1905 4274 ⁴.
1926 4227 1973 4275 5.
1996 4230 2050 4274 D.
2070 4226 2122 4273 Ιι.
2147 4231 2184 4273 t.
2210 4252 2265 4260 -
2289 4229 2339 4275 L.
2363 4227 2412 4276 4.
2435 4232 2460 4286 s
2481 4228 2529 4275 Ξ.
2555 4231 2608 4276 Ι).
2632 4231 2683 4277 h.
2713 4234 2748 4275 t.

185 4287 357 4345 (nix,
379 4289 483 4347 17.)
496 4294 545 4334 et
565 4288 683 4334 Cocl.
701 4290 944 4349 (xn.57.)
966 4292 1314 4340 decant-ensi
1331 4289 1559 4347 peculio.
1687 4285 1735 4344 6)
1771 4291 1823 4335 1..
1850 4288 1927 4337 15.
1964 4292 1990 4346 S
2020 4292 2066 4336 1.
2091 4294 2138 4334 et
2165 4291 2190 4343 ς
2211 4291 2257 4334 3.
2288 4292 2336 4338 in
2360 4293 2396 4339 l'.
2423 4294 2475 4338 D.
2501 4291 2552 4337 Ιι.
2580 4296 2616 4336 t.
2642 4311 2704 4321 —
2728 4294 2779 4340 L.
2803 4294 2850 4338 ⁴.
2875 4294 2922 4339 in
2946 4295 2982 4341 f.

176 4351 354 4397 -Josn
378 4353 543 4398 Fer-n.
567 4349 637 4397 de
656 4353 816 4398 Retes
835 4358 1112 4412 opusculor.
1127 4356 1233 4402 Lib.
1250 4355 1307 4400 V.
1328 4358 1390 4400 ‹te
1410 4359 1557 4399 castr.
1622 4354 1680 4398 D.
1702 4351 1902 4407 dejud.
1926 4353 2004 4409 (V,
2031 4351 2098 4407 1.)
2120 4376 2178 4385 —-
2200 4353 2387 4401 caeter.
2411 4354 2508 4399 vid.
2532 4355 2578 4411 a)
2599 4357 2624 4410 s
2642 4351 2690 4399 9.
2718 4355 2754 4400 l.
2776 4356 2842 4403 de
2866 4360 2984 4405 test.

182 4415 363 4468 peculio
388 4415 457 4470 (in
485 4417 705 4460 Meet-m.
731 4414 858 4463 thes.
883 4419 961 4462 Vl.
984 4430 1033 4474 p.
1060 4416 1156 4465 240
1179 4419 1328 4476 sqq.).
1621 4411 1795 4461 ordin.
1825 4440 1881 4447 -—
1903 4415 1951 4471 b)
1973 4416 2023 4461 L.
2050 4412 2127 4460 18.
2149 4426 2224 4472 pr.
2250 4416 2304 4461 D.
2326 4417 2377 4462 lz.
2401 4421 2437 4462 t.

240 4474 287 4531 1)
316 4477 366 4521 l..
391 4475 439 4523 1.
468 4478 525 4522 C.
550 4476 606 4522 Ιι.
631 4478 668 4520 t.
696 4479 709 4526 (
736 4492 762 4517 u
780 4501 839 4510 -
863 4491 939 4524 res
960 4480 1167 4527 mobiles
1191 4513 1206 4533 ,
1249 4490 1377 4537 quae
1410 4476 1562 4525 eunti
1684 4473 1732 4531 7)
1766 4477 1817 4522 Ι..
1843 4476 1886 4523 1.
1913 4478 1959 4523 in
1987 4477 2022 4523 f.
2050 4478 2102 4522 L.
2125 4475 2174 4523 2.
2202 4478 2347 4525 [λιτά
2363 4480 2474 4526 SCt.
2501 4475 2779 4525 Macedon.

182 4535 235 4581 in
256 4537 493 4587 militiam
521 4563 578 4571 —
610 4562 662 4572 ·-
686 4538 897 4586 donatae
919 4549 1050 4588 sunt.
1075 4545 1182 4601 π)-
1205 4544 1256 4588 L.
1281 4542 1359 4588 11.
1377 4544 1431 4587 D.
1451 4540 1502 4587 h.
1518 4544 1556 4585 t.
1684 4534 1731 4591 8)
1768 4540 1847 4585 Pr.
1872 4539 1907 4584 l.
1934 4538 2080 4599 quib.
2105 4550 2210 4584 non
2233 4542 2461 4594 permut.
2478 4540 2584 4595 fac.
2602 4541 2723 4585 test.

182 4602 225 4650 (u
259 4624 303 4632 —
326 4625 387 4635 -·
408 4603 546 4659 quod
568 4626 627 4634 —
652 4626 708 4633 —
732 4600 788 4648 in
812 4603 1005 4650 militia
1022 4605 1207 4663 agenti
1226 4628 1287 4637 —
1311 4628 1372 4636 —
1395 4628 1455 4637 —
1475 4605 1559 4649 do·
1625 4664 1644 4712 1
1682 4597 1731 4657 9)
1766 4602 1819 4648 L.
1858 4601 1933 4649 10.
1960 4613 2034 4660 pr.
2073 4604 2125 4648 D.
2161 4600 2237 4657 ad
2269 4606 2386 4650 Sc't.
2433 4604 2645 4659 Ter-(ru.
2690 4605 2950 4661 (xxxvlll
2975 4642 2987 4667 ,

182 4668 350 4709 natum
370 4669 444 4709 est
468 4668 540 4719 n).
1654 4666 1739 4717 7-)

241 4724 290 4779 2)
322 4728 374 4771 ι..
396 4726 475 4771 11.
501 4725 556 4770 Ι).
579 4724 631 4770 Ιι.
656 4729 692 4771 t.
720 4749 777 4758 —
800 4727 852 4773 L.
877 4728 924 4773 1.
950 4729 1005 4774 C.
1028 4730 1210 4775 eod.—
1230 4729 1284 4773 L.
1308 4725 1557 4775 8.D.eod.
1688 4723 1767 4777 10)
1800 4724 1846 4785 a)
1882 4726 1932 4771 L.
1957 4723 2037 4771 5⁴.
2063 4737 2134 4783 pr.
2161 4727 2216 4770 D.
2243 4727 2311 4773 de
2331 4728 2444 4775 lter.
2466 4731 2571 4784 pet.
2598 4724 2676 4786 (V,
2695 4726 2834 4787 5.)-
2862 4730 2913 4776 1..
2934 4729 2985 4778 2.

186 4786 305 4839 (not.
326 4785 415 4843 4.).
445 4811 501 4820 -
531 4788 584 4832 L.
605 4786 681 4833 19.
703 4800 778 4846 pr.
803 4791 856 4835 D.
883 4791 931 4835 L.
956 4787 1004 4836 4.
1034 4794 1087 4837 C.
1110 4790 1227 4837 eod.
1624 4790 1721 4848 52.
1748 4790 1802 4833 D.
1822 4789 1946 4845 sam.
1970 4799 2078 4834 erc.
2104 4788 2179 4845 (X,
2199 4787 2330 4847 2)-
2353 4791 2402 4835 L.
2430 4788 2506 4836 18.
2532 4802 2605 4847 pr.
2630 4792 2683 4835 D.
2705 4791 2780 4836 ad
2799 4794 2854 4838 L.
2869 4794 2987 4839 Fal-

242 4847 289 4905 3)
325 4851 377 4895 L.
403 4848 484 4895 13.
512 4850 564 4895 L.
592 4849 670 4897 16.
691 4864 766 4910 pr.
792 4853 845 4897 D.
869 4850 921 4897 Ιι.
948 4856 985 4898 t.
1030 4853 1047 4908 (
1074 4850 1275 4909 cujacii
1291 4857 1557 4899 comment.
1621 4851 1721 4900 eid.
1746 4850 1951 4908 (xxxv,
1972 4850 2041 4902 ⁰2.)
2063 4852 2078 4907 (
2097 4849 2160 4896 cf.
2187 4853 2236 4898 L.
2259 4852 2339 4898 ΞΟ.
2362 4854 2388 4907 S
2407 4852 2484 4900 10.
2509 4854 2627 4900 eod.
2650 4857 2682 4910 ).
2705 4878 2764 4886 —
2788 4854 2837 4910 b)
2861 4857 2911 4902 L.
2936 4857 2984 4902 1.

182 4908 242 4953 ad
286 4911 390 4958 Lib.
436 4909 516 4958 19.
559 4922 686 4970 resp.
730 4913 1054 4976 Papiniani,
1099 4928 1213 4975 opp.
1260 4917 1419 4971 posth.
1443 4916 1559 4960 edit.
1624 4915 1674 4961 2.
1700 4917 1753 4961 D.
1779 4915 1828 4960 Ιι.
1852 4919 1888 4959 e.
1908 4936 1969 4947 -—
1992 4914 2042 4958 L.
2069 4913 2113 4961 1.
2140 4912 2261 4967 32⁶2.
2289 4916 2341 4961 D.
2366 4916 2433 4962 de
2453 4917 2625 4964 collat.
2649 4917 2895 4975 (xxxvii,
2916 4916 2989 4975 6.)

182 4971 330 5020 Paris.
353 4975 413 5022 Τ.
437 4975 477 5022 1.
501 4975 556 5020 P.
581 4976 639 5021 ll.
669 4987 718 5034 p.
742 4974 838 5023 615
858 4978 1129 5036 scum—Cf.
1156 4980 1206 5025 L.
1230 4974 1313 5025 16.
1332 4981 1357 5035 3
1379 4977 1561 5025 [βοά.
1626 5001 1686 5012 -
1709 4978 1759 5024 L.
1785 4975 1834 5025 9.
1859 4979 1910 5024 L.
1930 4973 2005 5024 17.
2029 4989 2103 5035 pr.
2128 4975 2280 5027 1..18.
2304 4980 2329 5035 S
2354 4977 2398 5028 1.
2422 4980 2471 5027 L.
2496 4977 2574 5028 19.
2593 4981 2618 5036 3
2640 4977 2688 5026 5.
2715 4980 2769 5025 D.
2792 4979 2842 5025 Ιι.
2865 4984 2902 5026 t.
2933 5003 2989 5014 -
