3544 5506
516 386 631 445 678

508 515 675 589 juris
700 515 902 573 nostri
929 514 1298 574 auctoribus
1323 520 1631 587 vocatur,
1661 515 1922 574 deducit
1964 514 2150 573 heres
2173 554 2192 577 .
2237 514 2422 587 cujus
2467 510 3021 575 fideicommissum
3062 520 3162 574 est
3185 559 3208 588 ‚
3256 524 3325 575 ut

516 609 936 668 hereditatem
966 612 1064 667 vel
1094 617 1345 682 partem
1372 610 1740 669 hereditatis
1765 654 1782 679 ,
1816 625 1985 683 quae
2010 611 2125 683 ipsi
2145 611 2361 669 delata
2388 609 2642 678 est,alii
2669 610 2985 670 restituat.
3013 607 3088 667 Et
3108 626 3324 683 quem-

515 706 861 764 admodum
903 721 1026 764 nec
1066 706 1439 781 legatarius,
1490 706 1580 765 sic
1606 705 1740 765 t'ere
1788 705 2455 774 fideicommissariue,
2493 704 2640 778 qui,
2677 712 2751 763 ut
2779 721 3004 765 rursus
3034 707 3326 766 restituat

514 804 967 875 hereditatem,
999 812 1259 878 rogatus
1287 812 1384 864 est
1402 848 1421 881 ,
1452 806 1706 864 minime
1727 805 1850 864 hoc
1873 806 2033 878 J'ure
2064 805 2272 864 utitur
2290 804 2355 877 ¹),
2392 804 2506 863 nisi
2526 805 2577 863 ai
2599 811 2714 862 aut
2746 801 2957 863 omisit
2980 820 3123 864 eam
3145 806 3326 866 heres

514 904 579 961 in
602 900 830 976 prioris
859 902 1420 964 fideicommissarii
1439 906 1709 978 gratiam
1727 902 1800 978 ²),
1830 912 1945 963 aut
1966 907 2334 978 compulsus
2359 905 2547 963 heres
2569 905 2851 963 restituit
2865 901 3291 964 hereditatem
3307 950 3324 976 ,

515 1014 647 1072 quo
671 1000 731 1058 ra
743 1007 849 1059 cto
875 1003 1250 1074 quadrantis
1272 1002 1634 1060 deducendi
1654 1002 1763 1075 J‘us
1785 1002 2075 1060 similiter
2107 1000 2492 1059 transfertur
2513 1000 2580 1057 in
2603 998 3325 1075 fideicommissarium⁸).

514 1102 853 1159 Praeterea
876 1103 1089 1160 similia
1108 1146 1124 1171 ,
1153 1110 1224 1160 ut
1254 1104 1317 1160 in
1350 1103 1620 1162 Falcidia
1638 1147 1655 1178 ‚
1684 1118 1851 1175 quae
1871 1101 2191 1174 legatariis
2215 1102 2577 1168 deducitur,
2604 1102 2669 1159 in
2693 1101 2822 1161 hoc
2845 1117 3111 1174 quoque
3133 1103 3326 1162 bono-

511 1213 657 1256 rum
686 1202 1045 1272 quadrante
1073 1202 1510 1274 computando
1540 1201 1705 1267 ratio
1729 1202 2010 1260 ineunda
2032 1208 2129 1259 eat
2154 1245 2172 1270 ,
2211 1208 2286 1258 ut
2322 1216 2446 1260 nec
2470 1202 2681 1273 legata
2709 1243 2728 1269 ,
2760 1216 2884 1260 nec
2922 1217 3095 1273 quae
3115 1203 3325 1261 condi-

511 1295 704 1353 tionis
733 1290 1095 1368 implendae
1119 1312 1312 1355 causa
1343 1298 1527 1355 heres
1553 1312 1591 1354 a
1622 1299 1941 1370 legatariis
1970 1292 2222 1370 accepit
2254 1298 2320 1374 (ς
2353 1294 2567 1366 750.›,
2602 1298 2663 1356 ei
2682 1296 3089 1370 imputentur
3108 1342 3127 1367 ,
3153 1315 3326 1371 prae-

512 1400 813 1467 terquam
842 1412 1010 1468 quae
1033 1413 1069 1454 a
1099 1394 1442 1471 semetipso
1468 1399 1688 1456 relicta
1712 1405 1862 1456 sunt
1893 1396 2100 1470 legata
2127 1438 2146 1464 ,
2169 1396 2406 1470 quippe
2433 1411 2602 1469 quae
2638 1396 3072 1455 hereditariae
3095 1393 3327 1470 portio·

513 1485 610 1548 nia
627 1493 778 1561 jure
804 1494 1224 1550 aestimentur
1244 1493 1297 1570 (§
1327 1495 1466 1553 725.
1486 1494 1536 1565 )‚
1576 1500 1690 1552 aut
1712 1494 1830 1552 nisi
1862 1501 2156 1559 testator,
2188 1494 2468 1551 deducta
2496 1499 2677 1551 certa
2697 1508 2773 1551 re
2801 1495 2904 1552 vel
2930 1494 3324 1565 quantitate.

510 1588 759 1660 reliqua
782 1603 920 1647 esse
944 1589 1335 1647 restituenda
1364 1591 1765 1662 praeceperit
1779 1585 1854 1663 ⁴),
1870 1591 1971 1647 vel
1996 1585 2123 1647 alio
2145 1590 2341 1647 modo
2365 1584 2558 1647 animi
2585 1589 2681 1646 sui
2708 1589 3100 1646 sententiam
3129 1605 3150 1646 ε
3168 1589 3323 1646 velle

510 1696 612 1757 se,
644 1690 715 1739 ut
740 1679 932 1742 etiam
965 1690 1220 1755 praeter
1249 1680 1700 1742 hereditariam
1729 1686 2096 1757 portionem
2125 1692 2394 1756 accepta
2440 1685 2504 1740 in
2545 1690 2850 1756 quartam
2898 1685 3322 1759 imputentur,

511 1780 684 1838 haud
715 1777 920 1840 dubiis
945 1779 1189 1841 indiciis
1214 1782 1764 1858 significaverit⁵).
1797 1782 1953 1842 Item
1978 1782 2200 1843 iisdem
2221 1799 2293 1843 ex
2315 1783 2521 1843 causis
2543 1826 2561 1858 ‚
2593 1799 2761 1856 quae
2789 1780 3113 1843 Falcidiae
3141 1785 3327 1841 dedu·

511 1880 793 1939 ctionem
823 1881 1175 1955 impediunt
1200 1926 1216 1956 ‚
1243 1891 1564 1955 quatenus
1588 1884 1849 1958 quidem
1882 1882 1946 1941 in
1974 1882 2592 1942 fideicommissariae
2638 1883 3037 1942 hereditates
3070 1883 3324 1942 omnino

512 1971 660 2033 illae
704 1979 1130 2049 conveniant,
1176 1986 1248 2036 ut
1301 1995 1422 2037 nec
1473 1981 1912 2039 Trebellianae
1962 1982 2144 2038 locus
2189 1975 2306 2049 sit,
2346 1977 2737 2051 efficiturss),
2781 1974 3097 2050 peculiari
3144 1980 3322 2035 etiam

513 2077 862 2134 accedente
908 2093 1103 2136 causa
1146 2080 1268 2137 hae
1299 2122 1317 2147 ,
1367 2086 1474 2143 ut,
1531 2075 1643 2152 qui
1688 2087 1955 2138 coactus
2003 2080 2281 2138 restituit
2335 2079 2762 2137 hereditatem
2784 2120 2800 2145 ,
2861 2079 3018 2135 nihil
3067 2084 3323 2151 quartae

512 2177 772 2234 nomine
803 2178 1081 2236 retinere
1106 2175 1338 2252 possit⁷
1367 2179 1409 2251 ).
1442 2182 1776 2237 Caeterum
1800 2181 1987 2239 heres
2007 2222 2024 2249 ,
2053 2186 2126 2237 ut
2149 2187 2395 2252 partem
2420 2194 2495 2236 ex
2524 2179 2886 2236 hereditate
2909 2179 3027 2236 sibi
3057 2178 3320 2235 debitam

512 2278 830 2347 obtineat,
886 2278 1104 2337 iisdem
1156 2288 1374 2338 utetur
1408 2283 1739 2348 remediis,
1793 2299 1960 2355 quae
2013 2288 2281 2355 propter
2325 2281 2667 2339 Falcidiam
2719 2280 3194 2354 quantitatem,
3237 2276 3317 2336 vel

511 2377 913 2436 retinendam
944 2380 1039 2436 vel
1071 2380 1503 2450 recipiendam
1525 2420 1541 2445 ‚
1573 2387 1951 2453 comparata
1977 2388 2127 2438 sunt
2162 2374 2598 2449 heredibuff).
2646 2381 2736 2435 De
2767 2393 2850 2435 eo
2894 2385 3151 2436 autem:
3184 2393 3318 2434 num

511 2476 732 2550 liberi,
766 2479 997 2550 quibus
1015 2480 1120 2552 jus
1152 2485 1249 2536 est
1288 2480 1606 2550 legitimae
1640 2483 1959 2553 portionis
1981 2527 1996 2553 ,
2041 2481 2363 2552 iidemque
2389 2479 2634 2550 rogati,
2660 2485 2733 2536 ut
2765 2474 3203 2536 hereditatem
3228 2492 3320 2534 re-

510 2576 802 2644 stituant,
836 2583 1179 2650 utramque
1206 2579 1321 2635 sihi
1348 2575 1676 2638 vindicare
1703 2582 1949 2653 possint
1973 2576 2341 2655 portionem
2374 2584 2399 2635 ἲ
2428 2580 2633 2636 multo
2664 2578 2867 2636 etiam
2897 2573 3113 2635 minus
3150 2576 3321 2634 dubi-

510 2680 688 2732 tatur
710 2675 831 2734 hoc
860 2676 925 2733 in
958 2678 1136 2746 loco,
1171 2678 1234 2735 in
1265 2695 1396 2751 quo
1442 2696 1613 2738 nunc
1640 2696 2028 2751 ,vet-samur,
2060 2696 2258 2755 quam
2285 2680 2350 2736 in
2376 2679 2693 2750 superiori
2740 2678 2856 2735 illo
2883 2721 2901 2748 ,
2950 2674 3065 2751 qui
3113 2684 3208 2735 est
3248 2677 3319 2733 de

511 2767 822 2829 Falcidiae
855 2774 1179 2844 legatariis
1205 2776 1650 2836 detrahendae
1675 2773 1918 2851 jure⁹).

1218 400 1372 443 Pus
1409 400 1566 443 8980.
1605 400 1725 443 ΗΒ.
1765 400 1831 442 Υ.
1871 401 1951 443 118
1985 397 2416 443 multarunt
2447 399 2627 445 ¹JUEB·

1947 2979 2066 3038 quid
2102 2990 2216 3027 vero
2245 2981 2524 3039 implendae
2546 2979 2852 3025 conditionis
2871 2990 3026 3026 cauca
3045 2977 3175 3024 heres
3190 2973 3312 3021 aeci-

1100 3043 1128 3096 S
1158 3038 1271 3088 758.
1948 3045 2093 3100 piata
2119 3045 2366 3101 legatariis
2388 3078 2403 3101 ,
2426 3045 2472 3089 iu
2501 3043 2743 3090 Falcidiae
2774 3043 3196 3099 computationem
3225 3048 3314 3106 nott

1949 3105 2179 3161 prodesse
2205 3140 2219 3164 ,
2245 3110 2294 3151 et
2335 3105 2442 3151 ideo
2465 3139 2480 3162 ,
2520 3106 2558 3149 si
2595 3110 2796 3151 eentum
2823 3105 3084 3162 praedium
3105 3103 3320 3158 tegavent

571 3160 618 3217 1)
639 3161 693 3208 1..
710 3160 792 3208 22.
813 3160 910 3217 3-5.
935 3164 989 3211 L.
1010 3160 1091 3211 55.
1124 3157 1218 3219 ΕΞ.
1242 3168 1298 3212 D.
1321 3164 1377 3213 Ιι.
1401 3169 1440 3212 t.
1464 3164 1516 3220 (u
1543 3187 1603 3198 —-
1626 3165 1886 3212 cumcuim
1949 3167 2233 3224 defunctus,
2257 3168 2295 3213 si
2327 3168 2680 3225 quinquaginta
2701 3167 2874 3213 heredi
2900 3166 3167 3223 legatarius
3186 3164 3319 3208 dede·

506 3225 654 3269 semel
675 3226 806 3270 adita
829 3232 899 3271 est
919 3226 1165 3274 hereditas
1186 3263 1201 3286 ,
1224 3229 1382 3276 omnis
1413 3228 1634 3275 defuncti
1663 3231 1884 3274 voluutas
1948 3231 2038 3286 rit,
2063 3236 2262 3277 centum
2296 3232 2464 3286 legatis
2498 3232 2924 3286 computationem
2949 3228 3057 3274 fieri
3079 3262 3095 3284 ‚
3114 3232 3164 3272 et
3185 3227 3318 3282 quin·

504 3289 610 3331 rata
631 3289 1077 3347 constituitur.›‚.-)
1944 3294 2178 3348 quaginta
2199 3298 2338 3339 extra
2357 3292 2683 3338 hereditatem
2711 3292 2885 3338 haberi
2911 3323 2928 3347 ,
2947 3302 3012 3336 ne
3034 3292 3086 3335 in
3107 3292 3315 3345 quartam

570 3347 616 3400 2)
640 3348 692 3393 1..
719 3351 763 3394 1.
787 3352 812 3406 s
838 3350 915 3397 19.
943 3353 996 3399 D.
1018 3354 1071 3399 Ιι.
1091 3354 1128 3397 t.

565 3406 685 3465 3)1..
708 3410 933 3467 652311.
960 3416 1013 3461 D.
1037 3416 1091 3461 Ιι.
1118 3413 1520 3471 t.—37.1.h.t.

565 3470 614 3526 4)
633 3474 660 3528 S
681 3474 728 3519 9.
749 3474 784 3518 Ι.
806 3476 858 3521 lt.
881 3478 1039 3522 t.-1..
1062 3477 1141 3523 58.
1168 3479 1194 3532 ς
1213 3480 1259 3524 3.
1287 3481 1338 3524 D.
1363 3479 1414 3525 Ιι.
1443 3479 1598 3525 t.-1..
1620 3476 1703 3525 9t.
1725 3474 1875 3524 1095.

505 3534 561 3579 D.
583 3534 659 3579 ad
675 3537 730 3581 L.
758 3537 956 3584 Falcid.
981 3540 1186 3595 (xxxv,
1210 3541 1279 3595 2.)
1302 3542 1386 3596 (ci.
1411 3547 1516 3588 not.
1541 3544 1683 3599 seq.).

565 3593 614 3653 5)
650 3599 710 3643 At
731 3601 909 3644 aci-iter
930 3603 1201 3648 etiamnum
1236 3603 1328 3650 hae
1366 3605 1426 3650 de
1462 3615 1513 3649 re
1556 3603 1686 3649 inter
1703 3600 1873 3648 doctos

502 3655 724 3705 homines
757 3661 1051 3719 disputatur.
1096 3665 1185 3721 Qui
1206 3673 1371 3710 autem
1389 3668 1461 3711 vel
1486 3668 1697 3711 maxime
1718 3665 1870 3709 inter-

1945 3357 1991 3398 ei
2015 3355 2337 3412 imputentur.
2356 3375 2378 3395 ι
2420 3376 2480 3387 —
2514 3354 2590 3400 Cf.
2615 3356 2805 3401 Basilio.
2842 3354 2901 3398 Τ.
2930 3352 2988 3397 V.
3015 3365 3066 3410 p.
3084 3349 3194 3397 598.
3219 3351 3235 3404 )
3263 3371 3313 3380 -

1942 3415 1994 3460 L.
2024 3415 2101 3462 24.
2124 3419 2176 3465 C.
2197 3416 2327 3471 sam.
2351 3415 2543 3465 ere-irc.
2565 3417 2644 3467 (lu
2663 3451 2677 3471 ,
2696 3414 2968 3474 56.)-(ct.
2992 3416 3238 3469 cvjaeius
3256 3410 3313 3454 ad

1940 3476 2110 3535 Paptn.
2138 3481 2242 3526 Lib.
2265 3478 2312 3526 6.
2341 3492 2467 3537 resp.
2492 3489 2605 3535 opp.
2634 3485 2762 3536 post.
2798 3479 2880 3523 ed.
2906 3478 3020 3522 Par.
3043 3478 3106 3521 Τ.
3127 3477 3167 3521 t.
3186 3475 3234 3519 Ρ.
3258 3472 3310 3544 ll.

1939 3552 1990 3595 p.
2016 3539 2208 3600 2522.)-
2229 3543 2279 3588 t..
2299 3542 2381 3589 95.
2408 3543 2463 3588 D.
2488 3542 2564 3587 ad
2581 3542 2703 3600 ἑᾶς.
2727 3538 2939 3588 Falcid.
2964 3560 3023 3569 —
3051 3538 3101 3583 t..
3129 3534 3205 3583 18.
3227 3537 3313 3590 So.

1937 3604 1992 3652 Ι).
2014 3602 2067 3650 Ιι.
2094 3605 2253 3650 t.-1..
2277 3603 2357 3651 86.
2378 3606 2432 3650 D.
2457 3602 2534 3649 ad
2555 3605 2610 3649 L.
2638 3600 2984 3653 valeia—ef.
3003 3599 3204 3656 cujacii
3216 3598 3314 3644 obs.

1936 3664 2038 3720 Vll!
2057 3699 2072 3723 ‚
2095 3664 2145 3713 ξ.
2173 3691 2227 3698 -
2253 3670 2339 3714 Jo.
2367 3668 2503 3725 Auq.
2526 3666 2714 3712 Bacltii
2736 3676 2906 3723 opusc.
2930 3664 3017 3709 Μ’.
3042 3664 3144 3710 xli.
3166 3674 3214 3721 p.
3233 3657 3318 3707 ⁴52

501 3726 698 3777 pretum
736 3723 929 3780 ingenia
970 3727 1129 3773 adhuc
1163 3733 1486 3774 exercuerunt
1512 3729 1606 3774 loci
1627 3763 1641 3783 ,
1666 3728 1717 3774 hi
1755 3732 1873 3772 sunt
1933 3737 2041 3785 sqq.
2077 3752 2136 3761 —
2169 3729 2444 3787 Hoepfner
2460 3729 2735 3774 Commeat.
2761 3731 2787 3783 S
2810 3724 2924 3773 614.
2952 3731 3058 3772 not.
3088 3729 3134 3771 1.
3171 3749 3227 3757 -—
3256 3722 3317 3768 de

500 3784 723 3840 inprimis
746 3802 757 3832 :
784 3788 835 3832 Ι..
858 3785 938 3833 ⁹1.
984 3790 1039 3834 Ι).
1082 3789 1158 3835 ad
1182 3792 1235 3836 1..
1260 3791 1458 3838 Falcid.
1485 3790 1503 3847 (
1530 3807 1551 3828 «
1572 3791 1624 3835 ln
1648 3795 1877 3848 quartam

501 3843 786 3894 hereditatis
808 3883 823 3901 ,
875 3862 1022 3907 quam
1062 3863 1148 3909 per
1207 3854 1365 3909 legem
1416 3853 1674 3898 Falcidiam
1736 3849 1878 3896 heres

501 3905 683 3955 hahere
723 3911 896 3969 debet,
930 3916 1233 3972 imputantur
1256 3928 1333 3961 res
1355 3948 1370 3971 ,
1404 3927 1523 3974 quas
1549 3914 1659 3970 jure
1682 3913 1879 3960 heredi-

501 3974 629 4017 tarto
671 3973 802 4028 capit
823 4007 837 4029 ,
880 3985 978 4021 non
1013 3988 1136 4034 quas
1167 3977 1278 4031 jure
1320 3980 1466 4036 legati
1507 3980 1579 4022 vel
1627 3978 1880 4023 fideicom-

501 4032 658 4090 missi,
678 4038 751 4080 vel
774 4036 1047 4093 implendae
1069 4040 1365 4086 conditionis
1387 4051 1531 4086 causa
1551 4041 1747 4097 accipit.
1784 4037 1880 4086 Sed

499 4093 551 4139 in
572 4095 1019 4146 fideicommissaria
1052 4100 1323 4147 hereditate
1347 4102 1667 4159 restituenda,
1686 4102 1790 4147 sive
1810 4103 1882 4147 le-

499 4163 667 4212 gamm
689 4161 761 4206 vel
785 4161 1211 4209 fideicommissum
1244 4166 1414 4211 datum
1452 4165 1515 4210 sit
1547 4163 1755 4220 heredi,
1774 4164 1876 4209 sive

497 4222 778 4277 praecipere
805 4257 821 4280 ,
842 4225 912 4269 vel
936 4225 1178 4271 deducere
1204 4260 1218 4283 ,
1240 4229 1314 4273 vel
1336 4228 1548 4273 retinere
1568 4227 1733 4280 jussus
1753 4233 1828 4271 est
1859 4258 1876 4283 ‚

500 4282 553 4325 in
590 4289 817 4341 quartam
859 4286 908 4331 id
953 4288 995 4332 ei
1029 4288 1301 4346 imputatur
1325 4304 1336 4334 ι
1364 4301 1452 4346 pro
1480 4300 1536 4333 ea
1560 4300 1675 4334 vero
1694 4294 1836 4347 parte
1859 4320 1874 4344 ‚

500 4355 649 4400 quam
669 4348 855 4405 accepit
872 4358 899 4392 a
919 4348 1175 4406 coherede,
1189 4358 1327 4397 extra
1351 4356 1600 4409 quartam,
1616 4352 1648 4395 i.
1676 4362 1719 4395 e.
1745 4352 1878 4408 quod

500 4416 531 4449 a
551 4405 789 4454 coherede
810 4410 1066 4468 accipitur.
1110 4413 1201 4458 Sed
1233 4413 1322 4457 etsi
1339 4419 1537 4470 accepta
1564 4414 1769 4469 pecunia
1790 4412 1880 4457 he-

501 4470 760 4516 reditatem
780 4474 1037 4519 restituere
1061 4481 1256 4532 rogatus
1280 4477 1362 4531 ιιι,
1408 4477 1455 4522 id
1476 4509 1491 4535 ,
1513 4476 1647 4532 quod
1670 4476 1877 4537 accipit,

502 4529 553 4574 in
576 4539 801 4587 quartam
825 4536 868 4579 ei
888 4535 1187 4600 imputatur,
1210 4544 1263 4583 ut
1286 4539 1341 4583 D.
1368 4539 1477 4583 Pius
1498 4538 1753 4583 coustituit
1777 4537 1879 4594 [cf.

500 4597 617 4637 uota
635 4591 723 4663 5¹8·
749 4598 798 4640 iu
820 4597 899 4642 ed.
925 4598 1047 4645 Geb.
1072 4601 1158 4655 Sp.
1176 4597 1212 4657 J.
1258 4600 1355 4646 Sed
1377 4606 1426 4646 et
1445 4601 1574 4657 quod
1601 4600 1880 4657 implendae

501 4654 795 4701 conditionis
817 4671 963 4704 causa
983 4661 1413 4708 fideicommissum
1448 4662 1617 4709 heredi
1641 4663 1806 4720 datur,
1828 4664 1880 4708 in

500 4716 673 4764 eadem
690 4731 835 4766 causa
875 4733 980 4769 esse
1011 4723 1370 4772 admittendum
1386 4757 1402 4785 ‚
1424 4726 1678 4774 sciendum
1706 4731 1782 4771 est
1803 4757 1817 4785 ,
1840 4726 1882 4771 si

1940 3789 2193 3844 lindelos
2205 3793 2374 3837 Archiv
2401 3790 2437 3836 i.
2455 3793 2549 3836 civ.
2577 3792 2747 3838 Praxis
2768 3791 2847 3836 lv.
2875 3790 2955 3833 Nr.
2981 3787 3066 3834 50.
3090 3812 3153 3823 —
3171 3788 3316 3833 noss-

1940 3850 2047 3899 lure
2072 3854 2128 3898 Τ.
2155 3855 2189 3898 l.
2215 3867 2263 3912 p.
2288 3852 2634 3899 185—200.-
2667 3855 2930 3900 Caeterum
2951 3854 3089 3896 nullo
3106 3856 3315 3896 veterum

1937 3915 2180 3961 detor-um
2214 3917 2494 3962 testimonio
2530 3926 2655 3972 opus
2697 3917 2833 3971 fuit,
2858 3920 2911 3958 ut
2951 3917 3315 3970 intelligeretur,

1943 3987 2020 4020 res
2042 4010 2056 4032 ‚
2082 3990 2210 4034 quae
2251 3979 2314 4025 ab
2347 3979 2525 4024 herede
2547 3977 2794 4024 alienatae
2816 3979 2915 4022 siut
2934 3988 2994 4021 ex
3018 3975 3281 4021 hereditate
3299 4005 3314 4030 ,

1943 4038 1992 4084 in
2015 4045 2245 4097 quartam
2269 4053 2373 4086 esse
2393 4040 2846 4097 imputandas.—l..
2865 4036 2915 4083 5.
2937 4040 2965 4092 ς
2985 4039 3037 4085 3.
3059 4040 3115 4084 D.
3138 4037 3192 4083 ἡ.
3212 4038 3247 4081 t.

2009 4100 2059 4158 6)
2078 4102 2220 4147 Certe
2233 4114 2289 4148 ex
2311 4104 2557 4149 communi
2569 4102 2803 4149 actorum
2825 4101 3059 4158 opinione
3071 4095 3317 4158 (manius

1939 4166 2025 4211 sel.
2045 4165 2148 4219 jur.
2174 4171 2367 4222 quaest.
2414 4167 2453 4211 lt
2480 4198 2495 4221 ,
2514 4162 2592 4211 28.
2629 4171 2684 4211 et
2708 4163 2930 4212 Ylu'bcnu
2949 4164 3107 4209 Pand.
3131 4164 3157 4217 ς
3175 4157 3316 4214 9Ξ9.).

1939 4226 2059 4273 Nam
2077 4230 2209 4284 quod
2229 4229 2293 4272 ad
2317 4228 2689 4274 fideicommissa
2712 4230 2898 4273 attinet
2913 4260 2928 4278 ,
2960 4238 3091 4284 quae
3111 4226 3200 4283 ptis
3215 4234 3318 4267 eor-

1939 4290 2142 4347 poribus
2200 4291 2548 4347 relinquuntur
2566 4323 2583 4342 ,
2612 4291 2708 4335 vid.
2779 4290 3035 4336 Auctoris
3088 4284 3318 4332 Beurthei-

1945 4352 2064 4408 lung
2097 4352 2181 4399 des
2225 4351 2540 4399 stadelschen
2579 4352 2974 4410 Beerhungst‘alls
3015 4363 3068 4409 p.
3103 4347 3314 4404 mam.

1946 4417 2041 4471 (ur.
2063 4414 2153 4472 2.).

2007 4474 2056 4533 7)
2091 4475 2216 4524 1..4.
2258 4478 2314 4522 D.
2350 4476 2462 4522 lut.
2499 4499 2556 4510 —·
2588 4474 2765 4535 321.
2801 4476 2923 4523 eod.
2959 4499 3018 4508 —
3051 4473 3124 4520 Cf.
3156 4474 3182 4530 ς
3210 4467 3313 4517 155.

1943 4543 2048 4584 not.
2072 4539 2149 4585 1⁰.

2006 4596 2055 4656 8)
2080 4601 2130 4646 Ι..
2156 4598 2239 4647 21.
2263 4602 2317 4647 D.
2340 4601 2395 4646 12.
2419 4604 2455 4647 e.

2005 4660 2183 4773 ιὲθνιιι.
2207 4661 2354 4773 «2616.
2380 4670 2431 4710 et
2452 4660 2533 4712 18.
2571 4665 2632 4712 x.
2670 4663 2742 4711 de
2786 4665 2996 4712 testam.
3019 4671 3071 4711 et
3091 4661 3156 4711 et·
3178 4667 3309 4717 supra

1941 4726 1968 4779 S
1988 4723 2018 4771 'a'
2087 4757 2100 4771 .
2126 4731 2230 4773 not.
2281 4759 2293 4773 .
