3544 5506
559 330 677 388 612

565 454 931 524 constituit,
972 460 1079 525 ut,
1114 454 1166 513 si
1198 455 1455 528 quidem
1485 453 1824 528 pauciores
1855 456 2015 523 sint,
2059 446 2255 527 quam
2296 454 2580 527 quinque
2606 466 3051 511 successorum
3077 467 3346 513 necem·

560 548 809 613 riorum
839 568 1154 625 personae
1169 597 1186 623 ‚
1214 554 1413 611 triens
1437 549 1525 612 eis
1551 553 1867 624 legitimae
1891 554 2202 625 portionis
2222 552 2481 611 nomine
2503 552 2925 623 relinquenda
2951 552 3033 610 sit
3050 594 3067 627 ‚
3093 552 3191 610 sin
3211 567 3344 612 vero

563 652 735 708 ultra
760 656 1037 721 quatuor
1059 650 1265 709 adsint
1281 693 1298 719 ,
1332 646 1604 710 semissis
1627 652 1946 708 bonorum
1970 650 2251 709 defuncti
2281 651 2362 707 ad
2385 665 2496 708 eos
2516 650 2839 722 pertineat
2857 645 2928 723 ²).
2959 651 3194 726 Quodsi
3217 666 3346 711 vero

563 752 647 809 de
670 757 853 822 parte
876 751 1209 822 quaeritur
1228 790 1245 819 ‚
1268 766 1437 824 quae
1459 752 1719 822 singuiis
1744 751 2139 822 adsignanda
2161 747 2241 809 sit
2262 766 2338 809 ex
2357 750 2746 819 hereditate,
2775 745 3014 808 rectius
3042 751 3343 817 statuitur,

565 857 814 923 partem
840 865 977 909 esse
1020 851 1330 923 portionis
1369 853 1450 909 ali
1481 850 1786 909 intestato
1820 851 2054 925 cuique
2084 851 2342 909 debitae
2378 846 2452 923 ⁵),
2491 850 2613 908 hoc
2645 855 2872 922 pacto,
2909 856 2982 907 ut
3009 864 3089 907 ea
3120 851 3345 922 quidem

566 951 930 1025 quantitas,
958 951 1218 1023 quaead
1238 952 1603 1023 quempiam
1616 950 1978 1024 perveniat,
1998 967 2078 1010 ex
2105 965 2525 1024 personarum
2558 965 2832 1008 numero
2865 950 3232 1007 definienda
3258 950 3345 1024 sit,

561 1060 735 1118 quae
760 1061 892 1103 una
927 1051 1324 1104 concurrant
1351 1046 1413 1102 in
1445 1046 1725 1105 intestati
1748 1043 2139 1122 hereditate,
2166 1048 2316 1105 licet
2346 1060 2478 1105 non
2506 1060 2727 1104 omnes
2753 1045 3035 1103 habeant
3058 1045 3347 1117 legitimae

564 1144 1000 1217 petendaejm
1026 1141 1091 1218 ⁴).
1124 1142 1313 1206 Unde
1341 1144 1533 1207 etiam
1560 1153 1656 1204 est
1677 1188 1693 1212 ,
1726 1148 1901 1218 quod
1924 1142 2116 1217 vulgo
2149 1146 2381 1205 dicitur
2407 1164 2421 1201 ε
2449 1141 2820 1201 exheredatus
2851 1151 3085 1219 partem
3122 1141 3264 1219 facit
3291 1141 3350 1201 ad

564 1238 965 1308 minuendam,
988 1257 1291 1299 numerum
1313 1239 1458 1317 facit
1482 1239 1562 1299 ad
1586 1239 1911 1316 auqendam
1938 1239 2249 1317 teqitimam
2270 1237 2336 1314 ὗ).
2369 1239 2852 1311 computandae
2890 1246 3111 1296 autem
3141 1240 3348 1297 consti·

559 1337 924 1393 tuendaeve
941 1336 1256 1407 legitimae
1276 1338 1438 1395 ratio
1463 1338 1623 1395 haec
1644 1343 1742 1394 est
1766 1354 1781 1393 ε
1806 1335 2107 1410 primum,
2122 1343 2198 1393 ut
2218 1337 2387 1394 bona
2411 1336 2830 1394 aestimentur
2850 1350 2927 1393 ex
2951 1351 3033 1394 eo
3054 1342 3345 1408 tempore,

564 1450 698 1508 quo
720 1442 1010 1494 mortuus
1033 1444 1129 1494 est
1154 1444 1424 1496 testator
1450 1437 1539 1513 8);
1570 1437 1804 1496 deinde
1827 1452 1903 1495 ex
1928 1433 2046 1494 illis
2067 1452 2176 1495 aes
2198 1437 2475 1495 alienum
2496 1474 2513 1505 ,
2546 1451 2694 1493 cum
2716 1433 3002 1492 defuncti
3024 1442 3162 1493 tum
3186 1437 3349 1508 ipsius

562 1531 959 1602 hereditatis,
985 1532 1345 1591 deducatur
1364 1532 1413 1605 ⁷)
1427 1550 1445 1608 ;
1478 1533 1755 1604 denique
1779 1531 2178 1605 imputentur
2193 1533 2285 1591 eis
2307 1576 2323 1602 ,
2353 1532 2586 1605 quibus
2607 1526 2890 1602 legitima
2905 1546 3057 1605 pars
3074 1533 3345 1598 debetur,

564 1637 634 1690 et
661 1647 829 1704 quae
858 1647 934 1690 ex
954 1633 1179 1689 ultima
1200 1633 1484 1691 defuncti
1510 1633 1843 1691 voluntate
1870 1634 1951 1689 ad
1982 1632 2120 1690 ilios
2150 1628 2443 1705 pervenit
2462 1675 2478 1702 ‚
2509 1637 2966 1704 praeterquam
2989 1630 3136 1705 iure
3158 1631 3350 1689 substi-

573 1723 839 1786 tutionis
893 1734 960 1785 et
1011 1723 1452 1793 accrescendi,
1498 1735 1566 1786 et
1609 1730 1791 1786 dotes
1818 1724 2276 1787 donationesve
2325 1733 2592 1801 propter
2620 1727 2877 1799 nuptias
2893 1767 2910 1793 ,
2955 1735 3024 1785 et
3066 1728 3350 1800 simplices

572 1824 984 1894 donationes,
1017 1841 1092 1884 ea
1115 1826 1372 1899 quidem
1399 1826 1536 1898 lege
1562 1827 1770 1886 iactae
1791 1869 1807 1895 ‚
1841 1836 1914 1886 ut
1950 1828 2376 1901 imputentur,
2399 1836 2536 1886 tum
2576 1829 2768 1885 etiam
2811 1827 3075 1886 militiae
3101 1844 3141 1886 a
3180 1824 3348 1902 patris

567 1922 990 1998 ejusdemque
1013 1927 1337 1984 testatoris
1360 1927 1629 1999 pecunia
1656 1928 1987 2002 profectae
2013 1945 2223 2002 quave
2245 1945 2321 1988 ex
2347 1925 2468 1987 illis
2496 1933 2649 1986 sunt
2668 1927 2959 2001 quaesita
2978 1924 3049 2001 ⁸).

1261 346 1414 388 uns
1451 345 1612 389 BPDC·
1653 347 1774 389 un.
1816 346 1881 389 V·
1923 347 1999 389 nt
2035 346 2461 390 neutrarum
2499 343 2673 388 «lm.

812 2104 1000 2180 §680.
1031 2103 1089 2180 c)
1121 2101 1408 2175 Quomodo
1437 2103 1815 2182 relinquenda
1832 2105 1908 2165 sit
1933 2104 2212 2185 leqitima,
2243 2114 2369 2164 tum
2396 2123 2417 2165 .·
2442 2104 2510 2164 de
2534 2102 2855 2182 expletoria
2878 2102 3117 2162 actione.

624 2278 716 2361 ,1)
748 2278 1051 2353 Legitima
1082 2276 1296 2352 portio
1342 2269 1473 2338 n'on
1514 2285 1765 2338 tantum
1804 2274 2215 2338 institutionis
2257 2280 2478 2348 titulo,
2527 2296 2751 2341 verum
2798 2281 2996 2340 etiam
3042 2280 3227 2353 legati
3262 2280 3340 2335 vei

570 2369 1032 2433 fideicommissi
1075 2375 1348 2448 relinqui
1391 2382 1601 2447 potest
1640 2372 1725 2450 ¹),
1770 2376 1925 2433 dum
1965 2375 2118 2433 illud
2151 2381 2368 2433 tamen
2415 2382 2643 2434 caveat
2686 2383 2997 2453 testator,
3053 2382 3126 2435 ut
3153 2379 3214 2433 in
3246 2376 3344 2433 aiis

573 2470 940 2534 testamenti
974 2482 1158 2548 parte
1197 2477 1296 2533 vel
1337 2475 1605 2533 heredes
1648 2489 1758 2533 eos
1799 2477 2074 2544 scribat,
2114 2477 2213 2533 vel
2263 2476 2611 2534 exheredes
2649 2491 2761 2535 eos
2811 2476 3044 2553 saciat,
3097 2492 3247 2550 quos
3284 2489 3340 2531 ex

572 2573 889 2632 novissimi
910 2574 1071 2648 J'uris
1111 2577 1371 2635 decreto
1412 2571 1655 2636 institui
1693 2582 1955 2648 oportet
1999 2556 2069 2650 ²).
2118 2576 2666 2653 Quemadmodum
2698 2584 2919 2635 autem
2967 2575 3028 2651 2)
3073 2573 3343 2649 exipsius

638 2752 686 2813 2)
717 2753 836 2800 Nov.
861 2749 938 2800 18.
961 2766 1004 2800 c.
1030 2755 1078 2800 1.
1104 2755 1254 2802 —ct.
1276 2753 1548 2803 Schrader
1586 2758 1687 2803 cir.
1733 2755 1858 2803 Abii.
1894 2758 1932 2803 1.
2000 2768 2108 2802 non
2136 2757 2303 2801 totam
2327 2750 2679 2801 hereditatem
2720 2751 2927 2814 debeo,
2973 2750 3070 2799 sed
3102 2746 3338 2797 dimidiam

572 2815 655 2861 Νι.
677 2816 734 2862 V.
757 2818 783 2871 s
816 2817 863 2862 1.
888 2820 990 2862 not.
1011 2828 1059 2862 a.
1083 2820 1132 2862 et
1153 2817 1179 2871 ς
1201 2815 1342 2864 2-5.
1369 2818 1535 2873 —(Ct.
1562 2825 1612 2864 et
1634 2818 1791 2874 eiusd.
1815 2820 1934 2866 Nov.
1995 2820 2193 2875 petere.
2213 2818 2428 2863 Proinde
2451 2817 2489 2861 si
2513 2818 2612 2862 sint
2648 2827 2709 2862 cx
2732 2815 2932 2861 duobus
2980 2816 3083 2860 filiis
3115 2819 3291 2869 nepotes
3311 2824 3332 2845 ·

573 2889 620 2923 c.
645 2876 695 2925 2.
731 2901 792 2910 —
828 2878 1182 2938 Westenberq
1219 2881 1344 2927 liiss.
1375 2881 1456 2925 lii.
1474 2892 1520 2925 c.
1541 2879 1591 2926 2.
1616 2878 1644 2934 S
1664 2877 1695 2926 5
1715 2883 1844 2939 sqq.)
1878 2905 1936 2915 -
2001 2880 2098 2927 rel.
2123 2879 2252 2934 (vid.
2281 2882 2309 2935 ς
2331 2876 2446 2924 678.
2477 2884 2580 2923 not.
2604 2876 3034 2932 7.)—Westenb.
3054 2877 3100 2921 0.
3124 2877 3194 2920 lii.
3226 2884 3269 2916 e.
3287 2868 3337 2915 3.

572 2939 851 2997 Caeterum,
875 2952 936 2987 an
960 2941 1021 2987 ad
1043 2948 1267 2998 parentes
1287 2953 1503 3001 quoque,
1529 2946 1634 2986 tum
1651 2945 1713 2988 ad
1738 2944 1937 3000 statres,
2001 2945 2027 2999 ς
2047 2941 2076 2989 4
2095 2954 2198 2999 sqq.
2227 2964 2288 2974 -
2329 2940 2490 2986 Gtuck
2513 2941 2641 2985 Diss.
2666 2941 2801 2986 laud.
2829 2941 2882 2985 S.
2904 2942 2963 2985 ΙΙ.
2987 2942 3012 2994 s
3033 2937 3085 2983 10
3114 2961 3166 2971 -
3196 2931 3271 2981 14.
3289 2938 3339 2976 et

571 3011 699 3047 nova
723 3002 901 3048 haecce
940 3003 1186 3060 legitimae
1228 3006 1378 3062 partis
1420 3004 1640 3051 definitio
1679 3006 1938 3052 referenda

573 3064 667 3110 sit?
689 3064 738 3109 id
760 3067 838 3111 vix
861 3070 953 3119 est,
975 3068 1106 3124 quod
1122 3066 1422 3123 dubitemus,
1435 3067 1541 3111 scil.
1556 3072 1756 3124 propter
1774 3069 1939 3125 verba,

575 3137 701 3183 quae
726 3127 790 3172 ita
809 3129 1037 3184 leguntur
1061 3128 1108 3172 in
1131 3127 1165 3175 i'.
1191 3142 1234 3175 o.
1260 3130 1306 3175 1.
1327 3130 1441 3175 Nov.
1468 3127 1544 3174 18.
1577 3143 1588 3172 :
1612 3147 1635 3171 ι
1659 3129 1749 3174 boc
1768 3130 1939 3175 obser·

572 3190 738 3234 vando
761 3191 808 3235 iu
831 3191 1055 3236 omnibus
1077 3191 1312 3248 personis,
1337 3192 1384 3235 in
1406 3191 1584 3249 quibus
1606 3191 1670 3237 ab
1692 3191 1833 3237 initio
1854 3203 1941 3237 an·

571 3250 738 3308 tiquae
756 3257 960 3310 quartae
980 3253 1105 3298 ratio
1122 3255 1183 3299 de
1201 3252 1469 3299 inofficioso
1484 3254 1590 3309 lege
1600 3255 1794 3299 decreta
1808 3259 1912 3298 est·
1924 3287 1939 3311 ‚

573 3312 773 3372 (quibus
797 3315 1000 3360 indicari
1019 3315 1237 3369 videtur,
1255 3327 1381 3372 quae
1405 3316 1584 3359 diserte
1607 3317 1810 3373 quidem
1842 3327 1939 3360 non

577 3375 672 3420 nisi
694 3376 754 3421 de
776 3376 938 3422 liberis
961 3381 1075 3422 ante
1097 3380 1371 3423 sanciverat
1391 3377 1662 3434 imperator
1679 3411 1694 3430 ,
1716 3389 1774 3423 ea
1794 3380 1941 3426 etiam

573 3437 628 3481 in
652 3438 851 3496 reliquis
873 3439 1112 3496 personis,
1131 3440 1307 3498 quibus
1329 3440 1544 3496 legitima
1565 3440 1941 3496 debeatur‚esse

574 3499 916 3557 observanda);
934 3505 1041 3545 tum
1062 3511 1176 3548 vero
1197 3508 1393 3559 propter
1414 3501 1559 3546 verba
1574 3502 1691 3548 Nov.
1707 3502 1787 3548 89.
1801 3502 1938 3549 ο.19.

578 3563 606 3616 s
625 3559 674 3607 ὅ.
706 3576 716 3606 :
744 3563 834 3607 “Si
858 3573 971 3607 vero
1011 3562 1272 3609 habuerint
1299 3564 1493 3621 aliquos
1530 3565 1898 3610 ascendentium
1923 3597 1939 3620 ‚

577 3623 846 3680 legitimam
862 3626 933 3671 eis
954 3624 1236 3682 relinquant
1250 3628 1474 3685 partem,
1490 3637 1651 3682 quam
1663 3626 1750 3672 tex
1768 3630 1823 3672 et
1842 3637 1940 3672 nos

575 3684 944 3732 constituimus
963 3701 1007 3730 ιι.
1029 3686 1102 3731 61.
1124 3694 1170 3734 et
1193 3688 1355 3734 schol.
1379 3688 1571 3733 Basilio.
1586 3688 1646 3734 Τ.
1671 3689 1728 3734 V.
1753 3701 1803 3746 p.
1826 3686 1938 3735 483.

578 3752 682 3792 not.
706 3749 756 3793 d.
777 3772 838 3782 -
859 3751 965 3796 vid.
991 3749 1345 3809 Wenenoerq
1365 3751 1420 3795 D.
1448 3749 1529 3795 111.
1560 3763 1603 3796 c.
1627 3751 1678 3796 5.
1702 3753 1723 3805 ς
1746 3748 1807 3796 14
1830 3761 1935 3810 sqq.

583 3833 641 3844 -
664 3811 827 3858 Gtuctt
862 3812 919 3857 D.
944 3811 1005 3856 de
1023 3816 1394 3860 constituendae
1436 3813 1684 3868 legitimae
1703 3813 1941 3870 portionis

580 3879 838 3930 parentum
866 3873 1142 3930 quantitate
1160 3876 1343 3933 (opusc.
1364 3874 1496 3918 Fasc.
1524 3872 1642 3928 111.)
1668 3875 1719 3921 S.
1745 3876 1805 3920 11.
1831 3877 1857 3930 s
1881 3873 1942 3922 15

580 3944 690 3991 sqq.
713 3940 763 3981 et
785 3937 1059 3982 comment.
1086 3939 1185 3984 vii.
1209 3949 1257 3995 p.
1282 3933 1498 3982 52—60.
1523 3938 1772 3984 —Contra
1793 3949 1939 3994 quem

578 3997 871 4044 sententiam
891 4010 1199 4046 communem
1218 3998 1440 4044 defendit
1455 4001 1663 4046 Auctor
1684 4000 1733 4045 in
1749 3997 1947 4047 etitem

580 4068 760 4106 comm.
784 4063 968 4106 contin.
992 4063 1176 4108 XXXV.
1202 4074 1249 4120 p.
1271 4058 1365 4106 239
1388 4083 1451 4094 —
1485 4059 1597 4108 256.
1635 4085 1691 4095 --
1727 4062 1936 4109 Dissent.

579 4122 839 4231 &233¹on
876 4124 1107 4170 zeitschr.
1136 4124 1174 4171 t.
1214 4124 1380 4170 Civilr.
1422 4135 1472 4169 u.
1498 4125 1634 4170 Proc.
1670 4125 1708 4170 Ι.
1748 4126 1831 4172 Nr.
1856 4125 1936 4172 xl.

580 4194 629 4239 1)-
769 4193 879 4242 “lq-

643 4246 692 4293 ὅ)
727 4246 778 4291 Ι..
803 4245 853 4292 8.
872 4258 945 4304 pr.
973 4248 1025 4293 1..
1048 4245 1129 4294 81.
1148 4247 1204 4293 C.
1228 4245 1279 4292 h.
1302 4248 1341 4293 t.
1364 4263 1461 4289 ιι-
1478 4249 1609 4305 quod
1642 4248 1776 4294 deest
1817 4248 1938 4304 legi-

581 4308 734 4352 timae
755 4310 988 4368 portioni,
1010 4310 1040 4355 i.
1067 4323 1112 4355 e.
1132 4311 1360 4367 quartae
1377 4309 1550 4371 parti,
1577 4308 1691 4356 scil.
1713 4309 1783 4356 ab
1804 4309 1941 4357 Inte·

578 4372 721 4416 stato
753 4368 1120 4418 successionis.
1145 4386 1171 4414 n
1191 4394 1252 4404 —-
1274 4374 1337 4416 Ac
1356 4373 1538 4418 similes
1573 4373 1802 4430 loquendi
1843 4372 1946 4418 for·

581 4434 746 4478 mulae
767 4434 1077 4479 inveniuntur
1096 4435 1144 4480 1,.
1165 4433 1246 4479 20.
1270 4435 1325 4479 C.
1345 4435 1415 4480 de
1432 4435 1610 4481 collat.
1633 4441 1644 4486 (
1669 4434 1750 4490 Vl,
1769 4434 1878 4490 20.)
1899 4439 1948 4480 et

582 4493 701 4541 Nov.
727 4493 770 4541 1.
792 4507 838 4541 c.
865 4496 907 4541 1.
932 4497 958 4550 s
981 4497 1027 4542 1.
1050 4520 1104 4528 -
1123 4499 1246 4541 sunt
1267 4500 1428 4541 tamen
1456 4528 1472 4553 ,
1516 4496 1598 4554 qui
1638 4501 1808 4542 contra
1847 4501 1949 4542 sta-

584 4562 741 4662 ¹tuant.
789 4559 1028 4603 Adversus
1067 4570 1187 4618 quos
1231 4559 1326 4604 vid.
1369 4559 1630 4616 scriptores
1656 4565 1760 4606 not.
1804 4570 1940 4616 seqq.

603 4619 751 4664 audd.

649 4677 697 4734 4)
731 4680 783 4725 1..
809 4676 856 4725 8.
878 4682 904 4736 s
928 4677 975 4727 8.
997 4682 1053 4727 D.
1077 4681 1130 4729 h.
1155 4687 1192 4728 t.
1225 4697 1249 4724 ιι
1276 4682 1516 4737 Quoniam
1557 4686 1721 4728 autem
1760 4686 1939 4740 quarta

582 4741 777 4786 debitae
795 4743 1215 4798 portionissufficit
1234 4746 1294 4790 ad
1307 4744 1941 4803 excludendamquerelam,

584 4802 846 4848 videndum
865 4806 976 4863 erit,
998 4816 1071 4851 an
1093 4805 1449 4852 exheredatus
1487 4810 1693 4861 partem
1733 4804 1905 4859 factat
1924 4839 1940 4867 ,

585 4863 678 4922 qui
719 4876 826 4910 non
867 4866 1155 4924 queritur?
1175 4891 1234 4901 --
1258 4892 1310 4901 -
1336 4871 1391 4913 et
1424 4869 1611 4927 utique
1647 4867 1838 4927 factet,
1885 4872 1947 4914 ut
1976 4885 1983 4900 ·

587 4923 921 4985 Papinianus
934 4929 1212 4986 respondit
1221 4944 1243 4976 .·
1255 4934 1310 4978 et
1327 4931 1373 4978 si
1390 4929 1564 4980 dicam
1576 4928 1943 4992 inofficiosum,

2001 3006 2276 3052 Commeat.
2304 3004 2406 3048 vll.
2432 3014 2481 3059 p.
2505 3000 2712 3047 29—52.
2738 3014 2792 3060 p.
2814 3000 2880 3048 65
2897 3014 2975 3060 sq.
2997 3016 3044 3060 p.
3064 3000 3140 3047 121
3158 3021 3212 3031 --
3238 2993 3343 3042 15⁹.

2005 3067 2252 3112 ——Caeter.
2281 3065 2352 3111 ci'.
2375 3070 2424 3109 et
2445 3066 2531 3109 Fr.
2556 3065 2852 3111 Schoeman
2878 3066 3065 3110 flandi).
3090 3066 3143 3110 it.
3162 3074 3207 3119 p.
3226 3058 3344 3105 ⁷5-

2003 3125 2084 3174 83.
2102 3152 2160 3161 —
2175 3126 2381 3175 Weber
2395 3127 2455 3172 ad
2480 3126 2842 3184 Hoeprnerum
2867 3126 2889 3175 5
2918 3125 3029 3173 475.
3054 3129 3101 3173 b.
3120 3149 3175 3158 —
3195 3120 3349 3168 cmm

2002 3191 2037 3236 1.
2062 3193 2096 3236 i.
2115 3192 2164 3235 F.
2190 3190 2246 3235 ti.
2272 3191 2325 3235 S.
2355 3189 2453 3235 vti.
2475 3187 2547 3252 34
2567 3201 2675 3248 sqq.
2697 3189 2811 3234 etS.
2837 3185 3257 3235 ὙΙΙΙ.-1·“ηιηι·ὰο
3272 3186 3302 3229 1.
3316 3183 3345 3227 l.

2004 3265 2035 3311 p
2065 3312 2114 3370 5)
2149 3313 2254 3359 vid.
2278 3310 2572 3369 Hoepfneri
2583 3311 2858 3358 comment.
2875 3312 2901 3366 ς
2924 3310 3035 3358 473.
3059 3313 3108 3359 b.
3130 3314 3228 3358 not.
3249 3307 3347 3355 5.-

2003 3373 2257 3423 Auctoris
2282 3377 2470 3421 contin.
2496 3376 2528 3420 i.
2552 3376 2585 3418 i.
2610 3387 2657 3431 p.
2678 3373 2793 3420 560.
2818 3379 2926 3420 not.
2951 3373 3034 3420 81.

2065 3437 2113 3496 6)
2146 3440 2197 3485 1..
2216 3435 2268 3483 6.
2294 3439 2348 3485 C.
2374 3438 2428 3483 h.
2454 3439 2489 3483 t.
2515 3460 2578 3471 —
2607 3436 2972 3496 Westenberq
2994 3436 3146 3482 1).111.
3168 3447 3209 3480 c.
3233 3432 3279 3479 5.
3302 3454 3344 3464 -

2003 3501 2137 3548 caet.
2171 3500 2236 3547 ct.
2279 3505 2329 3545 et
2367 3500 2578 3547 Franci:
2604 3501 2636 3544 i.
2665 3501 2700 3546 i.
2723 3511 2773 3558 p.
2806 3497 2904 3545 226
2946 3511 3023 3557 sq.
3053 3505 3100 3544 et
3120 3493 3348 3545 Auctoris

2002 3566 2189 3610 contin.
2213 3563 2246 3607 Ι.
2271 3565 2303 3608 l.
2327 3574 2375 3619 p.
2400 3559 2494 3607 277
2520 3574 2628 3620 sqq.

2066 3623 2115 3682 7)
2150 3626 2201 3671 1..
2229 3621 2280 3669 8.
2302 3627 2329 3680 s
2352 3622 2401 3670 9.
2422 3622 2539 3670 t).h.
2555 3623 2735 3670 e.-ct.
2757 3621 3058 3670 Btuntschti
3076 3623 3110 3670 i.
3130 3622 3163 3668 l.
3187 3632 3235 3678 p.
3254 3613 3350 3664 168.

2004 3685 2321 3734 —Auctoris
2346 3686 2534 3733 contin.
2561 3699 2609 3742 p.
2637 3681 2730 3732 186
2752 3696 2828 3742 ⁸⁴1·

2064 3747 2115 3806 8)
2151 3752 2176 3804 s
2202 3747 2313 3795 0.1.
2339 3748 2409 3795 de
2433 3748 2584 3804 inoff.
2606 3750 2722 3794 test.
2761 3770 2816 3779 -
2855 3747 2907 3792 1..
2931 3745 3058 3801 353
3077 3748 3125 3792 2.
3145 3743 3191 3791 5.
3212 3744 3263 3789 1..
3281 3739 3350 3787 ³6.

2004 3823 2080 3870 pr.
2102 3814 2158 3859 C.
2188 3810 2275 3865 (Ci‘.
2300 3810 2563 3858 Auctoris
2584 3811 2771 3855 contin.
2795 3811 2830 3854 l.
2853 3810 2887 3854 l.
2915 3822 2966 3866 p.
2991 3807 3087 3856 295
3109 3832 3161 3842 —
3179 3804 3348 3852 5⁰⁰..-

2005 3875 2058 3920 1..
2082 3872 2130 3921 8.
2152 3877 2179 3931 ς
2197 3872 2245 3918 0.
2272 3875 2324 3918 1..
2345 3871 2427 3918 25.
2453 3883 2526 3928 pr.
2553 3873 2606 3918 C.
2630 3871 2683 3917 h.
2708 3874 2815 3917 1,-
2837 3872 2893 3918 i..
2912 3870 2998 3918 39.
3018 3873 3072 3918 1..
3097 3868 3175 3918 30.
3193 3870 3218 3924 ς
3237 3867 3344 3913 ic.

2006 3936 2123 3983 eod.
2157 3960 2216 3969 —
2248 3934 2411 3982 ini-⁵0.
2453 3937 2508 3981 C.
2541 3933 2611 3980 de
2644 3934 2820 3981 cotlat.
2875 3934 3017 3991 (vt,
3058 3932 3174 3988 2⁰.)
3204 3927 3350 3974 -ct

2011 3996 2288 4046 Westenb.
2315 3997 2373 4044 1).
2399 3999 2479 4043 ili.
2502 4009 2545 4042 c.
2586 3994 2637 4042 6.
2658 4020 2721 4030 -
2740 3997 2997 4045 Auctoris
3036 3996 3216 4043 contin.
3250 3993 3285 4038 1.
3320 3993 3349 4034 1.

2007 4072 2057 4120 p.
2080 4055 2351 4107 sos-515.

2598 4180 2773 4237 3680.

2041 4309 2119 4416 81)
2152 4311 2179 4364 ς
2194 4306 2241 4355 6.
2267 4308 2301 4353 i.
2329 4306 2388 4354 h.
2412 4308 2572 4355 t.—1..
2593 4304 2643 4355 8.
2661 4309 2688 4363 ς
2705 4304 2756 4354 6.
2778 4307 2836 4354 D.
2860 4306 2985 4355 eod.
3000 4307 3081 4366 (V,
3103 4305 3229 4364 1)-
3245 4302 3350 4348 lios.

2010 4371 2034 4415 1
2076 4404 2088 4416 .
2109 4384 2157 4418 c.
2182 4371 2227 4418 1.

2072 4432 2121 4491 2)
2153 4434 2269 4479 Nor.
2293 4432 2409 4480 115.
2432 4446 2477 4480 c.
2500 4429 2549 4479 5.
2572 4427 2619 4477 4.
2647 4454 2707 4465 --
2725 4432 2833 4486 Qua
2875 4432 3077 4488 quidem
3120 4427 3355 4496 norissima

2010 4495 2297 4552 legislatoris
2336 4495 2624 4542 definitione
2664 4493 2919 4551 antiquior
2952 4494 3201 4550 legitimae
3230 4491 3355 4533 reinn-

2011 4559 2236 4615 quendae
2257 4558 2389 4604 ratio
2410 4558 2608 4605 minime
2646 4557 2843 4601 sublata
2865 4567 2973 4600 esse
2995 4556 3147 4601 videri
3176 4553 3354 4618 potest..

2006 4621 2243 4677 siquidem
2264 4626 2401 4666 recte
2422 4619 2527 4666 fleri
2552 4624 2711 4676 potest
2731 4650 2747 4674 ‚
2781 4623 2837 4662 ut
2859 4628 2919 4662 ex
2960 4618 3160 4664 minima
3182 4612 3355 4660 heredi·

2006 4684 2118 4727 tatis
2136 4687 2272 4739 parte
2303 4683 2490 4740 aliquis
2519 4679 2661 4725 heres
2685 4681 2975 4725 instituatur
2994 4713 3011 4734 ,
3053 4685 3106 4724 et
3134 4681 3362 4735 praetem

1997 4741 2110 4804 jure
2133 4745 2273 4801 legati
2285 4747 2333 4787 et
2348 4747 2630 4802 adsignetur
2644 4742 2861 4799 legitima
2878 4740 3196 4798 portio.-Ct.
3219 4736 3359 4784 We&

2008 4805 2226 4865 tenberq
2265 4806 2320 4850 1).
2370 4808 2449 4852 iv.
2494 4817 2538 4851 c.
2586 4804 2632 4849 1.
2672 4810 2724 4848 et
2763 4803 2934 4850 Glack
2974 4804 3239 4849 comment.
3265 4798 3356 4840 vii.

2011 4881 2059 4926 p.
2081 4866 2174 4916 113
2194 4865 3017 4926 sqq.—Auctoriscontin.xxxv.
3042 4857 3361 4925 indu-³2¹.

2010 4930 2235 4978 xxxvii.
2267 4942 2319 4990 p.
2345 4928 2444 4978 189
2465 4942 2537 4989 sq.
