3544 5506
506 299 621 359 692
1210 316 1363 360 uns
1400 316 1564 361 eree.
1606 319 1725 362 tis.
1766 319 1833 362 v.
1873 320 1952 362 nn
1987 320 2417 365 mamm-mn
2456 322 2634 365 sm.

507 423 700 486 etiam
731 424 1119 487 inofficiosae
1162 425 1332 489 dotis
1372 431 1637 503 querela
1676 433 2047 491 necessariis
2075 439 2451 506 comparata
2495 433 2972 493 successoribus
3010 434 3296 496 adversus

507 543 619 586 eos
638 572 654 597 ‚
683 529 791 601 qui
820 544 967 587 cum
999 524 1320 601 legitimae
1343 532 1718 603 quantitatis
1742 530 1971 592 fraude
2001 549 2079 592 ac
2113 535 2501 593 detrimento
2525 534 2900 592 immodicas
2924 545 3294 608 acceperunt

506 629 710 686 dotes.
740 626 928 702 Cuius
952 628 1217 701 quidem
1248 632 1553 703 querelae
1590 637 1657 691 et
1688 632 1855 692 ratio
1884 639 1953 692 et
1985 634 2077 692 vis
2105 633 2323 692 similis
2360 640 2459 693 est
2499 634 2597 704 ei,
2636 648 2831 706 quam
2861 636 3057 694 modo
3085 633 3298 696 descrie

508 727 746 802 psimus
771 725 1120 801 plenius9).

498 950 523 1024 §
551 949 693 1007 775.
719 947 783 1022 d)
809 949 976 1007 Juris
1002 993 1017 1017 ‚
1053 948 1205 1026 quod
1232 950 1512 1028 hucusque
1547 951 1615 1010 de
1655 953 2102 1013 necessariorum
2123 969 2497 1012 successorum
2520 950 2782 1011 remediis
2808 951 3171 1030 eft-posuimus
3186 998 3200 1021 ,
3214 971 3303 1030 pa·

545 1045 689 1104 Νου.
721 1047 863 1105 115.
893 1061 952 1105 c.
981 1048 1043 1105 5.
1067 1051 1123 1103 et
1148 1045 1210 1107 4.
1246 1047 1509 1107 mutatio.
1537 1050 1639 1124 αα)
1672 1048 1879 1109 Variae
1904 1049 1971 1107 de
2002 1048 2133 1127 leqi's
2159 1058 2497 1128 arqumento
2531 1049 2823 1128 opiniones
2841 1057 3259 1128 proponuntur.

586 1271 861 1328 Sancivit
889 1269 1283 1331 Justinianus
1345 1289 1418 1332 ea
1445 1274 1620 1346 lege,
1649 1291 1843 1347 quam
1871 1275 2066 1333 modo
2101 1274 2572 1333 nominavimus
2598 1290 2616 1328 t
2647 1273 2827 1330 nullo
2854 1270 3059 1328 modo
3090 1268 3296 1339 licere,

507 1385 626 1429 nec
659 1372 1031 1443 parentibus
1054 1373 1288 1431 liberos
1307 1415 1323 1436 .
1359 1389 1480 1433 nec
1507 1374 1717 1433 liberis
1743 1382 2042 1448 parentes
2064 1377 2165 1434 vel
2196 1374 2552 1448 praeterire
2573 1416 2588 1438 .
2621 1375 2721 1431 vel
2747 1371 3105 1431 exheredes
3133 1374 3301 1427 testa-

501 1474 722 1526 mento
752 1469 1063 1535 scribere,
1099 1470 1216 1529 nisi
1245 1486 1503 1529 causam
1545 1472 1823 1545 aliquam
1868 1467 2340 1545 ingratitudinis
2361 1519 2376 1543 ,
2410 1487 2485 1530 ex
2525 1485 2751 1529 earum
2787 1483 3063 1526 numero
3085 1510 3102 1534 ,
3154 1479 3306 1539 quae

501 1561 877 1623 nominatim
909 1566 1048 1635 lege
1078 1567 1191 1624 ista
1220 1569 1587 1641 propositae
1611 1576 1823 1627 essent
1847 1569 1898 1642 (ξ
1921 1571 2067 1628 685.
2096 1569 2149 1644 ),
2177 1564 2565 1628 inseruerint
2586 1565 2986 1624 testamentis
3010 1606 3028 1631 ,
3043 1564 3127 1620 de
3147 1563 3292 1634 ejtts-

498 1676 625 1733 que
648 1661 919 1718 veritate
942 1661 1095 1718 tides
1118 1661 1316 1733 judici
1348 1679 1467 1735 per
1495 1664 1800 1723 heredem
1825 1665 2179 1724 institutum
2212 1667 2415 1724 fleret.
2460 1663 2692 1740 Quodsi
2714 1663 2877 1719 haec
2905 1675 3039 1718 non
3074 1657 3297 1718 suerint

503 1756 843 1813 observata
862 1797 878 1820 ,
911 1751 1161 1814 irritum
1190 1757 1330 1817 fore
1354 1765 1807 1817 testamentum
1825 1801 1840 1826 ‚
1874 1761 1997 1820 hoc
2019 1767 2213 1834 pacto
2238 1808 2254 1831 ,
2280 1768 2350 1818 ut
2375 1767 2704 1832 tamquam
2730 1759 2813 1815 ab
2842 1758 3152 1815 intestato
3172 1768 3304 1813 suc-

499 1852 802 1909 cederent
846 1852 1025 1909 liberi
1074 1861 1187 1910 aut
1231 1861 1531 1925 parentes
1557 1899 1573 1927 ,
1606 1863 1672 1913 at
1704 1871 2058 1927 agnoscere
2099 1858 2442 1930 implereve
2471 1869 2733 1914 necesse
2764 1854 3117 1921 haberent,
3150 1865 3303 1924 quae

502 1955 764 2020 praeter
784 1949 1035 2008 heredis
1064 1951 1523 2027 institutionem
1548 1958 1938 2011 testamento
1961 1959 2172 2011 essent
2184 1949 2503 2025 sancita¹).
2521 1951 2833 2028 Quoniam
2849 1955 3068 2006 autem
3081 1949 3304 2004 nullam

498 2043 851 2118 imperator
900 2053 1194 2104 veterum
1236 2048 1562 2106 actionum
1608 2049 2002 2106 mentionem
2047 2044 2229 2123 fecit,
2265 2064 2384 2107 nec
2428 2047 2691 2106 omnino
2724 2048 2807 2104 de
2833 2060 2956 2103 eo:
3000 2050 3303 2116 quatenus

494 2156 608 2198 sua
633 2143 771 2214 lege
800 2139 1178 2215 antiquioris
1203 2139 1367 2217 juris
1397 2144 1669 2201 decretis
1694 2150 1807 2201 aut
1829 2144 2215 2214 derogatum
2242 2151 2356 2202 aut
2376 2145 2757 2214 abrogatum
2782 2142 2866 2199 sit
2882 2184 2901 2215 ‚
2945 2140 3108 2198 certi
3134 2138 3296 2212 quic-

495 2252 689 2309 quam
712 2239 1068 2313 definivitss)
1092 2281 1107 2307 ,
1142 2240 1276 2298 lieri
1304 2254 1436 2296 non
1468 2239 1713 2312 potuit,
1745 2241 1903 2314 quin
1927 2236 2103 2299 varie
2139 2241 2233 2298 his
2262 2242 2342 2297 de
2370 2241 2562 2298 rebus
2592 2242 2960 2297 statuerent
2988 2235 3290 2294 recentio-

493 2332 581 2393 ris
610 2337 837 2392 aetatis
864 2331 1081 2410 JCti³).
1108 2338 1184 2409 A)
1218 2331 1420 2408 Igitur
1437 2336 1543 2392 alii
1569 2342 1719 2393 sunt
1740 2380 1756 2406 ‚
1790 2337 1898 2410 qui
1928 2331 2140 2394 liberis
2170 2336 2675 2410 parentibusque
2710 2333 3290 2405 impugnandorum

491 2435 1027 2489 testamentorum
1071 2447 1332 2506 prorsus
1377 2447 1612 2489 novam
1641 2446 1914 2505 eamque
1960 2427 2417 2504 simpliciorem
2461 2433 2630 2488 viam
2671 2445 2749 2488 ac
2794 2433 3118 2487 rationem
3148 2426 3300 2485 insti-

489 2525 685 2583 tuisse
711 2527 1161 2599 imperatorem
1180 2571 1196 2597 ,
1228 2529 1477 2600 penitus
1500 2528 1809 2598 abrogata
1833 2527 2051 2601 priori,
2084 2534 2388 2585 censeant
2405 2522 2522 2596 δα).
2541 2525 2604 2599 Β)
2638 2528 2875 2583 Contra
2897 2538 3056 2582 vero
3088 2524 3301 2580 aliiex·

491 2625 773 2683 istimant
796 2670 811 2695 ,
843 2642 989 2685 cum
1021 2629 1383 2701 antiquiore
1417 2629 1566 2701 jure
1596 2643 1835 2686 novum
1886 2644 2023 2687 esse
2061 2628 2622 2702 conjungendum,
2665 2641 2790 2684 nec
2816 2625 2940 2683 nisi
2975 2641 3097 2698 pro
3128 2630 3295 2697 parte

494 2734 631 2779 esse
659 2722 994 2782 novissima
1020 2725 1157 2796 lege
1182 2727 1563 2797 derogatum
1593 2726 1688 2794 ei,
1714 2726 1888 2798 quod
1911 2733 2104 2785 antea
2133 2726 2489 2800 obtineret,
2513 2720 2672 2799 juri.
2703 2728 2779 2782 At
2803 2717 3046 2781 mirum
3069 2770 3086 2795 ,
3106 2736 3294 2795 quan·

491 2830 627 2879 tum
662 2822 722 2879 hi
753 2839 1015 2896 quoque
1042 2826 1207 2902 inter
1232 2842 1299 2885 se
1322 2826 1710 2898 discrepent.
1739 2821 1906 2884 Nam
1935 2828 2041 2902 (ut
2063 2842 2139 2885 ea
2167 2815 2794 2899 praetermittamus,
2829 2838 3005 2896 quae
3033 2837 3290 2888 accura-

490 2923 616 2979 tius
641 2937 946 2992 cognosse
974 2941 1203 2997 parum
1222 2926 1445 2999 juvat)
1476 2942 1514 2984 a
1526 2929 1543 2991 )
1576 2927 1680 2984 alii
1708 2932 1897 2996 sunt,
1925 2927 2036 2999 qui
2070 2924 2398 2985 inofficiosi
2421 2927 2755 2998 querelam
2780 2920 3003 2983 liberis
3035 2919 3296 2995 parenti·

490 3017 736 3090 busque
754 3019 1126 3092 abrogatam
1144 3028 1478 3089 censeant,
1505 3037 1582 3080 ac
1606 3037 1839 3080 novam
1865 3023 1930 3078 in
1955 3021 2092 3095 ejus
2116 3024 2328 3080 locum
2352 3021 2765 3080 substitutam
2786 3035 2926 3078 esse
2953 3024 3291 3087 actionem,

490 3132 760 3192 eamque
782 3135 859 3178 ex
884 3124 1029 3180 Nov.
1064 3120 1205 3180 115.
1229 3122 1645 3194 repetendam
1659 3137 1782 3180 nec
1795 3116 2027 3179 veteris
2042 3122 2346 3194 querelae
2367 3120 2671 3192 angustiis
2692 3124 2708 3190 (
2729 3117 2915 3189 5775.
2931 3125 3070 3176 not.
3087 3120 3267 3190 θεας.

490 3216 1133 3279 circumscribendam
1158 3217 1179 3253 ⁴
1202 3221 1244 3293 ).
1263 3221 1327 3295 b)
1357 3222 1467 3279 Alii
1483 3227 1709 3279 contra
1734 3226 2048 3290 statuunt,
2066 3235 2199 3279 non
2218 3235 2444 3277 novam
2465 3234 2601 3277 esse
2629 3218 2953 3276 actionem
2972 3218 3299 3276 lastiniani

486 3313 626 3382 lege
673 3314 1106 3373 introductam
1130 3358 1146 3386 ‚
1197 3333 1421 3374 verum
1471 3316 1805 3377 inofficiosi
1850 3317 2181 3389 querelam
2238 3321 2488 3372 tantum
2538 3311 2988 3384 confirmatam
3009 3357 3028 3382 ‚
3083 3312 3299 3385 partim

486 3414 701 3465 tamen
738 3409 1141 3470 immutatam
1169 3419 1233 3470 et
1276 3413 1451 3469 velut
1493 3427 1660 3470 nova
1696 3412 1861 3486 juris
1904 3412 2116 3470 forma
2143 3411 2560 3478 instructam,
2595 3416 2736 3467 tum
2773 3412 2952 3483 quod
2977 3411 3062 3466 ad
3089 3421 3300 3467 causas

488 3502 682 3573 ipsius
709 3505 1014 3576 attineat,
1049 3513 1182 3565 tum
1207 3508 1383 3581 quod
1407 3508 1487 3564 ad
1516 3508 1642 3564 vim
1685 3515 1880 3580 atque
1915 3504 2231 3566 effectum.
2259 3506 2327 3578 c)
2353 3509 2557 3579 Atque
2600 3506 2681 3563 ab
2719 3501 2815 3563 his
2846 3506 3043 3563 etiam
3073 3505 3177 3562 alii
3205 3517 3296 3560 re·

489 3602 764 3676 cedunt,
815 3605 924 3677 qui
951 3649 968 3683 ,
1021 3621 1258 3664 novum
1311 3609 1449 3677 lege
1492 3607 1887 3666 Justinianea
1936 3606 2291 3663 remedium
2319 3605 2647 3663 veteribus
2698 3604 2992 3662 additum
3019 3607 3038 3682 (
3076 3608 3303 3663 vocant

550 3825 598 3884 9)
616 3829 733 3876 cod.
755 3832 858 3888 (lli,
878 3832 980 3889 30.)
1004 3834 1073 3880 de
1091 3832 1391 3888 inofficiosis
1411 3833 1571 3881 docio.
1600 3849 1627 3878 ιι
1644 3859 1705 3869 -
1728 3860 1790 3869 —-
1810 3838 1862 3882 et
1922 3832 2013 3880 des
2033 3834 2176 3881 Etbr.
2217 3845 2267 3892 p.
2289 3830 2370 3880 25.
2400 3838 2503 3880 not.
2527 3832 2640 3879 120.
2676 3858 2740 3870 -
2777 3833 2970 3881 Valett
2990 3833 3283 3881 unibertum

486 3891 598 3941 filiis
617 3897 1031 3950 conquerentibus
1069 3899 1426 3944 emolumenta
1465 3896 1643 3944 debita
1677 3896 1859 3955 conte·
1921 3898 1948 3952 S
1970 3894 2406 3944 35—38.-Kritz
2441 3895 2562 3942 Abh.
2609 3896 2695 3942 Νι.
2718 3895 2768 3942 5.
2805 3898 2831 3952 S
2879 3895 2924 3942 l.
2968 3908 3018 3954 p.
3043 3892 3279 3942 toi—wo

489 3957 748 4001 rantur.»
782 3979 843 3989 ·-
876 3957 1099 4017 Singulas
1119 3963 1429 4018 quaestiones
1449 3961 1674 4016 exposuit
1696 3960 1859 4008 Gliiclt
1995 3959 2080 4016 δα)
2106 3960 2125 4017 [
2147 3959 2202 4007 tii
2233 3970 2427 4020 quoque
2450 3961 2510 4004 «te
2533 3960 2809 4004 actionibus
2845 3959 2908 4005 ad
2933 3958 3297 4025 impugnandum

489 4016 636 4063 Pand.
662 4017 760 4063 Vll.
784 4029 833 4075 p.
854 4017 1120 4068 let-¹9⁴.
1160 4045 1214 4055 -
1250 4023 1325 4069 Cr.
1358 4028 1407 4067 et
1427 4022 1673 4068 Francke
1693 4035 1742 4081 p.
1767 4019 1860 4070 556
1925 4026 2281 4067 testamentum
2298 4022 2592 4080 comparatis
2616 4022 2745 4066 inter
2765 4033 2818 4066 se
2840 4019 3097 4066 differunt.
3121 4019 3300 4065 Herm·

483 4089 592 4136 ΜΝ·
613 4080 655 4136 (S
675 4077 837 4137 45.)et
854 4083 1106 4131 Auctoris
1126 4087 1315 4132 contin.
1338 4096 1387 4143 p.
1410 4082 1687 4132 130—153.
1928 4084 2018 4130 bus
2042 4086 2126 4130 alii
2150 4085 2409 4141 nullitatis,
2430 4095 2459 4129 a
2480 4084 2511 4128 ii
2536 4082 2799 4130 inofficiosi
2826 4083 3117 4129 testamenti
3138 4091 3296 4148 quere-

1928 4147 2054 4203 lam,
2076 4150 2259 4204 partim
2295 4151 2457 4194 tamen
2478 4146 2833 4203 immutatam(
2854 4144 3112 4194 Auctoris
3130 4148 3295 4189 nonun-

1092 4210 1118 4265 ς
1150 4205 1265 4254 775.
1930 4220 1980 4266 p.
2003 4208 2120 4255 29⁰.
2157 4215 2204 4254 et
2244 4209 2306 4254 ad
2346 4214 2449 4252 not.
2484 4205 2533 4253 4.
2573 4211 2839 4266 context.)
2867 4208 3158 4252 attribuunt.
3191 4208 3300 4249 sunt

1931 4272 2083 4316 etiam
2109 4303 2125 4329 ,
2148 4273 2229 4330 qui
2251 4277 2301 4315 et
2324 4271 2563 4316 nullitatis
2581 4275 2632 4313 et
2654 4269 2793 4315 inoff.
2815 4276 2928 4315 test.
2949 4272 3196 4326 quereiam
3215 4265 3296 4312 ad·

555 4327 738 4383 1)Νον.
765 4325 875 4376 115.
900 4341 942 4376 c.
968 4327 1018 4376 5.
1043 4343 1117 4388 pr.
1133 4336 1182 4376 et
1208 4332 1256 4376 in
1278 4331 1314 4379 f.
1340 4344 1384 4378 c.
1407 4330 1457 4378 4.
1485 4332 1535 4378 in
1557 4333 1596 4380 f.
1931 4334 2136 4379 mittant
2160 4367 2175 4391 ‚
2201 4338 2343 4391 prout
2386 4344 2461 4376 res
2504 4333 2749 4389 postulet,
2784 4334 2915 4377 illam
2957 4332 3141 4376 scilicet
3162 4363 3179 4384 ,
3198 4338 3298 4374 cum

552 4390 600 4444 2)
621 4391 728 4435 Vid.
752 4402 797 4436 c.
826 4389 874 4438 4.
901 4393 946 4440 iu
968 4393 1003 4439 f.
1030 4401 1078 4439 et
1100 4390 1255 4447 §776.
1282 4400 1383 4440 not.
1405 4395 1455 4439 3.
1929 4396 2064 4439 nulla
2086 4398 2153 4442 sit
2185 4407 2327 4441 eausa
2369 4395 2589 4451 legitima
2629 4393 3000 4440 exheredationi
3031 4394 3300 4448 adscripta,

547 4454 595 4506 3)
615 4452 921 4502 nivet-sorum
944 4462 1291 4516 systematum,
1308 4463 1361 4502 ut
1383 4462 1579 4515 vocant,
1597 4468 1725 4514 quae
1748 4458 1864 4504 sub·
1929 4453 2058 4502 hanc
2087 4469 2200 4505 vero
2221 4491 2237 4516 ‚
2260 4467 2375 4504 cum
2415 4467 2559 4502 causa
2601 4468 2834 4514 expresso
2859 4455 3059 4513 probari
3084 4456 3296 4511 nequeat.

483 4514 595 4562 inde
617 4519 912 4560 contexuere
935 4518 1224 4574 interpretes
1271 4520 1333 4564 de
1376 4522 1664 4574 quaestione
1686 4532 1865 4578 propo-
1930 4519 2047 4564 -Ε,
2072 4521 2156 4578 6.]

484 4578 577 4637 sita
600 4609 615 4630 ,
637 4581 685 4620 et
715 4579 924 4622 indicem
967 4584 1016 4623 et
1048 4592 1302 4627 censuram
1325 4580 1674 4640 exhibuerunt3
1701 4582 1857 4629 Koch
1985 4580 2032 4637 4)
2078 4583 2208 4642 [Qui
2233 4581 2361 4627 banc
2393 4580 2699 4627 seutentiam
2735 4582 3034 4638 sequuntur,
3056 4578 3105 4622 in
3140 4579 3299 4623 eontra

489 4637 611 4682 ΒΛ).
633 4649 679 4693 p.
708 4635 973 4686 tas—186.
996 4646 1044 4686 et
1069 4654 1118 4697 p.
1141 4640 1409 4691 ses-4⁴1.
1434 4666 1495 4673 —
1511 4643 1791 4702 Hoept'nee·
1808 4651 1858 4689 et
1922 4644 2026 4689 tab.
2058 4644 2181 4692 bon.
2205 4644 2502 4704 possessione
2521 4640 2648 4690 nihil
2674 4645 2997 4690 immutantes
3019 4672 3034 4696 ‚
3056 4641 3152 4685 suis
3173 4649 3299 4709 prse-

489 4697 693 4744 {Veber
750 4701 1022 4748 comment.
1064 4707 1090 4758 S
1121 4701 1233 4749 5⁹25.
1273 4726 1332 4736 —
1369 4701 1533 4751 Gtiick
1565 4707 1715 4752 Panil.
1757 4707 1853 4752 vn.
1922 4706 2081 4751 teritis
2107 4706 2388 4754 attribuunt
2410 4715 2596 4765 ,quam
2635 4709 2812 4750 vocant
2834 4705 3075 4749 nullitatis
3111 4714 3165 4747 ex
3197 4709 3303 4754 ,ture

486 4773 535 4817 p.
557 4758 823 4806 sss—555.
863 4786 921 4795 —
954 4764 1247 4812 Bluntseltle'
1270 4766 1303 4812 l.
1331 4768 1363 4813 Ι.
1386 4779 1434 4823 p.
1459 4765 1554 4814 254
1577 4769 1764 4815 —510.
1799 4793 1859 4802 —
1924 4770 2134 4825 antiquo
2157 4772 2433 4828 querelam,
2460 4779 2515 4813 us
2544 4778 2691 4822 vero,
2713 4766 2897 4826 quibus
2913 4778 2972 4811 ex
2992 4766 3179 4812 Novella
3199 4759 3298 4806 115.

486 4821 729 4867 h'ranclse
751 4824 784 4867 l.
810 4825 844 4873 Ι.
873 4838 919 4881 p.
940 4823 1210 4875 554-404.
1236 4828 1280 4886 (S
1293 4827 1860 4886 28—51.).—Auctore's
1918 4829 2001 4885 jus
2026 4834 2261 4891 competit
2288 4829 2564 4876 testamenti
2594 4829 2944 4888 impugnandi,
2965 4840 3022 4876 ex
3058 4825 3164 4880 iure
3186 4834 3299 4870 ⁰⁰⁸⁰

485 4885 673 4930 contin.
699 4895 746 4940 p.
773 4883 1038 4934 svs—5538.
1077 4912 1132 4920 —
1170 4891 1246 4939 θ’.
1280 4896 1326 4936 ct
1349 4889 1622 4944 Zimmern
1643 4895 1856 4942 Curtium.
1923 4897 2183 4949 querelam
2208 4891 2686 4949 nullitatis.—E.G.]
