<?xml version="1.0" encoding="UTF-8"?>
<!DOCTYPE html PUBLIC "-//W3C//DTD XHTML 1.0 Transitional//EN"
    "http://www.w3.org/TR/xhtml1/DTD/xhtml1-transitional.dtd">
<html xmlns="http://www.w3.org/1999/xhtml" xml:lang="en" lang="en">
 <head>
  <title>
</title>
<meta http-equiv="Content-Type" content="text/html;charset=utf-8" />
  <meta name='ocr-system' content='tesseract 3.04.00' />
  <meta name='ocr-capabilities' content='ocr_page ocr_carea ocr_par ocr_line ocrx_word'/>
</head>
<body>
  <div class='ocr_page' id='page_1' title='image "./doctrinapandect03mhgoog_0270.png"; bbox 0 0 3544 5506; ppageno 0'>
   <div class='ocr_carea' id='block_1_1' title="bbox 544 335 2748 394">
    <p class='ocr_par' dir='ltr' id='par_1_1' title="bbox 544 335 2748 394">
     <span class='ocr_line' id='line_1_1' title="bbox 544 335 2748 394; baseline -0.003 -2"><span class='ocrx_word' id='word_1_1' title='bbox 544 335 658 392; x_wconf 73' lang='lat'>248</span> <span class='ocrx_word' id='word_1_2' title='bbox 1148 345 1299 388; x_wconf 69' lang='lat' dir='ltr'>mas</span> <span class='ocrx_word' id='word_1_3' title='bbox 1336 346 1493 388; x_wconf 68' lang='lat' dir='ltr'>spec.</span> <span class='ocrx_word' id='word_1_4' title='bbox 1534 346 1652 388; x_wconf 78' lang='lat' dir='ltr'>m.</span> <span class='ocrx_word' id='word_1_5' title='bbox 1694 345 1766 387; x_wconf 88' lang='lat'>11.</span> <span class='ocrx_word' id='word_1_6' title='bbox 1808 344 1886 387; x_wconf 73' lang='lat' dir='ltr'>nn</span> <span class='ocrx_word' id='word_1_7' title='bbox 1924 344 2114 387; x_wconf 73' lang='lat' dir='ltr'>annus</span> <span class='ocrx_word' id='word_1_8' title='bbox 2150 344 2426 394; x_wconf 73' lang='lat' dir='ltr'>muno.</span> <span class='ocrx_word' id='word_1_9' title='bbox 2467 343 2748 386; x_wconf 77' lang='lat' dir='ltr'>nomio.</span> 
     </span>
    </p>
   </div>
   <div class='ocr_carea' id='block_1_2' title="bbox 542 452 3352 633">
    <p class='ocr_par' dir='ltr' id='par_1_2' title="bbox 542 452 3352 633">
     <span class='ocr_line' id='line_1_2' title="bbox 542 452 3350 537; baseline -0.004 -14"><span class='ocrx_word' id='word_1_10' title='bbox 542 463 914 537; x_wconf 81' lang='lat' dir='ltr'>exceptione</span> <span class='ocrx_word' id='word_1_11' title='bbox 931 500 948 530; x_wconf 91' lang='lat'>,</span> <span class='ocrx_word' id='word_1_12' title='bbox 975 466 1050 518; x_wconf 91' lang='lat' dir='ltr'>ut</span> <span class='ocrx_word' id='word_1_13' title='bbox 1074 458 1206 529; x_wconf 82' lang='lat' dir='ltr'>rei,</span> <span class='ocrx_word' id='word_1_14' title='bbox 1237 471 1407 531; x_wconf 88' lang='lat' dir='ltr'>quae</span> <span class='ocrx_word' id='word_1_15' title='bbox 1430 458 1795 533; x_wconf 88' lang='lat' dir='ltr'>accesserit,</span> <span class='ocrx_word' id='word_1_16' title='bbox 1833 456 2111 530; x_wconf 87' lang='lat' dir='ltr'>pretium</span> <span class='ocrx_word' id='word_1_17' title='bbox 2137 463 2571 533; x_wconf 71' lang='lat' dir='ltr'>consequatur</span> <span class='ocrx_word' id='word_1_18' title='bbox 2588 452 2660 528; x_wconf 81' lang='lat'>²).</span> <span class='ocrx_word' id='word_1_19' title='bbox 2682 458 3021 514; x_wconf 82' lang='lat' dir='ltr'>Praeterea</span> <span class='ocrx_word' id='word_1_20' title='bbox 3046 452 3350 512; x_wconf 80' lang='lat' dir='ltr'>adversus</span> 
     </span>
     <span class='ocr_line' id='line_1_3' title="bbox 543 550 3352 633; baseline -0.004 -14"><span class='ocrx_word' id='word_1_21' title='bbox 543 575 690 619; x_wconf 90' lang='lat' dir='ltr'>eum</span> <span class='ocrx_word' id='word_1_22' title='bbox 718 601 736 633; x_wconf 90' lang='lat'>‚</span> <span class='ocrx_word' id='word_1_23' title='bbox 768 558 877 631; x_wconf 89' lang='lat' dir='ltr'>qui</span> <span class='ocrx_word' id='word_1_24' title='bbox 900 571 1006 614; x_wconf 85' lang='lat' dir='ltr'>res</span> <span class='ocrx_word' id='word_1_25' title='bbox 1029 554 1272 613; x_wconf 84' lang='lat' dir='ltr'>alienas</span> <span class='ocrx_word' id='word_1_26' title='bbox 1295 552 1423 613; x_wconf 89' lang='lat' dir='ltr'>suis</span> <span class='ocrx_word' id='word_1_27' title='bbox 1458 554 1871 628; x_wconf 86' lang='lat' dir='ltr'>adjungendo</span> <span class='ocrx_word' id='word_1_28' title='bbox 1895 553 2139 612; x_wconf 76' lang='lat' dir='ltr'>furtum</span> <span class='ocrx_word' id='word_1_29' title='bbox 2170 554 2516 621; x_wconf 88' lang='lat' dir='ltr'>commisit,</span> <span class='ocrx_word' id='word_1_30' title='bbox 2547 553 2742 612; x_wconf 86' lang='lat' dir='ltr'>etiam</span> <span class='ocrx_word' id='word_1_31' title='bbox 2760 550 2915 610; x_wconf 81' lang='lat' dir='ltr'>l&#39;urti</span> <span class='ocrx_word' id='word_1_32' title='bbox 2937 551 3232 609; x_wconf 79' lang='lat' dir='ltr'>actiones</span> <span class='ocrx_word' id='word_1_33' title='bbox 3258 550 3352 609; x_wconf 90' lang='lat' dir='ltr'>lo·</span> 
     </span>
    </p>
   </div>
   <div class='ocr_carea' id='block_1_3' title="bbox 543 649 3266 917">
    <p class='ocr_par' dir='ltr' id='par_1_3' title="bbox 543 649 3266 917">
     <span class='ocr_line' id='line_1_4' title="bbox 543 649 2116 730; baseline -0.003 -11"><span class='ocrx_word' id='word_1_34' title='bbox 543 674 687 719; x_wconf 89' lang='lat' dir='ltr'>cum</span> <span class='ocrx_word' id='word_1_35' title='bbox 709 658 949 716; x_wconf 88' lang='lat' dir='ltr'>habere</span> <span class='ocrx_word' id='word_1_36' title='bbox 964 697 985 729; x_wconf 91' lang='lat'>‚</span> <span class='ocrx_word' id='word_1_37' title='bbox 1014 655 1079 714; x_wconf 88' lang='lat' dir='ltr'>id</span> <span class='ocrx_word' id='word_1_38' title='bbox 1097 649 1200 713; x_wconf 83' lang='lat' dir='ltr'>vix</span> <span class='ocrx_word' id='word_1_39' title='bbox 1221 659 1319 714; x_wconf 87' lang='lat' dir='ltr'>est</span> <span class='ocrx_word' id='word_1_40' title='bbox 1345 693 1363 713; x_wconf 83' lang='lat'>.</span> <span class='ocrx_word' id='word_1_41' title='bbox 1394 654 1572 728; x_wconf 90' lang='lat' dir='ltr'>quod</span> <span class='ocrx_word' id='word_1_42' title='bbox 1601 655 2031 713; x_wconf 88' lang='lat' dir='ltr'>admoneatur</span> <span class='ocrx_word' id='word_1_43' title='bbox 2048 649 2116 730; x_wconf 81' lang='lat'>⁸).</span> 
     </span>
     <span class='ocr_line' id='line_1_5' title="bbox 661 825 3266 917; baseline -0.006 -18"><span class='ocrx_word' id='word_1_44' title='bbox 661 837 853 917; x_wconf 64' lang='lat'>5258.</span> <span class='ocrx_word' id='word_1_45' title='bbox 872 836 935 912; x_wconf 77' lang='lat'>5)</span> <span class='ocrx_word' id='word_1_46' title='bbox 955 832 1219 894; x_wconf 76' lang='lat' dir='ltr'>Mixtum</span> <span class='ocrx_word' id='word_1_47' title='bbox 1244 827 1489 887; x_wconf 82' lang='lat' dir='ltr'>dominii</span> <span class='ocrx_word' id='word_1_48' title='bbox 1512 825 1848 905; x_wconf 74' lang='lat' dir='ltr'><strong><em>acquirendi</em></strong></span> <span class='ocrx_word' id='word_1_49' title='bbox 1872 843 2178 887; x_wconf 78' lang='lat' dir='ltr'>causarum</span> <span class='ocrx_word' id='word_1_50' title='bbox 2204 844 2399 904; x_wconf 67' lang='lat' dir='ltr'>qartus.</span> <span class='ocrx_word' id='word_1_51' title='bbox 2432 826 2492 901; x_wconf 87' lang='lat' dir='ltr'>a)</span> <span class='ocrx_word' id='word_1_52' title='bbox 2522 827 2796 888; x_wconf 64' lang='lat' dir='ltr'>mauri</span> <span class='ocrx_word' id='word_1_53' title='bbox 2824 827 3138 905; x_wconf 69' lang='lat' dir='ltr'><strong><em>acquisitio</em></strong></span> <span class='ocrx_word' id='word_1_54' title='bbox 3166 827 3266 903; x_wconf 72' lang='lat'>(⁴¹).</span> 
     </span>
    </p>
   </div>
   <div class='ocr_carea' id='block_1_4' title="bbox 541 1004 3368 1577">
    <p class='ocr_par' dir='ltr' id='par_1_4' title="bbox 541 1004 3368 1577">
     <span class='ocr_line' id='line_1_6' title="bbox 623 1004 3356 1082; baseline -0.001 -11"><span class='ocrx_word' id='word_1_55' title='bbox 623 1012 921 1071; x_wconf 73' lang='lat' dir='ltr'>Thesauri</span> <span class='ocrx_word' id='word_1_56' title='bbox 948 1010 1214 1069; x_wconf 86' lang='lat' dir='ltr'>nomine</span> <span class='ocrx_word' id='word_1_57' title='bbox 1235 1009 1359 1068; x_wconf 90' lang='lat' dir='ltr'>hoc</span> <span class='ocrx_word' id='word_1_58' title='bbox 1388 1006 1649 1081; x_wconf 90' lang='lat' dir='ltr'>quidem</span> <span class='ocrx_word' id='word_1_59' title='bbox 1678 1007 1826 1066; x_wconf 87' lang='lat' dir='ltr'>loco</span> <span class='ocrx_word' id='word_1_60' title='bbox 1850 1004 1891 1080; x_wconf 92' lang='lat'>¹)</span> <span class='ocrx_word' id='word_1_61' title='bbox 1932 1010 2339 1082; x_wconf 89' lang='lat' dir='ltr'>appellantur</span> <span class='ocrx_word' id='word_1_62' title='bbox 2359 1024 2463 1068; x_wconf 88' lang='lat' dir='ltr'>res</span> <span class='ocrx_word' id='word_1_63' title='bbox 2487 1005 2904 1082; x_wconf 71' lang='lat' dir='ltr'>pretiosiores</span> <span class='ocrx_word' id='word_1_64' title='bbox 2926 1010 3310 1069; x_wconf 80' lang='lat' dir='ltr'>reconditae</span> <span class='ocrx_word' id='word_1_65' title='bbox 3339 1052 3356 1079; x_wconf 87' lang='lat'><strong>‚</strong></span> 
     </span>
     <span class='ocr_line' id='line_1_7' title="bbox 543 1098 3362 1183; baseline -0.001 -16"><span class='ocrx_word' id='word_1_66' title='bbox 543 1125 816 1183; x_wconf 87' lang='lat' dir='ltr'>quarum</span> <span class='ocrx_word' id='word_1_67' title='bbox 839 1109 1175 1181; x_wconf 88' lang='lat' dir='ltr'>ignoratur</span> <span class='ocrx_word' id='word_1_68' title='bbox 1198 1106 1495 1164; x_wconf 89' lang='lat' dir='ltr'>dominus</span> <span class='ocrx_word' id='word_1_69' title='bbox 1523 1098 1592 1176; x_wconf 74' lang='grc'>2).</span> <span class='ocrx_word' id='word_1_70' title='bbox 1622 1100 1995 1175; x_wconf 82' lang='lat' dir='ltr'>Aequiritur</span> <span class='ocrx_word' id='word_1_71' title='bbox 2033 1112 2252 1164; x_wconf 87' lang='lat' dir='ltr'>autem</span> <span class='ocrx_word' id='word_1_72' title='bbox 2274 1105 2614 1164; x_wconf 71' lang='lat' dir='ltr'>thesaurus</span> <span class='ocrx_word' id='word_1_73' title='bbox 2643 1106 2875 1179; x_wconf 89' lang='lat' dir='ltr'>partim</span> <span class='ocrx_word' id='word_1_74' title='bbox 2911 1105 3362 1179; x_wconf 77' lang='lat' dir='ltr'>occupationis</span> 
     </span>
     <span class='ocr_line' id='line_1_8' title="bbox 543 1198 3366 1280; baseline -0.001 -16"><span class='ocrx_word' id='word_1_75' title='bbox 543 1207 779 1280; x_wconf 88' lang='lat' dir='ltr'>partim</span> <span class='ocrx_word' id='word_1_76' title='bbox 803 1203 1180 1265; x_wconf 81' lang='lat' dir='ltr'>accessionis</span> <span class='ocrx_word' id='word_1_77' title='bbox 1195 1202 1343 1276; x_wconf 87' lang='lat' dir='ltr'>jure</span> <span class='ocrx_word' id='word_1_78' title='bbox 1363 1198 1433 1274; x_wconf 76' lang='lat'>³).</span> <span class='ocrx_word' id='word_1_79' title='bbox 1460 1200 1707 1259; x_wconf 87' lang='lat' dir='ltr'>Etenim</span> <span class='ocrx_word' id='word_1_80' title='bbox 1737 1198 1808 1278; x_wconf 92' lang='lat'>1)</span> <span class='ocrx_word' id='word_1_81' title='bbox 1835 1202 1885 1259; x_wconf 89' lang='lat' dir='ltr'>si</span> <span class='ocrx_word' id='word_1_82' title='bbox 1915 1203 2055 1276; x_wconf 84' lang='lat' dir='ltr'>quis</span> <span class='ocrx_word' id='word_1_83' title='bbox 2074 1210 2189 1260; x_wconf 90' lang='lat' dir='ltr'>aut</span> <span class='ocrx_word' id='word_1_84' title='bbox 2214 1204 2281 1261; x_wconf 89' lang='lat' dir='ltr'>in</span> <span class='ocrx_word' id='word_1_85' title='bbox 2317 1218 2434 1262; x_wconf 90' lang='lat' dir='ltr'>suo</span> <span class='ocrx_word' id='word_1_86' title='bbox 2467 1205 2655 1270; x_wconf 77' lang='lat' dir='ltr'>loco,-</span> <span class='ocrx_word' id='word_1_87' title='bbox 2688 1209 2803 1261; x_wconf 90' lang='lat' dir='ltr'>aut</span> <span class='ocrx_word' id='word_1_88' title='bbox 2847 1204 2912 1262; x_wconf 92' lang='lat' dir='ltr'>in</span> <span class='ocrx_word' id='word_1_89' title='bbox 2958 1217 3078 1275; x_wconf 86' lang='lat' dir='ltr'>eo,</span> <span class='ocrx_word' id='word_1_90' title='bbox 3111 1203 3228 1276; x_wconf 89' lang='lat' dir='ltr'>qui</span> <span class='ocrx_word' id='word_1_91' title='bbox 3271 1209 3366 1262; x_wconf 82' lang='lat' dir='ltr'>est</span> 
     </span>
     <span class='ocr_line' id='line_1_9' title="bbox 542 1290 3366 1374; baseline -0.002 -13"><span class='ocrx_word' id='word_1_92' title='bbox 542 1303 778 1361; x_wconf 89' lang='lat' dir='ltr'>nullius</span> <span class='ocrx_word' id='word_1_93' title='bbox 803 1298 872 1374; x_wconf 84' lang='lat'>⁴),</span> <span class='ocrx_word' id='word_1_94' title='bbox 907 1299 1146 1358; x_wconf 82' lang='lat' dir='ltr'>invenit</span> <span class='ocrx_word' id='word_1_95' title='bbox 1171 1300 1542 1357; x_wconf 85' lang='lat' dir='ltr'>thesaurum</span> <span class='ocrx_word' id='word_1_96' title='bbox 1572 1338 1587 1366; x_wconf 86' lang='lat'>‚</span> <span class='ocrx_word' id='word_1_97' title='bbox 1621 1290 1737 1353; x_wconf 84' lang='lat' dir='ltr'>sibi</span> <span class='ocrx_word' id='word_1_98' title='bbox 1763 1303 1971 1356; x_wconf 90' lang='lat' dir='ltr'>totum</span> <span class='ocrx_word' id='word_1_99' title='bbox 2002 1299 2296 1373; x_wconf 85' lang='lat' dir='ltr'>quaerit,</span> <span class='ocrx_word' id='word_1_100' title='bbox 2331 1299 2683 1357; x_wconf 88' lang='lat' dir='ltr'>dummodo</span> <span class='ocrx_word' id='word_1_101' title='bbox 2706 1300 2954 1357; x_wconf 90' lang='lat' dir='ltr'>nullum</span> <span class='ocrx_word' id='word_1_102' title='bbox 2996 1297 3366 1356; x_wconf 82' lang='lat' dir='ltr'>adhibuerit</span> 
     </span>
     <span class='ocr_line' id='line_1_10' title="bbox 541 1389 3365 1471; baseline -0.002 -12"><span class='ocrx_word' id='word_1_103' title='bbox 541 1395 838 1459; x_wconf 87' lang='lat' dir='ltr'>scelerati</span> <span class='ocrx_word' id='word_1_104' title='bbox 866 1395 1301 1470; x_wconf 85' lang='lat' dir='ltr'>puniendique</span> <span class='ocrx_word' id='word_1_105' title='bbox 1320 1391 1569 1453; x_wconf 79' lang='lat' dir='ltr'>artificii</span> <span class='ocrx_word' id='word_1_106' title='bbox 1590 1406 1793 1465; x_wconf 87' lang='lat' dir='ltr'>genus</span> <span class='ocrx_word' id='word_1_107' title='bbox 1812 1435 1832 1466; x_wconf 88' lang='lat'><em>,</em></span> <span class='ocrx_word' id='word_1_108' title='bbox 1857 1410 1990 1469; x_wconf 92' lang='lat' dir='ltr'>quo</span> <span class='ocrx_word' id='word_1_109' title='bbox 2012 1396 2270 1469; x_wconf 90' lang='lat' dir='ltr'>quidem</span> <span class='ocrx_word' id='word_1_110' title='bbox 2298 1395 2469 1455; x_wconf 76' lang='lat' dir='ltr'>iacto</span> <span class='ocrx_word' id='word_1_111' title='bbox 2488 1401 2663 1455; x_wconf 86' lang='lat' dir='ltr'>totus</span> <span class='ocrx_word' id='word_1_112' title='bbox 2683 1395 2851 1454; x_wconf 88' lang='lat' dir='ltr'>cedit</span> <span class='ocrx_word' id='word_1_113' title='bbox 2885 1396 3043 1454; x_wconf 77' lang='lat' dir='ltr'>fisco</span> <span class='ocrx_word' id='word_1_114' title='bbox 3054 1389 3128 1467; x_wconf 55' lang='grc' dir='ltr'>ὅ).</span> <span class='ocrx_word' id='word_1_115' title='bbox 3153 1396 3365 1471; x_wconf 83' lang='lat' dir='ltr'>Quod-</span> 
     </span>
     <span class='ocr_line' id='line_1_11' title="bbox 541 1496 3368 1577; baseline -0.001 -18"><span class='ocrx_word' id='word_1_116' title='bbox 541 1501 592 1559; x_wconf 88' lang='lat' dir='ltr'>si</span> <span class='ocrx_word' id='word_1_117' title='bbox 621 1498 688 1577; x_wconf 79' lang='lat'>2)</span> <span class='ocrx_word' id='word_1_118' title='bbox 720 1499 784 1557; x_wconf 91' lang='lat' dir='ltr'>in</span> <span class='ocrx_word' id='word_1_119' title='bbox 827 1500 971 1557; x_wconf 91' lang='lat' dir='ltr'>loco</span> <span class='ocrx_word' id='word_1_120' title='bbox 1015 1497 1223 1556; x_wconf 88' lang='lat' dir='ltr'>alieno</span> <span class='ocrx_word' id='word_1_121' title='bbox 1249 1538 1268 1570; x_wconf 89' lang='lat'>‚</span> <span class='ocrx_word' id='word_1_122' title='bbox 1299 1497 1400 1554; x_wconf 82' lang='lat' dir='ltr'>vel</span> <span class='ocrx_word' id='word_1_123' title='bbox 1431 1496 1625 1555; x_wconf 78' lang='lat' dir='ltr'>fiscali</span> <span class='ocrx_word' id='word_1_124' title='bbox 1650 1541 1667 1572; x_wconf 89' lang='lat'>‚</span> <span class='ocrx_word' id='word_1_125' title='bbox 1699 1497 1802 1555; x_wconf 80' lang='lat' dir='ltr'>vel</span> <span class='ocrx_word' id='word_1_126' title='bbox 1847 1498 2103 1570; x_wconf 88' lang='lat' dir='ltr'>publico</span> <span class='ocrx_word' id='word_1_127' title='bbox 2133 1541 2152 1573; x_wconf 90' lang='lat'>‚</span> <span class='ocrx_word' id='word_1_128' title='bbox 2194 1497 2478 1557; x_wconf 81' lang='lat' dir='ltr'>inventio</span> <span class='ocrx_word' id='word_1_129' title='bbox 2502 1496 2670 1555; x_wconf 83' lang='lat' dir='ltr'>facta</span> <span class='ocrx_word' id='word_1_130' title='bbox 2707 1497 2826 1566; x_wconf 82' lang='lat' dir='ltr'>sit,</span> <span class='ocrx_word' id='word_1_131' title='bbox 2858 1497 3058 1569; x_wconf 85' lang='lat' dir='ltr'>idque</span> <span class='ocrx_word' id='word_1_132' title='bbox 3096 1496 3368 1555; x_wconf 78' lang='lat' dir='ltr'>fortuito</span> 
     </span>
    </p>
   </div>
   <div class='ocr_carea' id='block_1_5' title="bbox 540 1596 3367 1867">
    <p class='ocr_par' dir='ltr' id='par_1_5' title="bbox 540 1596 3367 1867">
     <span class='ocr_line' id='line_1_12' title="bbox 544 1596 3365 1674; baseline -0.001 -17"><span class='ocrx_word' id='word_1_133' title='bbox 544 1600 826 1674; x_wconf 89' lang='lat' dir='ltr'>quodam</span> <span class='ocrx_word' id='word_1_134' title='bbox 849 1613 1000 1656; x_wconf 86' lang='lat' dir='ltr'>casu</span> <span class='ocrx_word' id='word_1_135' title='bbox 1019 1635 1034 1665; x_wconf 91' lang='lat'><strong>,</strong></span> <span class='ocrx_word' id='word_1_136' title='bbox 1060 1597 1267 1654; x_wconf 87' lang='lat' dir='ltr'>altera</span> <span class='ocrx_word' id='word_1_137' title='bbox 1295 1610 1443 1668; x_wconf 87' lang='lat' dir='ltr'>pars</span> <span class='ocrx_word' id='word_1_138' title='bbox 1465 1597 1522 1654; x_wconf 90' lang='lat' dir='ltr'>ei</span> <span class='ocrx_word' id='word_1_139' title='bbox 1547 1597 1717 1657; x_wconf 88' lang='lat' dir='ltr'>cedit</span> <span class='ocrx_word' id='word_1_140' title='bbox 1741 1641 1757 1667; x_wconf 88' lang='lat'>‚</span> <span class='ocrx_word' id='word_1_141' title='bbox 1792 1598 1898 1671; x_wconf 90' lang='lat' dir='ltr'>qui</span> <span class='ocrx_word' id='word_1_142' title='bbox 1922 1598 2164 1656; x_wconf 83' lang='lat' dir='ltr'>invenit</span> <span class='ocrx_word' id='word_1_143' title='bbox 2189 1599 2562 1657; x_wconf 89' lang='lat' dir='ltr'>thesaurum</span> <span class='ocrx_word' id='word_1_144' title='bbox 2585 1638 2601 1664; x_wconf 86' lang='lat'>‚</span> <span class='ocrx_word' id='word_1_145' title='bbox 2627 1598 2828 1656; x_wconf 89' lang='lat' dir='ltr'>altera</span> <span class='ocrx_word' id='word_1_146' title='bbox 2853 1596 3223 1669; x_wconf 88' lang='lat' dir='ltr'>acquiritur</span> <span class='ocrx_word' id='word_1_147' title='bbox 3250 1597 3365 1654; x_wconf 91' lang='lat' dir='ltr'>do-</span> 
     </span>
     <span class='ocr_line' id='line_1_13' title="bbox 540 1688 3367 1768; baseline -0.002 -15"><span class='ocrx_word' id='word_1_148' title='bbox 540 1696 760 1768; x_wconf 80' lang='lat' dir='ltr'>mino,</span> <span class='ocrx_word' id='word_1_149' title='bbox 784 1694 914 1752; x_wconf 83' lang='lat' dir='ltr'>sive</span> <span class='ocrx_word' id='word_1_150' title='bbox 941 1692 1227 1766; x_wconf 83' lang='lat' dir='ltr'>privatus</span> <span class='ocrx_word' id='word_1_151' title='bbox 1251 1692 1299 1749; x_wconf 89' lang='lat' dir='ltr'>is</span> <span class='ocrx_word' id='word_1_152' title='bbox 1326 1692 1405 1749; x_wconf 87' lang='lat' dir='ltr'>sit</span> <span class='ocrx_word' id='word_1_153' title='bbox 1422 1733 1439 1760; x_wconf 86' lang='lat'><strong>‚</strong></span> <span class='ocrx_word' id='word_1_154' title='bbox 1472 1692 1602 1752; x_wconf 82' lang='lat' dir='ltr'>sive</span> <span class='ocrx_word' id='word_1_155' title='bbox 1626 1694 1814 1752; x_wconf 79' lang='lat' dir='ltr'>fiscus</span> <span class='ocrx_word' id='word_1_156' title='bbox 1834 1735 1851 1764; x_wconf 92' lang='lat'><strong>‚</strong></span> <span class='ocrx_word' id='word_1_157' title='bbox 1882 1694 2011 1753; x_wconf 82' lang='lat' dir='ltr'>sive</span> <span class='ocrx_word' id='word_1_158' title='bbox 2031 1694 2250 1753; x_wconf 82' lang='lat' dir='ltr'>civitas</span> <span class='ocrx_word' id='word_1_159' title='bbox 2273 1691 2349 1768; x_wconf 80' lang='lat'>⁶).</span> <span class='ocrx_word' id='word_1_160' title='bbox 2374 1694 2479 1752; x_wconf 87' lang='lat' dir='ltr'>Sin</span> <span class='ocrx_word' id='word_1_161' title='bbox 2501 1693 2741 1752; x_wconf 82' lang='lat' dir='ltr'>veroin</span> <span class='ocrx_word' id='word_1_162' title='bbox 2763 1691 2966 1752; x_wconf 74' lang='lat' dir='ltr'>fundo</span> <span class='ocrx_word' id='word_1_163' title='bbox 2986 1691 3206 1751; x_wconf 87' lang='lat' dir='ltr'>alieno</span> <span class='ocrx_word' id='word_1_164' title='bbox 3226 1688 3367 1748; x_wconf 70' lang='lat' dir='ltr'>data</span> 
     </span>
     <span class='ocr_line' id='line_1_14' title="bbox 540 1787 3174 1867; baseline -0.002 -18"><span class='ocrx_word' id='word_1_165' title='bbox 540 1789 620 1849; x_wconf 81' lang='lat' dir='ltr'>ad</span> <span class='ocrx_word' id='word_1_166' title='bbox 644 1789 743 1849; x_wconf 77' lang='lat' dir='ltr'>1·oe</span> <span class='ocrx_word' id='word_1_167' title='bbox 761 1805 933 1867; x_wconf 80' lang='lat' dir='ltr'>opera</span> <span class='ocrx_word' id='word_1_168' title='bbox 959 1795 1254 1862; x_wconf 86' lang='lat' dir='ltr'>repertus</span> <span class='ocrx_word' id='word_1_169' title='bbox 1280 1787 1471 1847; x_wconf 84' lang='lat' dir='ltr'>fuerit</span> <span class='ocrx_word' id='word_1_170' title='bbox 1499 1789 1841 1849; x_wconf 79' lang='lat' dir='ltr'>thesaurus</span> <span class='ocrx_word' id='word_1_171' title='bbox 1870 1833 1887 1863; x_wconf 92' lang='lat'>‚</span> <span class='ocrx_word' id='word_1_172' title='bbox 1912 1797 2085 1850; x_wconf 89' lang='lat' dir='ltr'>totus</span> <span class='ocrx_word' id='word_1_173' title='bbox 2107 1791 2391 1863; x_wconf 83' lang='lat' dir='ltr'>pertinet</span> <span class='ocrx_word' id='word_1_174' title='bbox 2411 1789 2699 1849; x_wconf 74' lang='lat' dir='ltr'>adfundi</span> <span class='ocrx_word' id='word_1_175' title='bbox 2723 1789 3067 1848; x_wconf 86' lang='lat' dir='ltr'>dominum</span> <span class='ocrx_word' id='word_1_176' title='bbox 3100 1788 3174 1863; x_wconf 85' lang='lat'>⁷).</span> 
     </span>
    </p>
   </div>
   <div class='ocr_carea' id='block_1_6' title="bbox 1175 1975 2815 2057">
    <p class='ocr_par' dir='ltr' id='par_1_6' title="bbox 1175 1975 2815 2057">
     <span class='ocr_line' id='line_1_15' title="bbox 1175 1975 2815 2057; baseline -0.005 -14"><span class='ocrx_word' id='word_1_177' title='bbox 1175 1978 1380 2052; x_wconf 79' lang='lat'>5259.</span> <span class='ocrx_word' id='word_1_178' title='bbox 1402 1982 1464 2051; x_wconf 84' lang='lat' dir='ltr'>b)</span> <span class='ocrx_word' id='word_1_179' title='bbox 1491 1978 1861 2041; x_wconf 65' lang='lat' dir='ltr'>ammixtio.</span> <span class='ocrx_word' id='word_1_180' title='bbox 1891 1975 2204 2057; x_wconf 60' lang='lat' dir='ltr'>(confinio.</span> <span class='ocrx_word' id='word_1_181' title='bbox 2236 1977 2606 2055; x_wconf 62' lang='lat' dir='ltr'>ammixtio)</span> <span class='ocrx_word' id='word_1_182' title='bbox 2636 1981 2724 2057; x_wconf 84' lang='lat'><strong>(·&gt;·</strong></span> <span class='ocrx_word' id='word_1_183' title='bbox 2806 1993 2815 1999; x_wconf 84' lang='lat'>·</span> 
     </span>
    </p>
   </div>
   <div class='ocr_carea' id='block_1_7' title="bbox 546 2139 3372 2419">
    <p class='ocr_par' dir='ltr' id='par_1_7' title="bbox 546 2139 3372 2419">
     <span class='ocr_line' id='line_1_16' title="bbox 626 2139 3369 2220; baseline -0.002 -14"><span class='ocrx_word' id='word_1_184' title='bbox 626 2146 1153 2207; x_wconf 86' lang='lat' dir='ltr'>commixtionum</span> <span class='ocrx_word' id='word_1_185' title='bbox 1174 2148 1417 2220; x_wconf 87' lang='lat' dir='ltr'>species</span> <span class='ocrx_word' id='word_1_186' title='bbox 1442 2188 1460 2217; x_wconf 87' lang='lat'><strong>,</strong></span> <span class='ocrx_word' id='word_1_187' title='bbox 1484 2147 1635 2205; x_wconf 90' lang='lat' dir='ltr'>licet</span> <span class='ocrx_word' id='word_1_188' title='bbox 1654 2142 1945 2218; x_wconf 86' lang='lat' dir='ltr'>singulae</span> <span class='ocrx_word' id='word_1_189' title='bbox 1973 2144 2397 2216; x_wconf 84' lang='lat' dir='ltr'>singularibus</span> <span class='ocrx_word' id='word_1_190' title='bbox 2422 2139 2799 2218; x_wconf 87' lang='lat' dir='ltr'>acquirendi</span> <span class='ocrx_word' id='word_1_191' title='bbox 2837 2142 3065 2203; x_wconf 82' lang='lat' dir='ltr'>formis</span> <span class='ocrx_word' id='word_1_192' title='bbox 3100 2144 3369 2203; x_wconf 85' lang='lat' dir='ltr'>conclu·</span> 
     </span>
     <span class='ocr_line' id='line_1_17' title="bbox 546 2243 3368 2320; baseline -0.001 -17"><span class='ocrx_word' id='word_1_193' title='bbox 546 2248 805 2320; x_wconf 88' lang='lat' dir='ltr'>dantur,</span> <span class='ocrx_word' id='word_1_194' title='bbox 822 2254 1040 2305; x_wconf 87' lang='lat' dir='ltr'>tamen</span> <span class='ocrx_word' id='word_1_195' title='bbox 1063 2248 1144 2305; x_wconf 89' lang='lat' dir='ltr'>ad</span> <span class='ocrx_word' id='word_1_196' title='bbox 1163 2247 1427 2306; x_wconf 89' lang='lat' dir='ltr'>mixtum</span> <span class='ocrx_word' id='word_1_197' title='bbox 1450 2246 1714 2305; x_wconf 88' lang='lat' dir='ltr'>dominii</span> <span class='ocrx_word' id='word_1_198' title='bbox 1734 2245 2106 2320; x_wconf 86' lang='lat' dir='ltr'>acquirendi</span> <span class='ocrx_word' id='word_1_199' title='bbox 2130 2260 2331 2318; x_wconf 89' lang='lat' dir='ltr'>genus</span> <span class='ocrx_word' id='word_1_200' title='bbox 2344 2245 2519 2303; x_wconf 90' lang='lat' dir='ltr'>haud</span> <span class='ocrx_word' id='word_1_201' title='bbox 2540 2246 2943 2305; x_wconf 87' lang='lat' dir='ltr'>incommode</span> <span class='ocrx_word' id='word_1_202' title='bbox 2963 2243 3368 2312; x_wconf 69' lang='lat' dir='ltr'>referuntur,</span> 
     </span>
     <span class='ocr_line' id='line_1_18' title="bbox 547 2345 3372 2419; baseline -0 -16"><span class='ocrx_word' id='word_1_203' title='bbox 547 2346 851 2419; x_wconf 89' lang='lat' dir='ltr'>quoniam</span> <span class='ocrx_word' id='word_1_204' title='bbox 876 2361 1006 2406; x_wconf 90' lang='lat' dir='ltr'>non</span> <span class='ocrx_word' id='word_1_205' title='bbox 1024 2362 1151 2404; x_wconf 90' lang='lat' dir='ltr'>una</span> <span class='ocrx_word' id='word_1_206' title='bbox 1177 2348 1534 2419; x_wconf 89' lang='lat' dir='ltr'>eademque</span> <span class='ocrx_word' id='word_1_207' title='bbox 1551 2348 1613 2404; x_wconf 93' lang='lat' dir='ltr'>in</span> <span class='ocrx_word' id='word_1_208' title='bbox 1642 2362 1866 2405; x_wconf 90' lang='lat' dir='ltr'>omnes</span> <span class='ocrx_word' id='word_1_209' title='bbox 1883 2346 2185 2406; x_wconf 82' lang='lat' dir='ltr'>convenit</span> <span class='ocrx_word' id='word_1_210' title='bbox 2203 2345 2430 2416; x_wconf 75' lang='lat' dir='ltr'>forma,</span> <span class='ocrx_word' id='word_1_211' title='bbox 2449 2346 2561 2404; x_wconf 88' lang='lat' dir='ltr'>sed</span> <span class='ocrx_word' id='word_1_212' title='bbox 2582 2360 2756 2403; x_wconf 91' lang='lat' dir='ltr'>nunc</span> <span class='ocrx_word' id='word_1_213' title='bbox 2772 2346 2853 2403; x_wconf 88' lang='lat' dir='ltr'>ad</span> <span class='ocrx_word' id='word_1_214' title='bbox 2872 2345 3072 2414; x_wconf 90' lang='lat' dir='ltr'>hanc,</span> <span class='ocrx_word' id='word_1_215' title='bbox 3091 2361 3270 2405; x_wconf 85' lang='lat' dir='ltr'>nunc</span> <span class='ocrx_word' id='word_1_216' title='bbox 3288 2345 3372 2404; x_wconf 88' lang='lat' dir='ltr'>ad</span> 
     </span>
    </p>
   </div>
   <div class='ocr_carea' id='block_1_8' title="bbox 546 2444 3376 2909">
    <p class='ocr_par' dir='ltr' id='par_1_8' title="bbox 546 2444 3376 2909">
     <span class='ocr_line' id='line_1_19' title="bbox 546 2444 3372 2524; baseline 0 -22"><span class='ocrx_word' id='word_1_217' title='bbox 546 2445 718 2503; x_wconf 87' lang='lat' dir='ltr'>illam</span> <span class='ocrx_word' id='word_1_218' title='bbox 741 2445 1024 2515; x_wconf 85' lang='lat' dir='ltr'>singulae</span> <span class='ocrx_word' id='word_1_219' title='bbox 1038 2452 1303 2518; x_wconf 87' lang='lat' dir='ltr'>possunt</span> <span class='ocrx_word' id='word_1_220' title='bbox 1321 2446 1608 2505; x_wconf 85' lang='lat' dir='ltr'>revocari</span> <span class='ocrx_word' id='word_1_221' title='bbox 1625 2461 1857 2505; x_wconf 87' lang='lat' dir='ltr'>causae</span> <span class='ocrx_word' id='word_1_222' title='bbox 1878 2447 2082 2524; x_wconf 68' lang='lat'>(§2⁴9·</span> <span class='ocrx_word' id='word_1_223' title='bbox 2101 2445 2149 2521; x_wconf 88' lang='lat'>1,</span> <span class='ocrx_word' id='word_1_224' title='bbox 2163 2444 2248 2519; x_wconf 81' lang='lat'>5).</span> <span class='ocrx_word' id='word_1_225' title='bbox 2269 2446 2771 2504; x_wconf 83' lang='lat' dir='ltr'>commiscentur</span> <span class='ocrx_word' id='word_1_226' title='bbox 2784 2460 2937 2504; x_wconf 85' lang='lat' dir='ltr'>vero</span> <span class='ocrx_word' id='word_1_227' title='bbox 2957 2451 3076 2503; x_wconf 91' lang='lat' dir='ltr'>aut</span> <span class='ocrx_word' id='word_1_228' title='bbox 3092 2444 3372 2518; x_wconf 82' lang='lat' dir='ltr'>liquidae</span> 
     </span>
     <span class='ocr_line' id='line_1_20' title="bbox 550 2538 3373 2616; baseline 0 -18"><span class='ocrx_word' id='word_1_229' title='bbox 550 2555 655 2598; x_wconf 87' lang='lat' dir='ltr'>res</span> <span class='ocrx_word' id='word_1_230' title='bbox 680 2542 779 2599; x_wconf 83' lang='lat' dir='ltr'>vel</span> <span class='ocrx_word' id='word_1_231' title='bbox 808 2540 1002 2598; x_wconf 88' lang='lat' dir='ltr'>etiam</span> <span class='ocrx_word' id='word_1_232' title='bbox 1033 2540 1415 2614; x_wconf 73' lang='lat' dir='ltr'>liquefactae</span> <span class='ocrx_word' id='word_1_233' title='bbox 1441 2588 1456 2614; x_wconf 95' lang='lat'><strong>‚</strong></span> <span class='ocrx_word' id='word_1_234' title='bbox 1484 2546 1680 2616; x_wconf 85' lang='lat' dir='ltr'>quam</span> <span class='ocrx_word' id='word_1_235' title='bbox 1699 2543 1958 2616; x_wconf 88' lang='lat' dir='ltr'>quidem</span> <span class='ocrx_word' id='word_1_236' title='bbox 1983 2538 2427 2602; x_wconf 78' lang='lat' dir='ltr'>confusionem</span> <span class='ocrx_word' id='word_1_237' title='bbox 2460 2548 2721 2614; x_wconf 76' lang='lat' dir='ltr'>vocant,</span> <span class='ocrx_word' id='word_1_238' title='bbox 2758 2548 2870 2600; x_wconf 85' lang='lat' dir='ltr'>aut</span> <span class='ocrx_word' id='word_1_239' title='bbox 2891 2557 3011 2600; x_wconf 89' lang='lat' dir='ltr'>eae</span> <span class='ocrx_word' id='word_1_240' title='bbox 3039 2584 3058 2610; x_wconf 79' lang='lat'>‚</span> <span class='ocrx_word' id='word_1_241' title='bbox 3091 2555 3373 2615; x_wconf 88' lang='lat' dir='ltr'>quarum</span> 
     </span>
     <span class='ocr_line' id='line_1_21' title="bbox 549 2638 3376 2717; baseline -0 -19"><span class='ocrx_word' id='word_1_242' title='bbox 549 2655 827 2713; x_wconf 90' lang='lat' dir='ltr'>corpora</span> <span class='ocrx_word' id='word_1_243' title='bbox 866 2648 1129 2698; x_wconf 87' lang='lat' dir='ltr'>manent</span> <span class='ocrx_word' id='word_1_244' title='bbox 1157 2642 1464 2717; x_wconf 82' lang='lat' dir='ltr'>discreta3</span> <span class='ocrx_word' id='word_1_245' title='bbox 1492 2657 1697 2715; x_wconf 90' lang='lat' dir='ltr'>eaque</span> <span class='ocrx_word' id='word_1_246' title='bbox 1723 2657 1881 2715; x_wconf 90' lang='lat' dir='ltr'>prae</span> <span class='ocrx_word' id='word_1_247' title='bbox 1931 2644 2203 2702; x_wconf 86' lang='lat' dir='ltr'>caeteris</span> <span class='ocrx_word' id='word_1_248' title='bbox 2240 2649 2509 2701; x_wconf 82' lang='lat' dir='ltr'>vocatur</span> <span class='ocrx_word' id='word_1_249' title='bbox 2536 2641 2933 2701; x_wconf 84' lang='lat' dir='ltr'>commixtio.</span> <span class='ocrx_word' id='word_1_250' title='bbox 2966 2645 3041 2699; x_wconf 84' lang='lat' dir='ltr'>Et</span> <span class='ocrx_word' id='word_1_251' title='bbox 3060 2638 3109 2715; x_wconf 89' lang='lat'>1)</span> <span class='ocrx_word' id='word_1_252' title='bbox 3141 2639 3376 2700; x_wconf 76' lang='lat' dir='ltr'>confu-</span> 
     </span>
     <span class='ocr_line' id='line_1_22' title="bbox 548 2737 3375 2815; baseline 0 -18"><span class='ocrx_word' id='word_1_253' title='bbox 548 2737 728 2797; x_wconf 82' lang='lat' dir='ltr'>sione</span> <span class='ocrx_word' id='word_1_254' title='bbox 758 2738 1014 2810; x_wconf 88' lang='lat' dir='ltr'>quidem</span> <span class='ocrx_word' id='word_1_255' title='bbox 1037 2745 1150 2797; x_wconf 88' lang='lat' dir='ltr'>aut</span> <span class='ocrx_word' id='word_1_256' title='bbox 1176 2738 1343 2797; x_wconf 90' lang='lat' dir='ltr'>inter</span> <span class='ocrx_word' id='word_1_257' title='bbox 1382 2740 1597 2812; x_wconf 89' lang='lat' dir='ltr'>plures</span> <span class='ocrx_word' id='word_1_258' title='bbox 1632 2740 2147 2799; x_wconf 87' lang='lat' dir='ltr'>communicatur</span> <span class='ocrx_word' id='word_1_259' title='bbox 2171 2783 2187 2808; x_wconf 93' lang='lat'>‚</span> <span class='ocrx_word' id='word_1_260' title='bbox 2216 2745 2331 2799; x_wconf 90' lang='lat' dir='ltr'>aut</span> <span class='ocrx_word' id='word_1_261' title='bbox 2358 2740 2440 2798; x_wconf 89' lang='lat' dir='ltr'>ad</span> <span class='ocrx_word' id='word_1_262' title='bbox 2465 2756 2667 2799; x_wconf 93' lang='lat' dir='ltr'>unum</span> <span class='ocrx_word' id='word_1_263' title='bbox 2693 2738 3090 2798; x_wconf 76' lang='lat' dir='ltr'>transfertur</span> <span class='ocrx_word' id='word_1_264' title='bbox 3113 2783 3131 2815; x_wconf 91' lang='lat'>‚</span> <span class='ocrx_word' id='word_1_265' title='bbox 3163 2744 3279 2798; x_wconf 88' lang='lat' dir='ltr'>aut</span> <span class='ocrx_word' id='word_1_266' title='bbox 3309 2738 3375 2797; x_wconf 90' lang='lat' dir='ltr'>in</span> 
     </span>
     <span class='ocr_line' id='line_1_23' title="bbox 549 2829 3372 2909; baseline 0.001 -18"><span class='ocrx_word' id='word_1_267' title='bbox 549 2847 665 2891; x_wconf 90' lang='lat' dir='ltr'>suo</span> <span class='ocrx_word' id='word_1_268' title='bbox 694 2839 864 2893; x_wconf 85' lang='lat' dir='ltr'>statu</span> <span class='ocrx_word' id='word_1_269' title='bbox 886 2841 1219 2907; x_wconf 86' lang='lat' dir='ltr'>permanet</span> <span class='ocrx_word' id='word_1_270' title='bbox 1235 2830 1608 2893; x_wconf 89' lang='lat' dir='ltr'>dominium.</span> <span class='ocrx_word' id='word_1_271' title='bbox 1638 2837 2158 2896; x_wconf 84' lang='lat' dir='ltr'>communicatur</span> <span class='ocrx_word' id='word_1_272' title='bbox 2182 2832 2539 2896; x_wconf 87' lang='lat' dir='ltr'>dominium</span> <span class='ocrx_word' id='word_1_273' title='bbox 2584 2842 2699 2894; x_wconf 88' lang='lat' dir='ltr'>aut</span> <span class='ocrx_word' id='word_1_274' title='bbox 2733 2836 3080 2909; x_wconf 83' lang='lat' dir='ltr'>utriusque</span> <span class='ocrx_word' id='word_1_275' title='bbox 3125 2829 3372 2894; x_wconf 86' lang='lat' dir='ltr'>domini</span> 
     </span>
    </p>
   </div>
   <div class='ocr_carea' id='block_1_9' title="bbox 547 2931 3380 3697">
    <p class='ocr_par' dir='ltr' id='par_1_9' title="bbox 547 2931 3380 3697">
     <span class='ocr_line' id='line_1_24' title="bbox 548 2931 3375 3011; baseline 0.001 -21"><span class='ocrx_word' id='word_1_276' title='bbox 548 2934 880 2992; x_wconf 82' lang='lat' dir='ltr'>voluntate</span> <span class='ocrx_word' id='word_1_277' title='bbox 906 2931 947 3006; x_wconf 88' lang='lat'>¹)</span> <span class='ocrx_word' id='word_1_278' title='bbox 975 2978 991 3003; x_wconf 86' lang='lat'>‚</span> <span class='ocrx_word' id='word_1_279' title='bbox 1026 2934 1089 2991; x_wconf 89' lang='lat' dir='ltr'>in</span> <span class='ocrx_word' id='word_1_280' title='bbox 1113 2949 1242 3007; x_wconf 90' lang='lat' dir='ltr'>quo</span> <span class='ocrx_word' id='word_1_281' title='bbox 1273 2936 1492 2993; x_wconf 89' lang='lat' dir='ltr'>subest</span> <span class='ocrx_word' id='word_1_282' title='bbox 1525 2933 1802 3003; x_wconf 77' lang='lat' dir='ltr'>traditio,</span> <span class='ocrx_word' id='word_1_283' title='bbox 1836 2943 1949 2994; x_wconf 89' lang='lat' dir='ltr'>aut</span> <span class='ocrx_word' id='word_1_284' title='bbox 1964 2952 2117 2995; x_wconf 88' lang='lat' dir='ltr'>casu</span> <span class='ocrx_word' id='word_1_285' title='bbox 2148 2980 2165 3006; x_wconf 93' lang='lat'>‚</span> <span class='ocrx_word' id='word_1_286' title='bbox 2203 2952 2337 3009; x_wconf 86' lang='lat' dir='ltr'>quo</span> <span class='ocrx_word' id='word_1_287' title='bbox 2365 2937 2633 3011; x_wconf 88' lang='lat' dir='ltr'>quidem</span> <span class='ocrx_word' id='word_1_288' title='bbox 2656 2936 2792 2994; x_wconf 91' lang='lat' dir='ltr'>sine</span> <span class='ocrx_word' id='word_1_289' title='bbox 2821 2931 3237 2994; x_wconf 90' lang='lat' dir='ltr'>dominorum</span> <span class='ocrx_word' id='word_1_290' title='bbox 3263 2950 3375 2994; x_wconf 83' lang='lat' dir='ltr'>vo-</span> 
     </span>
     <span class='ocr_line' id='line_1_25' title="bbox 547 3027 3375 3106; baseline 0.001 -19"><span class='ocrx_word' id='word_1_291' title='bbox 547 3030 797 3089; x_wconf 87' lang='lat' dir='ltr'>luntate</span> <span class='ocrx_word' id='word_1_292' title='bbox 818 3029 1302 3090; x_wconf 82' lang='lat' dir='ltr'>confunduntur</span> <span class='ocrx_word' id='word_1_293' title='bbox 1327 3031 1636 3089; x_wconf 89' lang='lat' dir='ltr'>materiae</span> <span class='ocrx_word' id='word_1_294' title='bbox 1659 3073 1676 3100; x_wconf 92' lang='lat'>‚</span> <span class='ocrx_word' id='word_1_295' title='bbox 1706 3031 1836 3090; x_wconf 83' lang='lat' dir='ltr'>sive</span> <span class='ocrx_word' id='word_1_296' title='bbox 1864 3034 2150 3106; x_wconf 75' lang='lat' dir='ltr'>eJusdem</span> <span class='ocrx_word' id='word_1_297' title='bbox 2171 3033 2304 3093; x_wconf 83' lang='lat' dir='ltr'>sive</span> <span class='ocrx_word' id='word_1_298' title='bbox 2342 3028 2580 3091; x_wconf 84' lang='lat' dir='ltr'>diversi</span> <span class='ocrx_word' id='word_1_299' title='bbox 2615 3033 2868 3106; x_wconf 89' lang='lat' dir='ltr'>generis</span> <span class='ocrx_word' id='word_1_300' title='bbox 2889 3027 2936 3106; x_wconf 89' lang='lat'>²)</span> <span class='ocrx_word' id='word_1_301' title='bbox 2962 3075 2980 3103; x_wconf 90' lang='lat'>‚</span> <span class='ocrx_word' id='word_1_302' title='bbox 3027 3039 3145 3091; x_wconf 87' lang='lat' dir='ltr'>aut</span> <span class='ocrx_word' id='word_1_303' title='bbox 3182 3032 3375 3091; x_wconf 79' lang='lat' dir='ltr'>unius</span> 
     </span>
     <span class='ocr_line' id='line_1_26' title="bbox 550 3124 3376 3206; baseline 0.001 -23"><span class='ocrx_word' id='word_1_304' title='bbox 550 3126 958 3184; x_wconf 89' lang='lat' dir='ltr'>dominorum</span> <span class='ocrx_word' id='word_1_305' title='bbox 980 3124 1154 3185; x_wconf 79' lang='lat' dir='ltr'>tacto</span> <span class='ocrx_word' id='word_1_306' title='bbox 1173 3170 1191 3200; x_wconf 92' lang='lat'><strong><em>,</em></strong></span> <span class='ocrx_word' id='word_1_307' title='bbox 1221 3126 1355 3185; x_wconf 89' lang='lat' dir='ltr'>scil.</span> <span class='ocrx_word' id='word_1_308' title='bbox 1388 3142 1491 3185; x_wconf 87' lang='lat' dir='ltr'>res</span> <span class='ocrx_word' id='word_1_309' title='bbox 1513 3142 1588 3185; x_wconf 89' lang='lat' dir='ltr'>ex</span> <span class='ocrx_word' id='word_1_310' title='bbox 1610 3128 1841 3186; x_wconf 87' lang='lat' dir='ltr'>eodem</span> <span class='ocrx_word' id='word_1_311' title='bbox 1864 3143 2101 3200; x_wconf 84' lang='lat' dir='ltr'>genere</span> <span class='ocrx_word' id='word_1_312' title='bbox 2123 3127 2569 3188; x_wconf 78' lang='lat' dir='ltr'>confundentis</span> <span class='ocrx_word' id='word_1_313' title='bbox 2590 3127 2665 3206; x_wconf 78' lang='lat'>²),</span> <span class='ocrx_word' id='word_1_314' title='bbox 2699 3129 2891 3203; x_wconf 87' lang='lat' dir='ltr'>idque</span> <span class='ocrx_word' id='word_1_315' title='bbox 2917 3127 3138 3186; x_wconf 86' lang='lat' dir='ltr'>licebit</span> <span class='ocrx_word' id='word_1_316' title='bbox 3158 3172 3177 3197; x_wconf 89' lang='lat'>‚</span> <span class='ocrx_word' id='word_1_317' title='bbox 3205 3128 3376 3188; x_wconf 86' lang='lat' dir='ltr'>inter</span> 
     </span>
     <span class='ocr_line' id='line_1_27' title="bbox 551 3217 3377 3297; baseline 0 -17"><span class='ocrx_word' id='word_1_318' title='bbox 551 3217 986 3282; x_wconf 88' lang='lat' dir='ltr'>accessionum</span> <span class='ocrx_word' id='word_1_319' title='bbox 1014 3223 1258 3294; x_wconf 90' lang='lat' dir='ltr'>species</span> <span class='ocrx_word' id='word_1_320' title='bbox 1283 3222 1551 3283; x_wconf 77' lang='lat' dir='ltr'>referre.</span> <span class='ocrx_word' id='word_1_321' title='bbox 1582 3224 1673 3282; x_wconf 85' lang='lat' dir='ltr'>Ad</span> <span class='ocrx_word' id='word_1_322' title='bbox 1704 3224 2086 3283; x_wconf 85' lang='lat' dir='ltr'>alterutrum</span> <span class='ocrx_word' id='word_1_323' title='bbox 2125 3224 2537 3284; x_wconf 88' lang='lat' dir='ltr'>dominorum</span> <span class='ocrx_word' id='word_1_324' title='bbox 2580 3231 2789 3284; x_wconf 90' lang='lat' dir='ltr'>totum</span> <span class='ocrx_word' id='word_1_325' title='bbox 2831 3223 3188 3297; x_wconf 88' lang='lat' dir='ltr'>pertinebit</span> <span class='ocrx_word' id='word_1_326' title='bbox 3226 3239 3377 3282; x_wconf 87' lang='lat' dir='ltr'>cor-</span> 
     </span>
     <span class='ocr_line' id='line_1_28' title="bbox 552 3316 3376 3395; baseline 0.001 -20"><span class='ocrx_word' id='word_1_327' title='bbox 552 3333 670 3392; x_wconf 89' lang='lat' dir='ltr'>pus</span> <span class='ocrx_word' id='word_1_328' title='bbox 689 3364 705 3392; x_wconf 88' lang='lat'>‚</span> <span class='ocrx_word' id='word_1_329' title='bbox 738 3333 884 3377; x_wconf 89' lang='lat' dir='ltr'>cum</span> <span class='ocrx_word' id='word_1_330' title='bbox 908 3333 982 3376; x_wconf 84' lang='lat' dir='ltr'>ex</span> <span class='ocrx_word' id='word_1_331' title='bbox 1009 3316 1401 3391; x_wconf 86' lang='lat' dir='ltr'>obligatione</span> <span class='ocrx_word' id='word_1_332' title='bbox 1430 3362 1446 3389; x_wconf 91' lang='lat'>‚</span> <span class='ocrx_word' id='word_1_333' title='bbox 1477 3320 1654 3392; x_wconf 91' lang='lat' dir='ltr'>quod</span> <span class='ocrx_word' id='word_1_334' title='bbox 1686 3319 1904 3378; x_wconf 88' lang='lat' dir='ltr'>itidem</span> <span class='ocrx_word' id='word_1_335' title='bbox 1935 3327 2032 3379; x_wconf 86' lang='lat' dir='ltr'>est</span> <span class='ocrx_word' id='word_1_336' title='bbox 2061 3321 2420 3380; x_wconf 88' lang='lat' dir='ltr'>traditionis</span> <span class='ocrx_word' id='word_1_337' title='bbox 2441 3337 2644 3395; x_wconf 88' lang='lat' dir='ltr'>genus</span> <span class='ocrx_word' id='word_1_338' title='bbox 2670 3366 2687 3394; x_wconf 95' lang='lat'><strong>‚</strong></span> <span class='ocrx_word' id='word_1_339' title='bbox 2734 3328 2872 3380; x_wconf 93' lang='lat' dir='ltr'>tum</span> <span class='ocrx_word' id='word_1_340' title='bbox 2897 3335 3061 3379; x_wconf 82' lang='lat' dir='ltr'>vero</span> <span class='ocrx_word' id='word_1_341' title='bbox 3085 3319 3259 3378; x_wconf 76' lang='lat' dir='ltr'>iacto</span> <span class='ocrx_word' id='word_1_342' title='bbox 3277 3334 3376 3378; x_wconf 89' lang='lat' dir='ltr'>ao-</span> 
     </span>
     <span class='ocr_line' id='line_1_29' title="bbox 553 3417 3377 3495; baseline 0 -19"><span class='ocrx_word' id='word_1_343' title='bbox 553 3419 865 3492; x_wconf 88' lang='lat' dir='ltr'>quirentis</span> <span class='ocrx_word' id='word_1_344' title='bbox 882 3464 899 3491; x_wconf 90' lang='lat'>,</span> <span class='ocrx_word' id='word_1_345' title='bbox 934 3418 985 3475; x_wconf 88' lang='lat' dir='ltr'>si</span> <span class='ocrx_word' id='word_1_346' title='bbox 1017 3419 1277 3491; x_wconf 88' lang='lat' dir='ltr'>quidem</span> <span class='ocrx_word' id='word_1_347' title='bbox 1301 3417 1609 3479; x_wconf 81' lang='lat' dir='ltr'>confusae</span> <span class='ocrx_word' id='word_1_348' title='bbox 1624 3428 1776 3478; x_wconf 88' lang='lat' dir='ltr'>sunt</span> <span class='ocrx_word' id='word_1_349' title='bbox 1796 3421 2105 3480; x_wconf 88' lang='lat' dir='ltr'>materiae</span> <span class='ocrx_word' id='word_1_350' title='bbox 2126 3465 2145 3495; x_wconf 90' lang='lat'><strong><em>‚</em></strong></span> <span class='ocrx_word' id='word_1_351' title='bbox 2171 3437 2446 3495; x_wconf 89' lang='lat' dir='ltr'>quarum</span> <span class='ocrx_word' id='word_1_352' title='bbox 2467 3423 2548 3481; x_wconf 88' lang='lat' dir='ltr'>ad</span> <span class='ocrx_word' id='word_1_353' title='bbox 2569 3438 2750 3482; x_wconf 90' lang='lat' dir='ltr'>suam</span> <span class='ocrx_word' id='word_1_354' title='bbox 2768 3421 3052 3495; x_wconf 89' lang='lat' dir='ltr'>speciem</span> <span class='ocrx_word' id='word_1_355' title='bbox 3071 3435 3377 3495; x_wconf 85' lang='lat' dir='ltr'>quaeque</span> 
     </span>
     <span class='ocr_line' id='line_1_30' title="bbox 551 3516 3372 3597; baseline 0.001 -20"><span class='ocrx_word' id='word_1_356' title='bbox 551 3519 841 3578; x_wconf 85' lang='lat' dir='ltr'>revocari</span> <span class='ocrx_word' id='word_1_357' title='bbox 891 3521 1116 3592; x_wconf 88' lang='lat' dir='ltr'>nequit</span> <span class='ocrx_word' id='word_1_358' title='bbox 1137 3516 1179 3593; x_wconf 86' lang='lat'>⁴)</span> <span class='ocrx_word' id='word_1_359' title='bbox 1209 3538 1230 3592; x_wconf 90' lang='lat'>;</span> <span class='ocrx_word' id='word_1_360' title='bbox 1275 3535 1472 3594; x_wconf 87' lang='lat' dir='ltr'>quam</span> <span class='ocrx_word' id='word_1_361' title='bbox 1521 3521 1893 3594; x_wconf 85' lang='lat' dir='ltr'>acquirendi</span> <span class='ocrx_word' id='word_1_362' title='bbox 1938 3522 2212 3582; x_wconf 81' lang='lat' dir='ltr'>sormam</span> <span class='ocrx_word' id='word_1_363' title='bbox 2260 3523 2795 3597; x_wconf 79' lang='lat' dir='ltr'>specificationem</span> <span class='ocrx_word' id='word_1_364' title='bbox 2838 3528 3080 3582; x_wconf 82' lang='lat' dir='ltr'>vocant</span> <span class='ocrx_word' id='word_1_365' title='bbox 3122 3517 3176 3596; x_wconf 76' lang='lat' dir='ltr'>(S</span> <span class='ocrx_word' id='word_1_366' title='bbox 3202 3519 3372 3594; x_wconf 83' lang='grc'><strong>252).</strong></span> 
     </span>
     <span class='ocr_line' id='line_1_31' title="bbox 554 3610 3380 3697; baseline 0 -20"><span class='ocrx_word' id='word_1_367' title='bbox 554 3620 786 3696; x_wconf 84' lang='lat' dir='ltr'>Quodsi</span> <span class='ocrx_word' id='word_1_368' title='bbox 817 3622 1103 3692; x_wconf 87' lang='lat' dir='ltr'>separari</span> <span class='ocrx_word' id='word_1_369' title='bbox 1132 3626 1401 3693; x_wconf 88' lang='lat' dir='ltr'>possunt</span> <span class='ocrx_word' id='word_1_370' title='bbox 1424 3636 1704 3692; x_wconf 88' lang='lat' dir='ltr'>massae,</span> <span class='ocrx_word' id='word_1_371' title='bbox 1732 3618 1887 3681; x_wconf 87' lang='lat' dir='ltr'>nihil</span> <span class='ocrx_word' id='word_1_372' title='bbox 1906 3623 2252 3697; x_wconf 87' lang='lat' dir='ltr'>quicquam</span> <span class='ocrx_word' id='word_1_373' title='bbox 2275 3629 2564 3682; x_wconf 88' lang='lat' dir='ltr'>mutatur</span> <span class='ocrx_word' id='word_1_374' title='bbox 2591 3623 2948 3684; x_wconf 88' lang='lat' dir='ltr'>dominium</span> <span class='ocrx_word' id='word_1_375' title='bbox 2971 3610 3047 3697; x_wconf 75' lang='lat'>⁸).</span> <span class='ocrx_word' id='word_1_376' title='bbox 3084 3624 3165 3686; x_wconf 90' lang='lat'>11)</span> <span class='ocrx_word' id='word_1_377' title='bbox 3202 3616 3380 3681; x_wconf 85' lang='lat' dir='ltr'>Simi-</span> 
     </span>
    </p>
   </div>
   <div class='ocr_carea' id='block_1_10' title="bbox 612 3800 3383 3862">
    <p class='ocr_par' dir='ltr' id='par_1_10' title="bbox 612 3800 3383 3862">
     <span class='ocr_line' id='line_1_32' title="bbox 612 3800 3383 3862; baseline 0 -14"><span class='ocrx_word' id='word_1_378' title='bbox 612 3800 663 3858; x_wconf 84' lang='lat'>7)</span> <span class='ocrx_word' id='word_1_379' title='bbox 682 3803 735 3848; x_wconf 89' lang='lat' dir='ltr'>L.</span> <span class='ocrx_word' id='word_1_380' title='bbox 757 3802 838 3848; x_wconf 77' lang='lat'>23.</span> <span class='ocrx_word' id='word_1_381' title='bbox 861 3803 887 3856; x_wconf 79' lang='lat' dir='ltr'>S</span> <span class='ocrx_word' id='word_1_382' title='bbox 909 3800 958 3848; x_wconf 64' lang='grc'>4.</span> <span class='ocrx_word' id='word_1_383' title='bbox 979 3803 1034 3848; x_wconf 87' lang='lat' dir='ltr'>D.</span> <span class='ocrx_word' id='word_1_384' title='bbox 1054 3801 1124 3849; x_wconf 81' lang='lat' dir='ltr'>de</span> <span class='ocrx_word' id='word_1_385' title='bbox 1146 3804 1210 3849; x_wconf 74' lang='lat' dir='ltr'>R.</span> <span class='ocrx_word' id='word_1_386' title='bbox 1236 3804 1305 3850; x_wconf 79' lang='lat' dir='ltr'>V.</span> <span class='ocrx_word' id='word_1_387' title='bbox 1327 3805 1429 3859; x_wconf 76' lang='lat' dir='ltr'>-S</span> <span class='ocrx_word' id='word_1_388' title='bbox 1448 3802 1534 3850; x_wconf 74' lang='lat'>33.</span> <span class='ocrx_word' id='word_1_389' title='bbox 1558 3805 1596 3850; x_wconf 87' lang='lat'>1.</span> <span class='ocrx_word' id='word_1_390' title='bbox 1620 3803 1675 3851; x_wconf 66' lang='lat' dir='ltr'>k.</span> <span class='ocrx_word' id='word_1_391' title='bbox 1696 3808 1735 3852; x_wconf 81' lang='lat' dir='ltr'>t.</span> <span class='ocrx_word' id='word_1_392' title='bbox 2055 3803 2107 3862; x_wconf 77' lang='lat'>6)</span> <span class='ocrx_word' id='word_1_393' title='bbox 2128 3803 2315 3858; x_wconf 52' lang='lat'>8321.</span> <span class='ocrx_word' id='word_1_394' title='bbox 2337 3805 2393 3852; x_wconf 81' lang='lat' dir='ltr'>lt.</span> <span class='ocrx_word' id='word_1_395' title='bbox 2418 3806 2576 3852; x_wconf 79' lang='lat' dir='ltr'>t.-1..</span> <span class='ocrx_word' id='word_1_396' title='bbox 2596 3816 2683 3852; x_wconf 85' lang='lat' dir='ltr'>un.</span> <span class='ocrx_word' id='word_1_397' title='bbox 2708 3805 2758 3851; x_wconf 75' lang='lat' dir='ltr'>in</span> <span class='ocrx_word' id='word_1_398' title='bbox 2777 3806 2816 3854; x_wconf 73' lang='lat' dir='ltr'>f.</span> <span class='ocrx_word' id='word_1_399' title='bbox 2838 3805 2894 3851; x_wconf 89' lang='lat' dir='ltr'>C.</span> <span class='ocrx_word' id='word_1_400' title='bbox 2913 3803 2968 3850; x_wconf 82' lang='grc' dir='ltr'><strong>Ιι.</strong></span> <span class='ocrx_word' id='word_1_401' title='bbox 2994 3806 3033 3850; x_wconf 82' lang='lat' dir='ltr'>t.</span> <span class='ocrx_word' id='word_1_402' title='bbox 3080 3828 3139 3837; x_wconf 90' lang='lat'>—</span> <span class='ocrx_word' id='word_1_403' title='bbox 3176 3803 3288 3850; x_wconf 73' lang='lat' dir='ltr'>vicl.</span> <span class='ocrx_word' id='word_1_404' title='bbox 3327 3807 3383 3849; x_wconf 66' lang='lat' dir='ltr'>et</span> 
     </span>
    </p>
   </div>
   <div class='ocr_carea' id='block_1_11' title="bbox 613 3861 3385 4049">
    <p class='ocr_par' dir='ltr' id='par_1_11' title="bbox 613 3861 3385 4049">
     <span class='ocr_line' id='line_1_33' title="bbox 613 3861 3385 3926; baseline 0 -16"><span class='ocrx_word' id='word_1_405' title='bbox 613 3862 665 3922; x_wconf 86' lang='lat' dir='ltr'>s)</span> <span class='ocrx_word' id='word_1_406' title='bbox 687 3861 805 3919; x_wconf 72' lang='lat'>526.</span> <span class='ocrx_word' id='word_1_407' title='bbox 829 3868 879 3911; x_wconf 75' lang='lat' dir='ltr'>et</span> <span class='ocrx_word' id='word_1_408' title='bbox 897 3862 977 3912; x_wconf 76' lang='lat'>3⁴.</span> <span class='ocrx_word' id='word_1_409' title='bbox 997 3865 1100 3914; x_wconf 74' lang='lat' dir='ltr'>inf.</span> <span class='ocrx_word' id='word_1_410' title='bbox 1120 3867 1156 3912; x_wconf 86' lang='lat'>1.</span> <span class='ocrx_word' id='word_1_411' title='bbox 1182 3864 1235 3911; x_wconf 79' lang='grc' dir='ltr'><strong>ιι.</strong></span> <span class='ocrx_word' id='word_1_412' title='bbox 1258 3868 1297 3912; x_wconf 79' lang='grc' dir='ltr'>ι.</span> <span class='ocrx_word' id='word_1_413' title='bbox 1993 3867 2040 3924; x_wconf 76' lang='lat' dir='ltr'>a)</span> <span class='ocrx_word' id='word_1_414' title='bbox 2056 3870 2106 3914; x_wconf 83' lang='lat' dir='ltr'>t..</span> <span class='ocrx_word' id='word_1_415' title='bbox 2127 3867 2801 3926; x_wconf 74' lang='lat' dir='ltr'>3.sult.n.deJ.F.-b)1..</span> <span class='ocrx_word' id='word_1_416' title='bbox 2821 3864 2904 3914; x_wconf 75' lang='lat'>65.</span> <span class='ocrx_word' id='word_1_417' title='bbox 2920 3877 2998 3925; x_wconf 70' lang='grc' dir='ltr'><strong>με.</strong></span> <span class='ocrx_word' id='word_1_418' title='bbox 3024 3866 3087 3914; x_wconf 84' lang='lat' dir='ltr'>n.</span> <span class='ocrx_word' id='word_1_419' title='bbox 3107 3867 3165 3913; x_wconf 67' lang='lat' dir='ltr'>a.</span> <span class='ocrx_word' id='word_1_420' title='bbox 3184 3870 3227 3914; x_wconf 85' lang='lat' dir='ltr'>t.</span> <span class='ocrx_word' id='word_1_421' title='bbox 3242 3861 3385 3924; x_wconf 70' lang='grc' dir='ltr'>(ιιι,</span> 
     </span>
     <span class='ocr_line' id='line_1_34' title="bbox 1991 3928 2731 3990; baseline 0.003 -15"><span class='ocrx_word' id='word_1_422' title='bbox 1991 3928 2077 3976; x_wconf 89' lang='grc'><strong>1.).</strong></span> <span class='ocrx_word' id='word_1_423' title='bbox 2104 3954 2160 3963; x_wconf 91' lang='lat'>—</span> <span class='ocrx_word' id='word_1_424' title='bbox 2193 3930 2417 3988; x_wconf 54' lang='lat' dir='ltr'>Koeckr</span> <span class='ocrx_word' id='word_1_425' title='bbox 2435 3942 2483 3988; x_wconf 88' lang='lat' dir='ltr'>p.</span> <span class='ocrx_word' id='word_1_426' title='bbox 2507 3929 2604 3976; x_wconf 78' lang='grc'>228</span> <span class='ocrx_word' id='word_1_427' title='bbox 2624 3942 2731 3990; x_wconf 81' lang='lat' dir='ltr'>sqq.</span> 
     </span>
     <span class='ocr_line' id='line_1_35' title="bbox 1151 3986 3377 4049; baseline -0.004 -3"><span class='ocrx_word' id='word_1_428' title='bbox 1151 3992 1177 4046; x_wconf 79' lang='lat' dir='ltr'>s</span> <span class='ocrx_word' id='word_1_429' title='bbox 1194 3986 1307 4036; x_wconf 74' lang='lat'>258-</span> <span class='ocrx_word' id='word_1_430' title='bbox 2050 3991 2099 4049; x_wconf 87' lang='lat'>7)</span> <span class='ocrx_word' id='word_1_431' title='bbox 2120 3993 2146 4046; x_wconf 81' lang='grc' dir='ltr'>ς</span> <span class='ocrx_word' id='word_1_432' title='bbox 2163 3992 2302 4039; x_wconf 54' lang='grc'><strong>59].</strong></span> <span class='ocrx_word' id='word_1_433' title='bbox 2325 3993 2569 4043; x_wconf 51' lang='lat' dir='ltr'>tan-1..</span> <span class='ocrx_word' id='word_1_434' title='bbox 2596 4005 2684 4039; x_wconf 84' lang='lat' dir='ltr'>un.</span> <span class='ocrx_word' id='word_1_435' title='bbox 2709 3994 2762 4040; x_wconf 70' lang='lat' dir='ltr'>in</span> <span class='ocrx_word' id='word_1_436' title='bbox 2783 3991 2820 4038; x_wconf 75' lang='lat' dir='ltr'>r.</span> <span class='ocrx_word' id='word_1_437' title='bbox 2844 3991 2905 4037; x_wconf 89' lang='lat' dir='ltr'>c.</span> <span class='ocrx_word' id='word_1_438' title='bbox 2921 3989 2979 4037; x_wconf 73' lang='grc' dir='ltr'><strong>ιι.</strong></span> <span class='ocrx_word' id='word_1_439' title='bbox 3000 3994 3041 4038; x_wconf 76' lang='grc' dir='ltr'>ε.</span> <span class='ocrx_word' id='word_1_440' title='bbox 3074 4013 3139 4023; x_wconf 89' lang='lat'>-</span> <span class='ocrx_word' id='word_1_441' title='bbox 3162 3991 3377 4038; x_wconf 58' lang='lat' dir='ltr'>uasat.</span> 
     </span>
    </p>
   </div>
   <div class='ocr_carea' id='block_1_12' title="bbox 550 4053 3384 4286">
    <p class='ocr_par' dir='ltr' id='par_1_12' title="bbox 550 4053 3384 4286">
     <span class='ocr_line' id='line_1_36' title="bbox 1980 4053 3384 4114; baseline 0 -14"><span class='ocrx_word' id='word_1_442' title='bbox 1980 4053 2176 4110; x_wconf 73' lang='lat' dir='ltr'>Oretoff</span> <span class='ocrx_word' id='word_1_443' title='bbox 2209 4068 2257 4114; x_wconf 88' lang='lat' dir='ltr'>p.</span> <span class='ocrx_word' id='word_1_444' title='bbox 2291 4053 2354 4102; x_wconf 98' lang='grc'>72</span> <span class='ocrx_word' id='word_1_445' title='bbox 2372 4066 2477 4114; x_wconf 84' lang='lat' dir='ltr'>sqq.</span> <span class='ocrx_word' id='word_1_446' title='bbox 2499 4077 2561 4087; x_wconf 90' lang='lat'>——</span> <span class='ocrx_word' id='word_1_447' title='bbox 2589 4055 2689 4113; x_wconf 82' lang='lat' dir='ltr'>[De</span> <span class='ocrx_word' id='word_1_448' title='bbox 2708 4053 2951 4102; x_wconf 67' lang='lat' dir='ltr'>thesauris</span> <span class='ocrx_word' id='word_1_449' title='bbox 2970 4086 2986 4110; x_wconf 88' lang='lat'>‚</span> <span class='ocrx_word' id='word_1_450' title='bbox 3006 4053 3098 4111; x_wconf 83' lang='lat' dir='ltr'>qui</span> <span class='ocrx_word' id='word_1_451' title='bbox 3132 4053 3188 4099; x_wconf 82' lang='lat' dir='ltr'>in</span> <span class='ocrx_word' id='word_1_452' title='bbox 3230 4054 3384 4100; x_wconf 74' lang='lat' dir='ltr'>rebus</span> 
     </span>
     <span class='ocr_line' id='line_1_37' title="bbox 613 4110 3382 4170; baseline 0.001 -12"><span class='ocrx_word' id='word_1_453' title='bbox 613 4112 674 4170; x_wconf 70' lang='lat'>(⁸)</span> <span class='ocrx_word' id='word_1_454' title='bbox 696 4113 817 4159; x_wconf 89' lang='lat' dir='ltr'>Cod.</span> <span class='ocrx_word' id='word_1_455' title='bbox 840 4113 918 4168; x_wconf 81' lang='grc' dir='ltr'>(Χ,</span> <span class='ocrx_word' id='word_1_456' title='bbox 941 4110 1041 4170; x_wconf 82' lang='grc'><strong>15.)</strong></span> <span class='ocrx_word' id='word_1_457' title='bbox 1059 4111 1129 4160; x_wconf 74' lang='lat' dir='ltr'>de</span> <span class='ocrx_word' id='word_1_458' title='bbox 1160 4112 1571 4160; x_wconf 55' lang='lat' dir='ltr'>thesauriza—L.</span> <span class='ocrx_word' id='word_1_459' title='bbox 1597 4115 1664 4159; x_wconf 80' lang='lat' dir='ltr'>H.</span> <span class='ocrx_word' id='word_1_460' title='bbox 1690 4117 1748 4162; x_wconf 79' lang='lat' dir='ltr'>G.</span> <span class='ocrx_word' id='word_1_461' title='bbox 1775 4116 1914 4162; x_wconf 76' lang='lat' dir='ltr'>Koc·</span> <span class='ocrx_word' id='word_1_462' title='bbox 1979 4117 2239 4164; x_wconf 85' lang='lat' dir='ltr'>mobilibus</span> <span class='ocrx_word' id='word_1_463' title='bbox 2257 4117 2493 4164; x_wconf 81' lang='lat' dir='ltr'>reconditi</span> <span class='ocrx_word' id='word_1_464' title='bbox 2506 4118 2823 4165; x_wconf 78' lang='lat' dir='ltr'>inveniuntur</span> <span class='ocrx_word' id='word_1_465' title='bbox 2845 4116 2947 4164; x_wconf 76' lang='lat' dir='ltr'>vid.</span> <span class='ocrx_word' id='word_1_466' title='bbox 2977 4116 3081 4164; x_wconf 81' lang='lat' dir='ltr'>W.</span> <span class='ocrx_word' id='word_1_467' title='bbox 3122 4116 3236 4163; x_wconf 74' lang='lat' dir='ltr'>Sei!</span> <span class='ocrx_word' id='word_1_468' title='bbox 3255 4115 3382 4162; x_wconf 73' lang='lat' dir='ltr'>Ver-</span> 
     </span>
     <span class='ocr_line' id='line_1_38' title="bbox 551 4173 2544 4237; baseline 0.002 -15"><span class='ocrx_word' id='word_1_469' title='bbox 551 4173 659 4230; x_wconf 71' lang='lat' dir='ltr'>clty</span> <span class='ocrx_word' id='word_1_470' title='bbox 675 4174 802 4221; x_wconf 84' lang='lat' dir='ltr'>civil.</span> <span class='ocrx_word' id='word_1_471' title='bbox 827 4176 983 4221; x_wconf 77' lang='lat' dir='ltr'>Erort.</span> <span class='ocrx_word' id='word_1_472' title='bbox 1006 4175 1044 4223; x_wconf 91' lang='lat'>1.</span> <span class='ocrx_word' id='word_1_473' title='bbox 1066 4186 1144 4223; x_wconf 91' lang='lat' dir='ltr'>nr.</span> <span class='ocrx_word' id='word_1_474' title='bbox 1175 4174 1225 4223; x_wconf 87' lang='grc'><strong>7.</strong></span> <span class='ocrx_word' id='word_1_475' title='bbox 1249 4200 1310 4209; x_wconf 92' lang='grc'>-</span> <span class='ocrx_word' id='word_1_476' title='bbox 1330 4178 1390 4222; x_wconf 79' lang='lat' dir='ltr'>F.</span> <span class='ocrx_word' id='word_1_477' title='bbox 1414 4174 1799 4232; x_wconf 79' lang='lat' dir='ltr'>ortloffcomm.</span> <span class='ocrx_word' id='word_1_478' title='bbox 1815 4178 1913 4235; x_wconf 72' lang='lat' dir='ltr'>iur.</span> <span class='ocrx_word' id='word_1_479' title='bbox 1980 4178 2146 4226; x_wconf 79' lang='lat' dir='ltr'>suche.</span> <span class='ocrx_word' id='word_1_480' title='bbox 2167 4181 2226 4226; x_wconf 84' lang='lat' dir='ltr'>T.</span> <span class='ocrx_word' id='word_1_481' title='bbox 2250 4183 2287 4228; x_wconf 90' lang='lat' dir='ltr'>l.</span> <span class='ocrx_word' id='word_1_482' title='bbox 2314 4180 2395 4226; x_wconf 65' lang='grc' dir='ltr'><strong>Νι.</strong></span> <span class='ocrx_word' id='word_1_483' title='bbox 2422 4180 2502 4226; x_wconf 86' lang='lat' dir='ltr'>ln.</span> <span class='ocrx_word' id='word_1_484' title='bbox 2524 4177 2544 4237; x_wconf 88' lang='grc'>]</span> 
     </span>
     <span class='ocr_line' id='line_1_39' title="bbox 550 4235 1401 4286; baseline 0.001 -3"><span class='ocrx_word' id='word_1_485' title='bbox 550 4236 691 4283; x_wconf 81' lang='lat' dir='ltr'>Rom.</span> <span class='ocrx_word' id='word_1_486' title='bbox 709 4237 769 4283; x_wconf 86' lang='lat' dir='ltr'>de</span> <span class='ocrx_word' id='word_1_487' title='bbox 793 4236 1052 4284; x_wconf 84' lang='lat' dir='ltr'>thesauris.</span> <span class='ocrx_word' id='word_1_488' title='bbox 1073 4238 1168 4284; x_wconf 79' lang='lat' dir='ltr'>Erl.</span> <span class='ocrx_word' id='word_1_489' title='bbox 1192 4235 1332 4286; x_wconf 87' lang='grc'><strong>1818.</strong></span> <span class='ocrx_word' id='word_1_490' title='bbox 1353 4235 1401 4284; x_wconf 86' lang='grc'>8.</span> 
     </span>
    </p>
   </div>
   <div class='ocr_carea' id='block_1_13' title="bbox 550 4298 3393 4984">
    <p class='ocr_par' dir='ltr' id='par_1_13' title="bbox 550 4298 2744 4422">
     <span class='ocr_line' id='line_1_40' title="bbox 550 4298 2744 4422; baseline 0.005 -16"><span class='ocrx_word' id='word_1_491' title='bbox 550 4361 585 4406; x_wconf 84' lang='lat'>1.</span> <span class='ocrx_word' id='word_1_492' title='bbox 616 4298 1912 4422; x_wconf 58' lang='grc' dir='ltr'><strong>ἑέ“ῗ&gt;““.’ἇ“.·ἐκ.·ἓῆέ’·.“ζ·’“ί”·.Ξ”ῖξὲ”ῑ&gt;“ᾱ.ἲ)’.ἶ</strong></span> <span class='ocrx_word' id='word_1_493' title='bbox 2578 4300 2744 4358; x_wconf 72' lang='lat'>³²⁵⁹·</span> 
     </span>
    </p>

    <p class='ocr_par' dir='ltr' id='par_1_14' title="bbox 550 4396 3387 4611">
     <span class='ocr_line' id='line_1_41' title="bbox 550 4396 3043 4486; baseline 0.003 -18"><span class='ocrx_word' id='word_1_494' title='bbox 550 4434 605 4469; x_wconf 82' lang='lat' dir='ltr'>a.</span> <span class='ocrx_word' id='word_1_495' title='bbox 624 4436 680 4479; x_wconf 83' lang='lat' dir='ltr'>p.</span> <span class='ocrx_word' id='word_1_496' title='bbox 701 4396 1217 4486; x_wconf 44' lang='lat' dir='ltr'>(xlmas—Samiu-</span> <span class='ocrx_word' id='word_1_497' title='bbox 1230 4427 1379 4473; x_wconf 78' lang='lat' dir='ltr'>Besitz</span> <span class='ocrx_word' id='word_1_498' title='bbox 1397 4427 1422 4480; x_wconf 80' lang='grc' dir='ltr'>ς</span> <span class='ocrx_word' id='word_1_499' title='bbox 1441 4423 1521 4472; x_wconf 88' lang='grc'><strong>17.</strong></span> <span class='ocrx_word' id='word_1_500' title='bbox 1544 4439 1592 4485; x_wconf 90' lang='lat' dir='ltr'>p.</span> <span class='ocrx_word' id='word_1_501' title='bbox 1612 4424 1708 4473; x_wconf 81' lang='grc'><strong>216</strong></span> <span class='ocrx_word' id='word_1_502' title='bbox 1727 4438 1803 4485; x_wconf 79' lang='lat' dir='ltr'>sq,</span> <span class='ocrx_word' id='word_1_503' title='bbox 2041 4426 2104 4484; x_wconf 72' lang='lat'>(⁴⁵)</span> <span class='ocrx_word' id='word_1_504' title='bbox 2127 4425 2202 4474; x_wconf 73' lang='lat' dir='ltr'>Cf.</span> <span class='ocrx_word' id='word_1_505' title='bbox 2224 4439 2276 4475; x_wconf 86' lang='lat' dir='ltr'>v.</span> <span class='ocrx_word' id='word_1_506' title='bbox 2298 4425 2588 4476; x_wconf 69' lang='lat' dir='ltr'>Buchlioltz</span> <span class='ocrx_word' id='word_1_507' title='bbox 2608 4427 2850 4474; x_wconf 78' lang='lat' dir='ltr'>Vei-suche</span> <span class='ocrx_word' id='word_1_508' title='bbox 2868 4425 2951 4473; x_wconf 64' lang='grc' dir='ltr'><strong>Νι.</strong></span> <span class='ocrx_word' id='word_1_509' title='bbox 2980 4429 3043 4476; x_wconf 80' lang='lat' dir='ltr'>x.</span> 
     </span>
     <span class='ocr_line' id='line_1_42' title="bbox 617 4484 3387 4547; baseline 0.002 -18"><span class='ocrx_word' id='word_1_510' title='bbox 617 4484 755 4541; x_wconf 66' lang='grc'><strong>2)(31.</strong></span> <span class='ocrx_word' id='word_1_511' title='bbox 783 4487 834 4532; x_wconf 85' lang='grc' dir='ltr'>ι..</span> <span class='ocrx_word' id='word_1_512' title='bbox 853 4487 934 4531; x_wconf 82' lang='lat'>31.</span> <span class='ocrx_word' id='word_1_513' title='bbox 957 4486 982 4540; x_wconf 83' lang='lat' dir='ltr'>s</span> <span class='ocrx_word' id='word_1_514' title='bbox 1004 4486 1051 4535; x_wconf 84' lang='lat'>1.</span> <span class='ocrx_word' id='word_1_515' title='bbox 1076 4489 1133 4535; x_wconf 84' lang='grc' dir='ltr'>ι).</span> <span class='ocrx_word' id='word_1_516' title='bbox 1152 4489 1205 4534; x_wconf 69' lang='lat' dir='ltr'>ta.</span> <span class='ocrx_word' id='word_1_517' title='bbox 1231 4491 1269 4535; x_wconf 82' lang='grc' dir='ltr'>ι.</span> <span class='ocrx_word' id='word_1_518' title='bbox 1294 4485 1525 4546; x_wconf 78' lang='lat' dir='ltr'>(x1.1‚1.)</span> <span class='ocrx_word' id='word_1_519' title='bbox 2049 4487 3098 4547; x_wconf 68' lang='lat' dir='ltr'>1)1..⁷.38.n.1·.e.-527.1.eoa.-er.</span> <span class='ocrx_word' id='word_1_520' title='bbox 3118 4502 3175 4538; x_wconf 75' lang='lat' dir='ltr'>v.</span> <span class='ocrx_word' id='word_1_521' title='bbox 3198 4486 3387 4536; x_wconf 64' lang='lat' dir='ltr'>Buca-</span> 
     </span>
     <span class='ocr_line' id='line_1_43' title="bbox 615 4546 2542 4611; baseline 0.003 -20"><span class='ocrx_word' id='word_1_522' title='bbox 615 4547 664 4602; x_wconf 77' lang='lat'>3)</span> <span class='ocrx_word' id='word_1_523' title='bbox 687 4546 942 4594; x_wconf 82' lang='lat' dir='ltr'>Caeterum</span> <span class='ocrx_word' id='word_1_524' title='bbox 978 4549 1039 4596; x_wconf 81' lang='lat' dir='ltr'>de</span> <span class='ocrx_word' id='word_1_525' title='bbox 1074 4550 1417 4597; x_wconf 78' lang='lat' dir='ltr'>thesaurorum</span> <span class='ocrx_word' id='word_1_526' title='bbox 1439 4549 1759 4609; x_wconf 77' lang='lat' dir='ltr'>acquisitione</span> <span class='ocrx_word' id='word_1_527' title='bbox 1785 4551 1920 4598; x_wconf 75' lang='lat' dir='ltr'>varia</span> <span class='ocrx_word' id='word_1_528' title='bbox 1982 4551 2122 4599; x_wconf 72' lang='lat' dir='ltr'>holez</span> <span class='ocrx_word' id='word_1_529' title='bbox 2145 4552 2230 4598; x_wconf 89' lang='lat' dir='ltr'>l.l.</span> <span class='ocrx_word' id='word_1_530' title='bbox 2255 4564 2304 4611; x_wconf 87' lang='lat' dir='ltr'>p.</span> <span class='ocrx_word' id='word_1_531' title='bbox 2329 4548 2422 4599; x_wconf 75' lang='lat'>125</span> <span class='ocrx_word' id='word_1_532' title='bbox 2438 4563 2542 4610; x_wconf 81' lang='lat' dir='ltr'>sqq.</span> 
     </span>
    </p>

    <p class='ocr_par' dir='ltr' id='par_1_15' title="bbox 551 4606 3392 4672">
     <span class='ocr_line' id='line_1_44' title="bbox 551 4606 3392 4672; baseline 0.003 -18"><span class='ocrx_word' id='word_1_533' title='bbox 551 4606 705 4665; x_wconf 86' lang='lat' dir='ltr'>impp.</span> <span class='ocrx_word' id='word_1_534' title='bbox 725 4612 942 4669; x_wconf 85' lang='lat' dir='ltr'>tempore</span> <span class='ocrx_word' id='word_1_535' title='bbox 964 4611 1168 4658; x_wconf 83' lang='lat' dir='ltr'>subinde</span> <span class='ocrx_word' id='word_1_536' title='bbox 1189 4614 1452 4659; x_wconf 80' lang='lat' dir='ltr'>constituta</span> <span class='ocrx_word' id='word_1_537' title='bbox 1472 4618 1588 4660; x_wconf 78' lang='lat' dir='ltr'>sunt</span> <span class='ocrx_word' id='word_1_538' title='bbox 1602 4612 1915 4668; x_wconf 54' lang='lat' dir='ltr'>jura-vta.</span> <span class='ocrx_word' id='word_1_539' title='bbox 2046 4615 2093 4672; x_wconf 82' lang='grc'><strong>2)</strong></span> <span class='ocrx_word' id='word_1_540' title='bbox 2114 4615 2141 4669; x_wconf 74' lang='grc' dir='ltr'><strong><em>ς</em></strong></span> <span class='ocrx_word' id='word_1_541' title='bbox 2161 4611 2243 4661; x_wconf 83' lang='grc'>27.</span> <span class='ocrx_word' id='word_1_542' title='bbox 2267 4616 2306 4662; x_wconf 89' lang='grc' dir='ltr'>Ι.</span> <span class='ocrx_word' id='word_1_543' title='bbox 2331 4618 2381 4663; x_wconf 86' lang='lat' dir='ltr'>ln</span> <span class='ocrx_word' id='word_1_544' title='bbox 2405 4615 2443 4660; x_wconf 75' lang='lat'>¹².</span> <span class='ocrx_word' id='word_1_545' title='bbox 2468 4636 2528 4647; x_wconf 91' lang='lat'><em>-</em></span> <span class='ocrx_word' id='word_1_546' title='bbox 2558 4617 2617 4663; x_wconf 91' lang='lat'>1..</span> <span class='ocrx_word' id='word_1_547' title='bbox 2640 4611 2692 4663; x_wconf 88' lang='grc'>7.</span> <span class='ocrx_word' id='word_1_548' title='bbox 2710 4615 2736 4670; x_wconf 78' lang='lat' dir='ltr'>S</span> <span class='ocrx_word' id='word_1_549' title='bbox 2757 4612 2808 4663; x_wconf 76' lang='grc'>9.</span> <span class='ocrx_word' id='word_1_550' title='bbox 2830 4615 2887 4662; x_wconf 88' lang='lat' dir='ltr'>D.</span> <span class='ocrx_word' id='word_1_551' title='bbox 2909 4613 3033 4663; x_wconf 76' lang='lat' dir='ltr'>eod.</span> <span class='ocrx_word' id='word_1_552' title='bbox 3048 4640 3113 4651; x_wconf 90' lang='lat'><em>—</em></span> <span class='ocrx_word' id='word_1_553' title='bbox 3137 4610 3258 4665; x_wconf 61' lang='lat' dir='ltr'>1„ss-</span> <span class='ocrx_word' id='word_1_554' title='bbox 3282 4614 3314 4668; x_wconf 78' lang='lat' dir='ltr'><strong>S</strong></span> <span class='ocrx_word' id='word_1_555' title='bbox 3332 4612 3392 4659; x_wconf 70' lang='lat'>2·</span> 
     </span>
    </p>

    <p class='ocr_par' dir='ltr' id='par_1_16' title="bbox 556 4668 2908 4798">
     <span class='ocr_line' id='line_1_45' title="bbox 556 4668 2689 4737; baseline 0.004 -22"><span class='ocrx_word' id='word_1_556' title='bbox 556 4669 779 4727; x_wconf 68' lang='lat' dir='ltr'>Koeclu·</span> <span class='ocrx_word' id='word_1_557' title='bbox 792 4685 842 4731; x_wconf 90' lang='lat' dir='ltr'>p.</span> <span class='ocrx_word' id='word_1_558' title='bbox 865 4668 1136 4721; x_wconf 73' lang='lat'>158—207.</span> <span class='ocrx_word' id='word_1_559' title='bbox 1159 4698 1221 4708; x_wconf 92' lang='lat'>—</span> <span class='ocrx_word' id='word_1_560' title='bbox 1246 4673 1445 4731; x_wconf 76' lang='lat' dir='ltr'>ortloff</span> <span class='ocrx_word' id='word_1_561' title='bbox 1460 4686 1509 4732; x_wconf 87' lang='lat' dir='ltr'>p.</span> <span class='ocrx_word' id='word_1_562' title='bbox 1531 4671 1710 4721; x_wconf 85' lang='grc'><strong>7-20.</strong></span> <span class='ocrx_word' id='word_1_563' title='bbox 1984 4678 2043 4725; x_wconf 87' lang='lat'>1..</span> <span class='ocrx_word' id='word_1_564' title='bbox 2062 4674 2113 4724; x_wconf 77' lang='grc'>4.</span> <span class='ocrx_word' id='word_1_565' title='bbox 2136 4678 2191 4723; x_wconf 87' lang='lat'>1).</span> <span class='ocrx_word' id='word_1_566' title='bbox 2214 4675 2282 4723; x_wconf 81' lang='lat' dir='ltr'>de</span> <span class='ocrx_word' id='word_1_567' title='bbox 2303 4681 2365 4725; x_wconf 76' lang='lat' dir='ltr'>R.</span> <span class='ocrx_word' id='word_1_568' title='bbox 2391 4676 2462 4724; x_wconf 92' lang='lat' dir='ltr'>V.</span> <span class='ocrx_word' id='word_1_569' title='bbox 2483 4677 2593 4737; x_wconf 83' lang='lat' dir='ltr'>(Vl,</span> <span class='ocrx_word' id='word_1_570' title='bbox 2618 4678 2689 4736; x_wconf 93' lang='grc'>1.)</span> 
     </span>
     <span class='ocr_line' id='line_1_46' title="bbox 619 4728 2908 4798; baseline 0.003 -21"><span class='ocrx_word' id='word_1_571' title='bbox 619 4729 665 4787; x_wconf 74' lang='grc'><strong>4)</strong></span> <span class='ocrx_word' id='word_1_572' title='bbox 683 4728 807 4786; x_wconf 72' lang='grc'><strong>339.</strong></span> <span class='ocrx_word' id='word_1_573' title='bbox 832 4733 936 4780; x_wconf 85' lang='grc' dir='ltr'><strong>Ι.Ιι.</strong></span> <span class='ocrx_word' id='word_1_574' title='bbox 964 4738 1001 4781; x_wconf 83' lang='lat' dir='ltr'>t.</span> <span class='ocrx_word' id='word_1_575' title='bbox 1039 4760 1094 4768; x_wconf 94' lang='grc'>-</span> <span class='ocrx_word' id='word_1_576' title='bbox 1115 4737 1301 4783; x_wconf 84' lang='lat' dir='ltr'>caeter.</span> <span class='ocrx_word' id='word_1_577' title='bbox 1338 4737 1437 4784; x_wconf 82' lang='lat' dir='ltr'>vid.</span> <span class='ocrx_word' id='word_1_578' title='bbox 1478 4739 1530 4783; x_wconf 77' lang='grc' dir='ltr'>Ι..</span> <span class='ocrx_word' id='word_1_579' title='bbox 1550 4735 1600 4783; x_wconf 78' lang='grc'>5.</span> <span class='ocrx_word' id='word_1_580' title='bbox 1620 4739 1646 4793; x_wconf 77' lang='grc' dir='ltr'>ς</span> <span class='ocrx_word' id='word_1_581' title='bbox 1668 4737 1747 4785; x_wconf 86' lang='grc'>10.</span> <span class='ocrx_word' id='word_1_582' title='bbox 1776 4738 1834 4785; x_wconf 88' lang='lat' dir='ltr'>D.</span> <span class='ocrx_word' id='word_1_583' title='bbox 1855 4736 1923 4784; x_wconf 81' lang='lat' dir='ltr'>de</span> <span class='ocrx_word' id='word_1_584' title='bbox 2048 4741 2175 4798; x_wconf 80' lang='lat'>5)1..</span> <span class='ocrx_word' id='word_1_585' title='bbox 2202 4740 2252 4784; x_wconf 77' lang='lat'>3.</span> <span class='ocrx_word' id='word_1_586' title='bbox 2273 4743 2299 4797; x_wconf 77' lang='grc' dir='ltr'><strong>ς</strong></span> <span class='ocrx_word' id='word_1_587' title='bbox 2322 4739 2491 4788; x_wconf 77' lang='lat'>2.-1..</span> <span class='ocrx_word' id='word_1_588' title='bbox 2509 4736 2558 4786; x_wconf 73' lang='lat'>4.</span> <span class='ocrx_word' id='word_1_589' title='bbox 2589 4739 2730 4788; x_wconf 62' lang='grc' dir='ltr'>[λάε</span> <span class='ocrx_word' id='word_1_590' title='bbox 2747 4741 2792 4786; x_wconf 76' lang='lat' dir='ltr'><em>R</em></span> <span class='ocrx_word' id='word_1_591' title='bbox 2836 4738 2908 4786; x_wconf 94' lang='lat' dir='ltr'>V.</span> 
     </span>
    </p>

    <p class='ocr_par' dir='ltr' id='par_1_17' title="bbox 556 4793 2720 4860">
     <span class='ocr_line' id='line_1_47' title="bbox 556 4793 2720 4860; baseline 0.004 -20"><span class='ocrx_word' id='word_1_592' title='bbox 556 4794 613 4840; x_wconf 83' lang='lat' dir='ltr'>J.</span> <span class='ocrx_word' id='word_1_593' title='bbox 639 4793 1172 4852; x_wconf 74' lang='lat' dir='ltr'>F.(x1.1x,1⁴.)—Vid.</span> <span class='ocrx_word' id='word_1_594' title='bbox 1191 4799 1417 4858; x_wconf 53' lang='lat' dir='ltr'>Koecltr·</span> <span class='ocrx_word' id='word_1_595' title='bbox 1432 4797 1925 4860; x_wconf 74' lang='lat' dir='ltr'>p.209-228.Aquo</span> <span class='ocrx_word' id='word_1_596' title='bbox 2050 4801 2098 4860; x_wconf 73' lang='lat'>4)</span> <span class='ocrx_word' id='word_1_597' title='bbox 2119 4802 2174 4848; x_wconf 86' lang='lat'>1..</span> <span class='ocrx_word' id='word_1_598' title='bbox 2199 4800 2250 4850; x_wconf 79' lang='lat'>15.</span> <span class='ocrx_word' id='word_1_599' title='bbox 2274 4804 2301 4858; x_wconf 79' lang='lat' dir='ltr'>S</span> <span class='ocrx_word' id='word_1_600' title='bbox 2324 4803 2342 4850; x_wconf 88' lang='lat' dir='ltr'>l</span> <span class='ocrx_word' id='word_1_601' title='bbox 2390 4803 2450 4848; x_wconf 88' lang='lat' dir='ltr'>D.</span> <span class='ocrx_word' id='word_1_602' title='bbox 2469 4801 2539 4849; x_wconf 79' lang='lat' dir='ltr'>de</span> <span class='ocrx_word' id='word_1_603' title='bbox 2551 4804 2619 4850; x_wconf 78' lang='lat' dir='ltr'>R.</span> <span class='ocrx_word' id='word_1_604' title='bbox 2647 4804 2720 4854; x_wconf 78' lang='lat' dir='ltr'>V.</span> 
     </span>
    </p>

    <p class='ocr_par' dir='ltr' id='par_1_18' title="bbox 556 4856 3393 4984">
     <span class='ocr_line' id='line_1_48' title="bbox 556 4856 3393 4923; baseline 0.002 -18"><span class='ocrx_word' id='word_1_605' title='bbox 556 4856 760 4905; x_wconf 76' lang='lat' dir='ltr'>dissent.</span> <span class='ocrx_word' id='word_1_606' title='bbox 784 4856 1039 4916; x_wconf 78' lang='lat' dir='ltr'>ortloffp.</span> <span class='ocrx_word' id='word_1_607' title='bbox 1064 4858 1121 4908; x_wconf 87' lang='grc'><strong>21</strong></span> <span class='ocrx_word' id='word_1_608' title='bbox 1147 4872 1254 4919; x_wconf 82' lang='lat' dir='ltr'>sqq.</span> <span class='ocrx_word' id='word_1_609' title='bbox 2050 4863 2099 4923; x_wconf 81' lang='lat'>5)</span> <span class='ocrx_word' id='word_1_610' title='bbox 2123 4865 2175 4910; x_wconf 84' lang='lat'>1..</span> <span class='ocrx_word' id='word_1_611' title='bbox 2222 4868 2271 4913; x_wconf 75' lang='lat'>3.</span> <span class='ocrx_word' id='word_1_612' title='bbox 2311 4863 2389 4920; x_wconf 69' lang='lat'>§2</span> <span class='ocrx_word' id='word_1_613' title='bbox 2438 4864 2491 4909; x_wconf 90' lang='lat'>1..</span> <span class='ocrx_word' id='word_1_614' title='bbox 2535 4861 2588 4913; x_wconf 75' lang='lat'>5.</span> <span class='ocrx_word' id='word_1_615' title='bbox 2611 4868 2639 4923; x_wconf 78' lang='lat' dir='ltr'>S</span> <span class='ocrx_word' id='word_1_616' title='bbox 2661 4864 2709 4913; x_wconf 86' lang='grc'>1.</span> <span class='ocrx_word' id='word_1_617' title='bbox 2744 4865 2797 4911; x_wconf 88' lang='lat' dir='ltr'>D.</span> <span class='ocrx_word' id='word_1_618' title='bbox 2818 4862 2886 4910; x_wconf 78' lang='lat' dir='ltr'>de</span> <span class='ocrx_word' id='word_1_619' title='bbox 2908 4864 2971 4912; x_wconf 79' lang='lat' dir='ltr'>R.</span> <span class='ocrx_word' id='word_1_620' title='bbox 2999 4866 3075 4912; x_wconf 89' lang='lat' dir='ltr'>V.</span> <span class='ocrx_word' id='word_1_621' title='bbox 3112 4889 3179 4900; x_wconf 89' lang='lat'><em>-</em></span> <span class='ocrx_word' id='word_1_622' title='bbox 3213 4866 3274 4912; x_wconf 87' lang='lat'>1..</span> <span class='ocrx_word' id='word_1_623' title='bbox 3306 4864 3393 4913; x_wconf 73' lang='lat'>¹2.</span> 
     </span>
     <span class='ocr_line' id='line_1_49' title="bbox 619 4915 2369 4984; baseline 0.005 -21"><span class='ocrx_word' id='word_1_624' title='bbox 619 4915 1053 4977; x_wconf 75' lang='lat' dir='ltr'>5)1..un.C.h.e.</span> <span class='ocrx_word' id='word_1_625' title='bbox 1988 4926 2369 4984; x_wconf 46' lang='lat' dir='ltr'>§trudetur</span> 
     </span>
    </p>
   </div>
  </div>
 </body>
</html>
