3544 5506
948 346 1082 389 car.
1122 345 1186 388 v.
1228 346 1304 389 ns
1339 346 1478 390 sna.
1518 347 1589 389 nr
1627 346 1934 391 concuasn
1970 349 2043 391 m·
2079 347 2429 392 contusi-n.
2971 342 3076 399 161

276 450 629 515 creditores
647 497 668 527 ,
703 461 882 515 certe
902 450 1408 528 chirographarii
1429 451 1499 529 ⁹),
1523 455 1666 530 iure
1687 461 1959 529 possunt·
1974 458 2325 533 postulare,
2352 465 2428 516 ut
2454 456 2520 517 in
2539 461 2708 519 bona
2733 459 3073 524 mittantur

279 548 605 630 debitoris,
630 553 740 629 qui
766 561 880 613 aut
906 550 1002 613 sui
1023 569 1157 613 non
1180 550 1330 613 facit
1350 550 1626 629 copiam,
1652 570 1772 615 nec
1799 571 1838 614 a
1860 571 2189 629 quoquam
2215 557 2599 633 defenditur,
2625 560 2761 635 ejus
2776 564 3073 635 maxime,

284 646 392 724 qui
431 649 779 708 fraudandi
824 666 1019 709 causa
1056 650 1263 709 latitat
1279 691 1299 722 ,
1352 656 1464 710 aut
1493 652 1644 710 dolo
1698 651 2089 726 profusoque
2133 652 2537 713 fortunarum
2576 671 2836 715 suarum
2877 660 3079 719 abusu

280 746 684 806 facultatibus
715 748 928 822 lapsus
957 753 1076 822 est,
1119 754 1233 806 aut
1279 743 1612 822 superiora
1650 745 1963 807 beneficia
2004 756 2260 809 recusat
2280 790 2298 819 ‚
2319 751 2399 809 ab
2432 746 2585 812 iisve
2606 749 2964 814 excluditur
2980 752 3078 831 ¹⁰).

391 908 418 980 5
447 914 579 970 171.
648 912 702 978 2)
743 911 1059 989 Quaenam
1078 910 1157 966 sit
1177 909 1573 969 abdicationes
1600 914 1900 975 bonorum
1932 914 2049 966 aut
2058 912 2472 981 possessionis
2495 919 2585 973 vis
2608 920 2668 972 et
2681 921 2973 988 potestas.

361 1073 647 1133 Missione
667 1070 838 1129 facta
858 1064 1388 1142 abdicationeque
1410 1071 1732 1129 bonorum
1752 1115 1769 1143 ,
1796 1071 2162 1130 communio
2183 1074 2498 1144 quaedam
2540 1077 2709 1135 inter
2731 1074 3083 1138 creditores

279 1164 690 1232 constituitur
713 1209 730 1237 ‚
761 1181 965 1239 usque
986 1163 1153 1224 adeo
1172 1211 1191 1242 ,
1222 1172 1297 1223 ut
1315 1165 1390 1224 iis
1420 1180 1702 1242 quoque,
1751 1165 1982 1239 quibus
2009 1169 2296 1226 nondum
2345 1172 2728 1241 permissum
2761 1180 2857 1232 est
2880 1176 3080 1248 possi-

279 1270 471 1342 dere,
502 1265 865 1324 missionem
894 1276 1031 1321 esse
1056 1260 1324 1336 factam,
1350 1261 1643 1334 proficiat
1674 1305 1692 1337 ,
1718 1262 2070 1321 dummodo
2107 1271 2476 1336 praesentes
2513 1266 2684 1326 intra
2718 1264 3046 1330 biennium
3065 1315 3083 1342 ‚

283 1366 586 1424 absentes
608 1362 776 1419 intra
797 1352 1291 1432 quadriennium
1313 1357 1583 1416 caeteris
1603 1399 1622 1430 ‚
1661 1357 1769 1431 qui
1794 1360 2251 1430 possessionem
2268 1375 2486 1420 rerum
2520 1359 2692 1423 nacti
2717 1371 2887 1443 sunt,
2924 1382 3075 1426 cum

277 1464 357 1521 de
378 1460 533 1535 jure
562 1473 679 1517 suo
699 1458 891 1516 fldem
918 1454 1156 1514 faciant
1197 1497 1216 1531 ,
1241 1461 1380 1513 tum
1406 1467 1560 1513 vero
1589 1467 1899 1527 expensas
1923 1470 2041 1529 pro
2059 1455 2220 1532 ejus,
2261 1457 2437 1530 quod
2474 1458 2748 1519 debetur
2764 1505 2783 1540 ,
2830 1464 3083 1536 quanti-

277 1568 414 1620 tate
437 1559 783 1619 rei'undant
805 1555 870 1632 ¹).
885 1560 1097 1630 Neque
1123 1569 1275 1615 vero
1298 1562 1626 1629 tamquam
1648 1569 1765 1629 per
1788 1551 2267 1615 universitatem
2288 1559 2601 1619 successio
2620 1560 2909 1622 defertur
2940 1578 3083 1623 cre—

281 1654 595 1717 ditoribus
609 1651 675 1729 ²),
708 1654 822 1713 sed
849 1653 1205 1712 custodiam
1235 1651 1681 1709 tantummodo
1710 1666 1931 1710 rerum
1973 1652 2429 1727 actionumque
2449 1655 2531 1713 ad
2561 1657 2915 1717 debitorem
2937 1674 3086 1732 per-

285 1748 628 1812 tinentium
651 1746 742 1809 illi
775 1746 1037 1824 quidem
1063 1753 1547 1822 consequuntur
1573 1794 1590 1823 ,
1631 1753 1699 1805 et
1734 1754 1877 1819 post
1920 1744 2179 1821 aliquod
2214 1754 2466 1823 tempus
2504 1751 2700 1811 etiam
2732 1752 2838 1828 jus
2862 1797 2880 1826 ‚
2914 1755 3090 1814 debi-

284 1852 446 1912 toris
461 1852 636 1911 bona
659 1866 734 1910 ex
757 1844 1165 1921 magistratus
1187 1847 1574 1906 auctoritate
1599 1843 1916 1905 vendendi
1930 1844 2007 1925 3);
2045 1843 2229 1922 cujus
2274 1849 2611 1925 utriusque
2639 1848 2734 1911 rei
2757 1849 3089 1927 expedien-

282 1955 406 2012 dae
435 1968 631 2011 causa
646 1957 979 2010 curatores
989 1945 1030 2024 ⁴)
1050 1949 1232 2008 bonis
1253 1963 1331 2006 ex
1347 1944 1627 2021 plurium
1640 1948 2034 2008 creditorum
2056 1946 2367 2021 suffragiis
2394 1953 2825 2012 constituendi
2847 1962 2997 2016 sunt
3009 1957 3076 2030 ⁵).

277 2051 451 2110 Solet
471 2055 812 2123 praeterea
833 2049 1154 2106 bonorum
1181 2042 1649 2104 administratio
1681 2043 2103 2102 creditoribus
2132 2046 2402 2103 concedi
2428 2066 2446 2123 ;
2476 2063 2607 2121 quo
2625 2049 2882 2122 quidem
2908 2049 3083 2112 iacto

274 2151 340 2208 in
360 2165 591 2209 eorum
619 2148 886 2207 arbitrio
911 2153 1043 2217 est,
1086 2150 1308 2203 utrum
1350 2140 1466 2217 ipsi
1493 2138 1687 2202 velint
1723 2144 2056 2216 percipere
2098 2143 2343 2203 fructus
2373 2160 2612 2219 eosque
2641 2149 2920 2207 vendere
2945 2193 2962 2221 ,
3000 2166 3083 2209 an

279 2249 544 2323 praedia
582 2243 718 2306 aliis
749 2248 966 2308 locare
1000 2244 1295 2304 fruenda.
1345 2246 1516 2320 Quae
1555 2257 1710 2302 vero
1746 2229 1828 2300 ab
1865 2242 2005 2316 ipso
2040 2243 2329 2302 debitore
2354 2244 2626 2324 jamjam
2669 2245 2878 2307 factae
2929 2256 3079 2308 sunt

277 2349 633 2407 locationes
653 2393 669 2421 ,
698 2362 808 2406 eas
846 2359 1104 2405 servare
1130 2357 1386 2403 necesse
1418 2337 1658 2403 babent
1692 2343 2071 2414 creditores,
2115 2358 2320 2415 usque
2352 2359 2431 2403 eo
2469 2346 2800 2405 dumtaxat
2820 2389 2839 2422 ,
2871 2347 3081 2407 donec

280 2448 599 2506 bonorum
633 2447 745 2506 fiat
772 2444 1050 2505 venditio
1064 2441 1134 2516 θ).
1185 2446 1522 2503 Caeterum
1550 2442 1616 2502 in
1658 2443 1842 2502 bonis
1880 2443 2161 2502 emendis
2195 2439 2479 2515 potiores
2523 2446 2843 2506 habentur
2883 2448 3086 2506 credi-

277 2550 451 2603 tores
494 2550 559 2603 et
581 2548 726 2617 post
743 2556 853 2601 eos
869 2535 1121 2614 cognati
1135 2539 1437 2598 debitoris
1464 2584 1481 2610 ‚
1502 2539 1669 2598 inter
1688 2539 1856 2612 ipsos
1899 2545 2114 2598 autem
2146 2535 2496 2600 creditores
2528 2537 2592 2614 ii,
2630 2543 2859 2615 quibus
2878 2545 3092 2620 major

280 2641 558 2714 pecunia
571 2642 844 2719 debetur
862 2637 929 2714 ⁷).
951 2641 1036 2698 Ac
1052 2632 1328 2713 pretium
1348 2652 1426 2696 ex
1447 2634 1810 2696 venditione
1835 2636 2168 2696 redactum
2188 2651 2309 2709 pro
2330 2645 2470 2697 rata
2492 2639 2855 2699 debitorum
2878 2657 3082 2716 quan-

278 2737 469 2798 titate
496 2736 920 2797 creditoribus
957 2732 1465 2795 distribuendum
1489 2733 1630 2805 erit,
1659 2738 1797 2792 tum
1819 2746 1975 2792 vero
2003 2732 2162 2809 eius,
2181 2735 2357 2811 quod
2383 2735 2799 2796 creditoribus
2823 2737 3085 2801 dimissis

274 2845 455 2906 sorte
481 2846 787 2922 supersit,
803 2841 1123 2904 restitutio
1143 2839 1438 2903 facienda
1462 2837 1528 2908 ⁸).

584 3038 614 3110 5
657 3038 788 3094 172.
830 3040 884 3106 5)
926 3034 1247 3116 Quomodo,
1274 3049 1353 3090 ne
1377 3032 1625 3089 omnino
1641 3028 1764 3102 fiat
1784 3032 2085 3092 bonorum
2111 3038 2392 3109 vendam,
2422 3053 2568 3095 occu
2579 3043 2786 3094 ratur.

357 3217 576 3273 Potest
604 3209 801 3274 etiam
828 3218 975 3289 post
1001 3212 1322 3270 bonorum
1363 3213 1479 3266 aut
1526 3201 1710 3265 abdic
1720 3201 2000 3268 ationem
2047 3216 2159 3268 aut
2185 3208 2641 3284 possessionem
2688 3203 2938 3270 debitor
2956 3253 2973 3281 ,
3019 3212 3088 3266 et

281 3310 693 3372 defendendo
714 3325 812 3382 se,
839 3307 1079 3371 scilicet
1117 3304 1529 3369 satisdatione
1559 3307 1933 3380 interposita
1955 3352 1974 3382 ,
2025 3316 2089 3369 et
2119 3312 2425 3371 solvendo
2449 3310 2702 3370 efficere
2721 3353 2739 3385 ‚
2787 3324 2871 3367 ne
2912 3308 3085 3367 bona

277 3405 415 3478 ejus
437 3415 725 3468 veneant
744 3405 810 3485 ¹).
841 3411 1043 3481 Atque
1068 3402 1235 3465 idem
1263 3400 1370 3464 ille
1398 3402 1656 3478 quidem
1685 3411 2117 3477 consequetur
2130 3414 2196 3466 et
2218 3402 2484 3466 induciis
2507 3398 3085 3480 quinquennalibus

342 3580 395 3640 9)
417 3587 528 3644 Arg.
552 3587 605 3632 1..
648 3583 700 3633 θ.
720 3588 771 3630 et
809 3582 886 3631 10.
913 3595 986 3643 pr.
1011 3583 1065 3630 C.
1110 3583 1177 3630 de
1199 3582 1321 3629 bon.
1360 3582 1504 3627 auct.
1527 3577 1651 3634 jud.
1718 3580 1860 3629 bonis
1881 3585 1959 3629 vel
1980 3584 2224 3632 servandis
2245 3584 2319 3631 vel
2342 3582 2734 3631 administrandis
2758 3582 3086 3630 constitueba—

275 3646 482 3701 possid.
519 3650 642 3707 (vll,
675 3645 921 3704 72.)-cf.
961 3645 1207 3694 Dabetow
1245 3655 1297 3703 p.
1335 3639 1449 3689 275.
1477 3638 1653 3688 274-
1719 3642 2135 3695 tur.—Slieberl.
2156 3649 2191 3695 l.
2212 3649 2237 3703 s
2256 3646 2337 3693 ΞΟ.
2377 3659 2427 3705 p.
2459 3643 2517 3693 61
2538 3659 2644 3706 sqq.
2678 3669 2740 3679 --
2759 3646 2834 3693 Cf.
2860 3646 2926 3692 ib.
2950 3657 2997 3702 p.
3024 3645 3080 3690 11

279 3704 558 3756 Zimmern
601 3711 638 3757 l.
689 3712 726 3758 1.
770 3713 798 3767 s
825 3706 907 3757 80.
953 3710 1142 3756 advers.
1189 3710 1275 3755 flu.
1322 3709 1372 3751 et
1419 3703 1651 3762 Houweq
1721 3707 2578 3770 sq.——Zimmern§79.-Hollwe9
2608 3709 2730 3759 529.
2771 3720 2818 3767 p.
2844 3703 2939 3754 508
2973 3718 3080 3765 sqq.

279 3772 310 3825 S
325 3768 573 3889 εἵωῦῐῖἳ.
596 3833 646 3882 6.
668 3833 719 3882 7.
743 3836 801 3882 1).
815 3833 960 3894 quib.
983 3845 1054 3882 ear:
1072 3845 1232 3882 caus.
1254 3830 1312 3878 in
1326 3825 1675 3897 possessiong
1719 3775 1745 3827 S
1767 3767 1847 3890 551).
1856 3770 2142 3893 &flagitia
2161 3831 2231 3893 7.)
2262 3835 2331 3883 de
2350 3832 2620 3883 curator-ts
2642 3831 2791 3906 bonis
2819 3828 3087 3878 dando.-

279 3898 449 3940 eatw·
468 3896 629 3957 (xm,
669 3895 740 3956 4.)
762 3899 899 3946 -CL
923 3899 1123 3947 omnino
1143 3892 1346 3946 Stleber
1361 3893 1399 3941 l.
1429 3894 1465 3942 1.
1486 3895 1512 3950 S
1536 3887 1660 3937 11-
1725 3899 1779 3944 1..
1804 3895 1883 3945 1⁴.
1903 3908 1976 3956 pr.
2000 3900 2053 3944 D.
2080 3896 2147 3944 de
2167 3896 2281 3944 reb.
2305 3900 2454 3945 auct.
2469 3895 2594 3952 jud.
2614 3894 2815 3953 pos-ud.

281 3953 360 4004 ¹³·
384 3962 438 4003 ⁶
457 3960 674 4020 ’'⁰⁶⁰²‘'
695 3962 723 4016 ³
742 3956 805 4008 ²⁹
823 3974 1037 4109 ’ξω
1723 3955 3090 4069 ..5³11ss323ss..1³..ss33252153ffi.z.{..⁶;.fi;.15231552

1721 4085 2227 4142 Concursglaubigern
2286 4084 2334 4132 d.
2379 4086 2566 4131 andern
2623 4078 3082 4127 Miteontrahenten.

349 4135 764 4197 l)1..12.pr.n.
801 4138 870 4184 de
909 4139 1020 4185 reb·
1061 4140 1210 4185 auct·
1243 4135 1656 4195 jud-posside
1724 4145 2401 4203 flammam-somam
2421 4147 2455 4193 1.
2496 4147 2530 4191 1.
2554 4141 2679 4198 ssa.
2703 4142 2809 4189 inf.
2833 4138 3085 4198 (ema).-

284 4198 338 4243 L·
353 4198 435 4244 ¹⁰·
457 4213 535 4258 nr·
560 4201 614 4246 C·
648 4199 716 4246 de
738 4200 860 4247 bon·
881 4203 1028 4248 auct.
1039 4200 1166 4257 jud·
1184 4211 1332 4258 pou-
1725 4208 1933 4255 niuem.
1956 4210 2020 4255 Ε.
2042 4210 2110 4254 11.
2134 4208 2385 4256 aeneam
2403 4208 2486 4253 ub.
2509 4210 2561 4253 α.
2583 4205 2834 4251 vernano.
2854 4204 2910 4249 α.
2928 4200 3083 4249 Pacli-

346 4260 398 4317 2)
422 4262 498 4310 Cf·
526 4261 676 4308 Κὺῑᾶ
703 4266 890 4320 quaest·
925 4263 1107 4323 for-T·
1140 4264 1203 4309 ¹¹·
1221 4275 1263 4309 0·
1289 4260 1654 4309 5·-Dab220w
1719 4274 1818 4315 ters
1840 4283 1902 4316 zu
1932 4271 2026 4317 den
2059 4270 2360 4329 Glaubigern
2392 4270 2476 4316 des
2511 4269 2813 4315 insolventen
2843 4264 3087 4324 Vei-pach-

280 4333 329 4367 c.
363 4324 428 4368 V.
469 4337 521 4383 p.
567 4322 676 4371 129.
722 4323 1156 4373 150.—Auctoris
1197 4324 1391 4371 Cession
1422 4325 1477 4371 d.
1510 4322 1652 4368 Ford.
1723 4335 1839 4378 ten,
1862 4333 1992 4378 ηομ,
2025 4329 2164 4378 1813,
2191 4330 2241 4379 4,

284 4385 468 4431 '‘ech“
490 4388 519 4442 3
552 4386 631 4435 ¹9·
668 4400 744 4435 nr.
779 4386 827 4435 ⁴·
851 4400 900 4447 1³·
922 4385 1018 4435 257
1060 4385 1420 4447 sqq.-1vus‹1.
1459 4386 1659 4431 process
1785 4391 1833 4451 7)
1855 4393 2084 4442 1..16.1›.
2112 4393 2179 4440 de
2205 4390 2744 4441 reb.auc1.etc.-Cf.
2767 4392 2821 4439 1..
2841 4388 2923 4437 60.
2945 4386 3087 4434 mae

273 4450 308 4502 3
330 4445 448 4493 ⁶⁰5·
1717 4462 1872 4512 pact.
1893 4456 1973 4517 (ll,
1996 4455 2240 4513 14.)—Cf.
2283 4453 2593 4515 (Hoepfner)
2627 4455 2929 4510 sammlung.
2953 4456 3081 4497 rom.

345 4508 396 4565 3)
417 4509 518 4558 Cic.
531 4522 605 4557 or.
615 4526 706 4573 pro
725 4513 1004 4569 Quinctioc.
1021 4508 1223 4558 27.-1..
1243 4507 1291 4559 8.
1312 4507 1362 4558 9.
1382 4512 1436 4557 C.
1455 4507 1655 4556 debon.
1722 4519 1834 4565 ρος,
1856 4524 1953 4566 320,
1979 4518 2124 4576 (pref,
2154 4515 2314 4578 1735,)
2336 4531 2387 4577 ρ,
2404 4514 2491 4568 36,

277 4572 569 4628 auce.jud.
586 4575 927 4633 possim—De
947 4575 1103 4620 veteri
1125 4574 1364 4620 bonorum
1387 4571 1659 4618 vendendo·
1785 4579 1832 4641 8)
1859 4584 1912 4628 1„
1933 4580 1984 4629 6,
2004 4582 2054 4628 5„
2077 4582 2115 4628 f,
2142 4580 2194 4626 1„
2221 4581 2298 4628 10,
2324 4583 2351 4637 ς
2373 4580 2422 4629 1,
2446 4582 2499 4628 ρ,
2527 4579 2594 4627 de
2617 4579 2738 4626 bon,
2772 4581 2918 4625 auct,
2932 4574 3069 4632 jud,

275 4645 392 4680 rum
427 4635 640 4696 ratione,
664 4644 792 4699 tum,
817 4636 934 4697 quid
957 4647 1013 4683 ea
1051 4636 1280 4683 effectum
1298 4637 1384 4695 sit,
1417 4634 1517 4681 vid.
1538 4631 1660 4687 ch'i
1719 4643 1889 4692 dossa
1908 4677 1919 4689 ,
2274 4652 2283 4661 ·

281 4697 399 4742 inst.
419 4698 503 4754 nl,
522 4701 547 4754 ς
565 4698 773 4749 77-81,
797 4702 877 4747 lv.
898 4702 924 4755 S
945 4696 1025 4746 55.
1059 4697 1143 4746 66.
1165 4699 1216 4744 in
1239 4699 1275 4745 f.
1303 4695 1385 4745 68.
1408 4698 1461 4744 in
1479 4696 1519 4743 i.
1543 4693 1653 4743 145.
2298 4723 2323 4777 ὃ
2346 4717 2455 4768 172·

276 4759 617 4818 —Taeoplaili
636 4761 866 4822 paraphr.
889 4763 1008 4809 lust.
1020 4762 1102 4821 lll,
1117 4760 1194 4809 12.
1209 4773 1283 4820 pr.

340 4819 393 4878 4)
411 4823 584 4881 Neque
605 4826 736 4871 enim
762 4837 873 4872 cum
891 4829 1114 4872 curatore
1137 4823 1278 4870 bonis
1305 4819 1653 4877 distrahendis,
1779 4822 1825 4878 1)
1847 4820 1901 4865 1..
1924 4815 1971 4863 5.
1997 4818 2050 4862 L.
2073 4814 2122 4864 5.
2140 4819 2194 4863 D.
2222 4816 2289 4864 de
2312 4829 2446 4864 cess.
2470 4816 2776 4864 bonon—1..
2798 4812 2877 4861 53.
2904 4815 2931 4868 s
2954 4814 2999 4858 1.
3020 4813 3076 4857 l).

278 4887 361 4941 qni
405 4886 612 4943 quidem
663 4888 716 4934 in
754 4888 978 4945 magistri
1020 4886 1261 4932 bonorum
1290 4884 1652 4934 vendendorum
1717 4882 1787 4929 de
1817 4881 1928 4929 reb.
1960 4885 2106 4928 auce.
2127 4878 2248 4937 jud.
2278 4879 2473 4938 possid.
2500 4906 2559 4913 -—
2580 4880 2633 4926 Ι..
2664 4877 2713 4925 2.
2738 4878 2791 4923 C.
2815 4876 2910 4934 qui
2931 4874 3083 4922 bonis

278 4949 446 4997 locum
469 4955 791 5011 successerat,
810 4949 1196 4998 commiscendus
1217 4952 1292 4996 est
1329 4949 1547 5007 curator,
1567 4947 1652 5005 qui
1714 4947 1902 4995 cedere
1914 4953 2065 5000 poss.
2750 5004 2827 5062 2¹
