3544 5506
1157 335 1301 380 car.
1343 336 1391 380 1.
1434 335 1512 379 nn
1547 336 1704 380 suu
1740 336 2145 381 flammini.
2951 323 3062 384 498

1536 494 1727 569 8556.
1807 527 1831 545 2

313 688 413 763 tv)
449 692 601 751 Cum
649 705 769 764 per
811 688 1369 763 acceptilationem
1412 691 1644 750 marito
1687 688 1963 750 debitori
2010 688 2244 750 factam
2282 690 2402 751 dos
2437 692 2788 750 constituta
2823 699 2954 762 est,
2999 690 3064 753 id

233 790 407 861 quod
433 788 494 846 in
528 785 917 860 obligatione
939 786 1090 856 fuit,
1123 793 1453 860 tamquam
1485 785 1537 845 si
1568 787 1879 844 traditum
1905 794 2072 845 esset
2098 787 2329 845 marito
2350 830 2367 863 ,
2400 788 2616 847 soluto
2650 789 3062 850 matrimonio

232 884 702 942 restituendum
727 889 821 942 est
839 927 857 959 ‚
893 882 1134 941 scilicet
1171 883 1529 940 secundum
1553 899 1631 941 ea
1681 890 1982 955 tempora
2003 930 2019 956 ‚
2049 883 2279 956 quibus
2301 880 2481 941 reddi
2516 886 2698 943 dotes
2725 885 2938 943 solent
2966 883 3063 959 ¹⁵).

231 984 302 1050 V)
324 977 671 1042 Nominum
692 989 906 1041 autem
931 980 994 1041 in
1017 984 1236 1040 dotem
1258 983 1562 1040 datorum
1586 983 2129 1056 quemadmodum
2152 983 2471 1041 restitutio
2495 979 2789 1042 facienda
2811 983 3064 1059 sit,jam

231 1078 405 1137 exiis
423 1123 439 1150 ,
476 1094 642 1153 quae
670 1080 752 1138 de
779 1079 1146 1138 nominibus
1169 1078 1516 1137 inferendis
1544 1093 1740 1152 supra
1766 1079 1814 1154 (§
1844 1075 2028 1153 528.)
2063 1077 2349 1151 exposita
2377 1084 2526 1136 sunt
2553 1122 2570 1150 ,
2602 1086 2783 1138 certa
2809 1081 3063 1139 ratione

229 1176 440 1247 colligi
468 1175 728 1249 poterit.
764 1175 1024 1252 Quoties
1054 1175 1244 1246 igitur
1276 1174 1634 1247 periculum
1678 1188 1810 1232 non
1841 1179 2092 1246 spectat
2128 1175 2211 1232 ad
2253 1173 2594 1252 maritum,
2623 1189 2836 1248 neque
2867 1171 3065 1249 ipsius

231 1277 348 1328 aut
377 1273 530 1330 dolo
561 1277 673 1329 aut
694 1273 887 1345 culpa
921 1263 1222 1329 effectum
1246 1276 1377 1340 est,
1422 1285 1553 1343 quo
1583 1271 1792 1327 minus
1833 1269 1993 1341 exigi
2028 1276 2227 1342 queat
2259 1265 2569 1342 pecunia,
2602 1271 2719 1329 etsi
2756 1272 3066 1331 solvendo

230 1385 365 1429 non
389 1370 470 1428 sit
490 1372 768 1441 debitor,
785 1372 999 1429 soluto
1020 1368 1430 1428 matrimonio
1455 1375 1674 1428 tamen
1699 1368 1995 1442 sufficiet,
2027 1376 2100 1426 ut
2116 1384 2336 1428 rursus
2359 1370 2752 1429 mandentur
2779 1371 3065 1431 actiones

237 1465 333 1545 ei,
365 1471 471 1529 cui
498 1471 828 1528 reddenda
859 1476 954 1528 est
976 1471 1091 1528 dos
1121 1465 1209 1543 ¹⁶).
1244 1469 1476 1546 Quodsi
1504 1470 1737 1527 mulier
1776 1476 1890 1527 aut
1922 1470 2058 1542 ipsa
2090 1471 2303 1528 dotem
2336 1470 2704 1542 promiserit
2734 1476 2847 1528 aut
2875 1471 3064 1531 heres

232 1569 606 1643 promissori
628 1570 976 1642 exstiterit,
998 1569 1181 1627 nullo
1202 1570 1400 1627 modo
1416 1570 1649 1627 marito
1677 1570 1919 1642 poterit
1938 1569 2272 1642 imputari,
2299 1570 2472 1643 quod
2498 1582 2629 1626 non
2648 1569 2930 1641 exegerit
2951 1571 3067 1629 do—

235 1671 370 1724 tem
394 1662 504 1742 ¹⁷);
530 1666 625 1723 sin
649 1666 730 1722 ab
753 1664 911 1733 aliis,
938 1664 1068 1722 sive
1098 1680 1136 1722 a
1160 1678 1412 1735 socero,
1434 1663 1562 1721 sive
1592 1665 1672 1721 ab
1704 1671 2011 1723 extraneo
2033 1710 2049 1738 ,
2074 1659 2188 1737 qui
2209 1665 2466 1737 quidem
2499 1664 2752 1722 debitor
2770 1679 2903 1721 non
2927 1672 3070 1723 erat

233 1763 558 1833 mulieris,
601 1763 772 1822 facta
800 1763 994 1821 fuerit
1032 1764 1401 1839 promissio,
1449 1763 1734 1822 similiter
1780 1780 1913 1823 non
1952 1764 2375 1837 imputabitur
2416 1763 2684 1833 marite,
2727 1765 2898 1836 quod
2931 1780 3067 1823 non

233 1859 472 1923 urserit
492 1880 601 1923 eos
627 1865 708 1922 ad
732 1865 1119 1922 solutionem
1139 1910 1155 1937 ,
1182 1870 1247 1921 at
1273 1879 1429 1922 vero
1450 1864 1875 1936 negligentiae
1899 1880 2179 1937 poenam
2211 1879 2342 1923 non
2367 1863 2632 1935 effugiet
2654 1857 2752 1935 ¹⁸).
2780 1863 3063 1936 Denique

233 1963 538 2036 v1)qiiod
563 1964 645 2020 ad
670 1961 1069 2021 ususfructus
1096 1962 1326 2021 dotalis
1347 1963 1578 2021 attinet
1607 1964 2078 2022 restitutionem
2097 2007 2112 2034 ,
2145 1964 2194 2022 si
2220 1963 2478 2037 quidem
2506 1962 2796 2020 redditus
2835 1962 3067 2021 marito

234 2066 333 2118 est
353 2059 518 2118 dotis
548 2060 805 2117 nomine
850 2057 1287 2134 ususfructus,
1329 2057 1564 2115 iterum
1595 2053 1781 2116 nniio
1820 2055 2235 2118 matrimonio
2277 2053 2761 2118 constituendus
2808 2058 2932 2115 erit
2973 2053 3060 2131 ι9).

237 2156 473 2231 Quodsi
500 2161 612 2213 aut
634 2155 1014 2213 constitutus
1059 2160 1156 2212 est
1185 2153 1418 2211 marito
1448 2150 1884 2224 ususfructus,
1919 2161 2034 2213 aut
2062 2156 2125 2213 in
2157 2156 2365 2229 ipsum
2396 2155 2783 2220 translatus,
2808 2167 3067 2226 semper

235 2257 339 2331 id,
362 2256 537 2330 quod
569 2257 632 2313 in
660 2271 856 2316 causa
884 2254 1049 2314 dotis
1073 2260 1202 2325 est,
1252 2253 1464 2311 veniet
1513 2248 1579 2311 in
1616 2248 2093 2313 restitutionem
2122 2250 2224 2329 ²⁰),
2256 2255 2379 2312 hoc
2408 2261 2600 2326 pacto
2620 2295 2638 2324 ‚
2688 2258 2795 2322 ut,
2838 2252 2888 2309 si
2918 2252 3069 2310 sim-

235 2352 487 2423 pliciter
506 2350 903 2411 ususfructus
926 2350 1090 2408 dotis
1118 2350 1382 2407 nomine
1410 2349 1797 2408 constitutus
1826 2355 1956 2423 est,
1983 2357 2128 2423 post
2153 2355 2430 2408 mortem
2454 2348 2667 2407 mariti
2693 2343 2850 2406 nihil
2877 2362 3062 2422 prac-

237 2462 338 2516 ter
364 2447 790 2527 principalem
814 2467 955 2510 rem
987 2450 1456 2510 restituendum
1478 2449 1560 2508 sit
1578 2444 1672 2524 ²¹).

681 2657 708 2730 S
735 2659 880 2719 557.
906 2656 951 2735 ε)
987 2656 1142 2728 Quid
1164 2657 1231 2717 iii
1241 2656 1467 2739 judicio
1496 2655 1565 2716 de
1589 2654 1717 2716 dote
1739 2655 2131 2734 recuperanda
2154 2653 2520 2735 probandim
2547 2654 2644 2714 sit.

323 2864 442 2943 Qui
467 2864 690 2923 dotem
721 2858 841 2921 sibi
869 2860 1050 2920 reddi
1075 2862 1358 2935 postulat
1384 2901 1403 2929 ‚
1433 2872 1582 2917 cum
1606 2857 1690 2916 de
1720 2870 1802 2915 eo
1836 2850 2182 2928 ambigitur
2200 2897 2216 2926 ‚
2247 2867 2407 2911 num
2428 2849 2695 2912 omnino
2717 2848 3066 2911 constituta

233 3069 328 3116 pro
346 3058 496 3105 modo
512 3058 749 3116 temporis
780 3058 1005 3105 omnium
1027 3056 1270 3103 mensium
1292 3090 1307 3113 ‚
1326 3065 1426 3113 quo
1446 3053 1613 3099 dotale
1742 3047 1828 3107 17)
1854 3050 1906 3097 Ι..
1933 3047 2013 3097 41.
2054 3048 2081 3104 ς
2104 3045 2151 3094 4.
2176 3048 2231 3094 D.
2258 3045 2471 3102 dejure
2491 3044 2602 3092 dot.
2638 3069 2700 3078 —
2733 3044 2785 3091 L.
2821 3041 2905 3092 66.
2939 3043 2991 3089 ln
3029 3041 3069 3089 1.

232 3122 492 3178 praedium
516 3120 611 3165 fuit
629 3153 644 3180 ‚
676 3132 738 3166 ex
779 3120 1024 3176 mercede,
1047 3130 1174 3177 quae
1194 3117 1476 3176 debebitur,
1501 3127 1616 3172 poi·-
1677 3113 1731 3158 D.
1758 3112 1812 3158 li.
1844 3114 1880 3158 t.
2541 3168 2551 3177 .

232 3184 422 3229 tionem
449 3183 676 3228 retinebit
697 3198 723 3225 i»
750 3182 875 3236 rel.)
891 3206 946 3215 -
972 3182 1074 3237 Qua
1092 3180 1292 3238 quidem
1321 3180 1369 3223 in
1392 3189 1444 3222 re
1464 3189 1616 3234 quam
1742 3171 1822 3229 18)
1840 3172 1915 3221 Cf.
1939 3172 2071 3219 inter
2094 3182 2145 3217 se
2169 3170 2223 3215 Ι..
2248 3166 2329 3216 49.
2357 3169 2412 3214 D.
2436 3167 2651 3221 demi-e
2672 3166 2787 3212 dot.
2813 3190 2873 3200 —
2908 3167 2960 3212 L.
2980 3163 3065 3212 30.

233 3245 555 3303 computandi
579 3245 819 3291 rationem
854 3245 1004 3290 secuti
1030 3245 1129 3289 sint
1151 3241 1385 3297 Romani,
1407 3250 1467 3284 ex
1490 3240 1541 3284 L.
1562 3236 1613 3285 7.
1680 3236 1707 3291 S
1729 3237 1777 3281 1.
1805 3236 1857 3281 D.
1884 3234 1981 3282 sol.
2006 3231 2360 3279 maerim—L.
2390 3228 2471 3276 33.
2487 3230 2700 3285 dejure
2721 3227 3071 3275 dot—Videt

232 3307 260 3362 ς
282 3308 333 3352 1.
359 3308 414 3352 D.
438 3306 489 3353 li.
511 3310 548 3353 t.
570 3307 843 3364 intelligere
866 3307 1066 3353 licet.-
1089 3306 1155 3350 De
1173 3315 1272 3362 quo
1291 3301 1614 3361 qiiidemloco
1676 3298 1730 3344 L.
1751 3294 1833 3343 55.
1862 3298 1914 3343 D.
1934 3294 2146 3352 dejure
2164 3293 2274 3340 dot.
2314 3316 2369 3327 ——·
2406 3292 2460 3337 1..
2483 3291 2565 3338 66.
2585 3292 2611 3345 S
2632 3288 2682 3363 6..
2708 3290 2763 3336 D.
2786 3291 2882 3337 sol.
2901 3294 3063 3361 magr.

232 3369 370 3415 varia
389 3374 464 3414 est
488 3370 813 3426 interpretum
834 3368 1076 3414 sententia
1101 3375 1114 3425 ς
1141 3367 1207 3413 cf.
1233 3365 1424 3411 Basilic.
1451 3364 1509 3408 T.
1530 3363 1609 3409 lv.
1676 3382 1737 3392 —
1758 3359 1827 3406 de
1849 3356 2147 3415 Meyerseld
2162 3355 2195 3403 l.
2223 3357 2256 3400 l.
2282 3356 2309 3412 ς
2334 3353 2415 3403 14.
2450 3378 2511 3388 -
2531 3354 2743 3425 anino
2765 3359 2932 3397 autem
2957 3353 3061 3400 vid.

231 3443 283 3490 p.
304 3428 419 3478 3⁴2.
441 3427 553 3477 343.
577 3435 627 3476 et
651 3430 901 3477 Dorothei
920 3442 1008 3489 nec
1031 3440 1127 3474 non
1151 3426 1325 3485 cst-mi
1364 3426 1514 3472 schol.
1539 3425 1609 3471 ib.
1675 3420 1738 3466 de
1757 3432 1862 3479 arg.
1888 3422 2136 3479 proposito
2159 3417 2409 3466 Auctoris
2430 3417 2625 3463 Cession
2651 3411 2854 3486 33811.
2879 3426 2956 3459 nr.
2979 3412 3059 3461 10.

231 3505 284 3551 p.
307 3492 424 3540 372.
445 3491 686 3539 373.-Β.
710 3492 978 3541 Selii-adei·
1008 3495 1273 3537 comment.
1291 3491 1352 3535 de
1375 3487 1613 3533 divisione
1678 3495 1726 3541 p.
1753 3481 1840 3529 431
1875 3479 2254 3541 :qm—Locum
2269 3481 2413 3526 Beitr.
2431 3491 2492 3526 zu
2515 3478 2603 3522 der
2619 3476 2827 3522 Theorie
2846 3475 2896 3522 d.
2916 3476 3069 3533 Culpa

231 3555 491 3601 fructuum
510 3554 656 3600 dotis.
678 3556 880 3601 Helmst.
908 3551 1116 3601 1805.-
1131 3553 1242 3598 Vid.
1267 3552 1418 3597 etiam
1443 3548 1608 3595 Gldeli·
1673 3558 1723 3603 p.
1750 3543 1844 3592 207
1864 3557 1972 3604 sqq.
1996 3578 2011 3605 ‚
2034 3549 2083 3590 et
2104 3546 2285 3601 scripta
2310 3553 2457 3600 supra
2495 3535 2652 3598 3528.
2680 3544 2784 3609 not.
2808 3539 2855 3583 2.
2880 3549 3061 3609 propo-

233 3617 392 3664 Pand.
420 3617 601 3662 xxvii.
624 3618 651 3672 ς
677 3614 816 3664 1276.
835 3618 977 3663 e—k.
998 3629 1047 3675 p.
1069 3611 1339 3663 295—329.
1359 3638 1416 3646 —
1435 3613 1609 3658 flasse
1672 3609 1766 3653 sita
1795 3642 1810 3664 ‚
1848 3619 1973 3665 quae
1994 3607 2194 3666 quidem
2212 3640 2228 3661 ,
2251 3609 2304 3649 ιιι
2328 3606 2457 3650 inter
2479 3614 2530 3647 se
2554 3606 2672 3674 sunt
2693 3601 3020 3657 discrepantia
3047 3632 3064 3658 ‚

231 3683 507 3725 comment.
526 3680 586 3724 de
609 3680 782 3736 variis,
804 3680 886 3737 qui
923 3680 970 3724 in
1010 3678 1314 3737 explananda
1349 3677 1401 3721 L.
1421 3671 1471 3720 7.
1506 3675 1532 3729 ς
1554 3674 1578 3719 1
1593 3705 1606 3719 .
1675 3669 1741 3715 ita
1765 3681 1867 3715 non
1894 3681 2089 3727 prorsus
2112 3669 2406 3715 conveniunt
2425 3676 2539 3711 cum
2563 3676 2644 3724 iis,
2666 3673 2793 3721 quae
2816 3662 2907 3708 bac
2927 3664 2988 3708 de
3012 3673 3066 3707 rc

234 3743 293 3787 D.
314 3744 410 3788 sol.
456 3745 603 3786 matr.
647 3744 893 3799 vulgatam
919 3741 1372 3799 interpretationem
1395 3738 1610 3793 relique·
1686 3732 1737 3777 in
1759 3737 1991 3777 contextu
2015 3743 2043 3777 a
2061 3732 2200 3777 nobis
2223 3730 2357 3775 dicta
2383 3733 2516 3801 sunt.

235 3809 374 3849 runt.
402 3805 555 3849 Bonn.
582 3801 723 3849 1827.
747 3827 804 3835 —
825 3803 977 3849 Idem
999 3804 1048 3848 in
1072 3803 1243 3848 Rbe‘in.
1271 3802 1392 3845 Mus.
1423 3800 1481 3846 ll.
1509 3810 1557 3855 p.
1582 3798 1605 3843 1
1743 3792 1822 3848 19)
1849 3795 1899 3839 L.
1922 3791 2005 3838 78.
2030 3805 2102 3851 pr.
2131 3798 2178 3838 et
2200 3795 2225 3849 s
2250 3789 2295 3837 1.
2321 3793 2375 3837 D.
2402 3789 2614 3844 demi-e
2635 3787 2743 3832 dot.

234 3879 347 3924 sqq.
388 3890 444 3898 —
468 3865 738 3912 Selii-ader
760 3865 808 3910 in
832 3865 1134 3923 ephemerid.
1181 3864 1309 3909 Tub.
1340 3863 1416 3907 Vl.
1444 3874 1491 3918 p.
1518 3858 1612 3906 219
1735 3853 1868 3914 wia)
1895 3856 1944 3900 L.
1967 3852 2048 3926 78.
2068 3858 2095 3912 ς
2115 3850 2227 3900 25.
2251 3854 2304 3898 D.
2327 3852 2536 3907 dejure
2564 3849 2798 3895 doh—L.
2818 3843 2899 3893 66.
2920 3847 2973 3891 D.
2997 3846 3066 3893 de

234 3929 685 3986 sqq.—Goesclten
703 3927 965 3973 Grundriss
986 3929 1012 3983 ς
1031 3926 1221 3974 693.-
1243 3926 1318 3971 Cf.
1343 3923 1409 3970 de
1435 3923 1606 3982 Τίρων
1666 3919 1798 3972 jure
1821 3918 1927 3963 dot.
1952 3917 2084 3974 (vid.
2131 3913 2257 3972 397.
2283 3919 2388 3961 not.
2412 3912 2462 3961 6.
2478 3947 2493 3971 ,
2518 3912 2631 3961 add.
2661 3912 2713 3956 L.
2736 3908 2815 3956 57.
2843 3920 2891 3953 in
2918 3920 2983 3954 m.
3007 3910 3064 3956 D.

235 3993 440 4036 stt-oeni
458 3991 517 4036 Τ.
542 3992 600 4037 11.
623 4002 671 4049 p.
697 3986 858 4036 163-
881 3987 991 4036 176.
1017 4014 1073 4023 —
1099 3989 1247 4048 [vid.
1271 3992 1320 4033 et
1342 3987 1462 4033 Cod.
1492 3987 1610 4045 Nap.
1678 3979 1775 4025 sol.
1803 3982 1959 4026 matr.
1985 3980 2125 4025 xxiv
2144 4014 2157 4038 ,
2178 3976 2227 4024 3.
2248 3983 2299 4022 et
2331 3978 2506 4022 Hasce
2530 3978 2564 4023 l.
2588 3975 2619 4020 l.
2642 3985 2691 4032 p.
2720 3970 2870 4028 232).
2896 3993 2952 4003 -—
2986 3970 3061 4017 Cf.

240 4050 390 4099 1571.
420 4048 439 4110 ]
1681 4043 1734 4088 1..
1757 4040 1835 4088 57.
1861 4044 1914 4088 D.
1938 4041 1992 4087 li.
2012 4044 2052 4087 t.
2091 4065 2140 4075 -
2186 4041 2232 4098 b)
2274 4041 2327 4085 L.
2351 4037 2399 4086 4.
2426 4039 2482 4084 D.
2523 4037 2590 4086 de
2627 4035 2804 4093 pactis
2841 4032 3061 4081 dotalib.

851 4127 877 4182 S
909 4124 1021 4175 536.
1683 4103 1728 4162 (S
1755 4102 1869 4151 528.
1894 4108 1998 4150 not.
2027 4101 2146 4161 17.).

1754 4166 1834 4226 21)
1860 4168 1913 4213 L.
1933 4164 2016 4212 78.
2038 4165 2065 4221 3
2087 4166 2135 4213 ὃ.
2158 4161 2432 4220 1).άε]α1·ε
2452 4161 2563 4209 dot.

307 4222 390 4280 15)
417 4225 469 4270 L.
492 4221 575 4271 43.
599 4221 621 4273 5
645 4223 693 4270 1.
716 4225 771 4271 D.
791 4224 999 4279 dejure
1020 4223 1194 4271 dot.—
1215 4225 1268 4270 1..
1285 4223 1364 4269 12.
1384 4222 1409 4277 S
1431 4221 1481 4268 ³.
1505 4222 1625 4269 eod.

243 4290 363 4334 --L.
384 4286 468 4335 58.
493 4288 519 4341 S
539 4288 584 4331 1.
611 4289 665 4333 D.
689 4287 871 4333 eod.-
892 4288 942 4333 L.
959 4284 1040 4333 77.
1065 4289 1121 4334 D.
1144 4284 1626 4341 eom—Hoffmann

241 4354 283 4398 1.
311 4352 346 4396 l.
373 4349 532 4409 (civil.
561 4350 697 4394 Vero.
720 4361 770 4407 p.
794 4347 857 4395 58
877 4352 1029 4408 sqq).

312 4411 390 4470 16)
416 4415 530 4469 Arg.
558 4414 612 4457 L.
636 4410 716 4456 51.
742 4414 791 4457 in
819 4412 853 4457 f.
880 4413 933 4457 D.
958 4410 1220 4467 depecul.
1245 4409 1366 4466 (XV,
1392 4408 1524 4467 1.)-
1545 4408 1625 4455 Cf.

239 4482 296 4523 et
319 4476 427 4522 νει.
451 4476 525 4519 Fr.
551 4473 1031 4529 ς100.--Λησιοι·ἰ.ς
1053 4474 1247 4520 Cession
1269 4485 1315 4530 p.
1330 4471 1445 4518 630.
1471 4473 1550 4518 Nr.
1567 4470 1626 4516 ll.
1758 4469 1805 4528 1)
1828 4471 1879 4516 L.
1906 4470 1952 4516 1.
1998 4471 2051 4516 C.
2075 4469 2144 4517 de
2165 4469 2286 4516 dote
2307 4471 2469 4518 cauta
2488 4478 2598 4513 non
2619 4464 2927 4511 numerata.
2951 4461 2967 4517 (
2988 4463 3024 4508 V
3052 4495 3068 4521 ‚

242 4562 311 4572 —
345 4540 511 4595 Neque
549 4548 663 4582 vero
696 4537 896 4583 omnino
939 4538 1001 4582 ad
1036 4535 1162 4580 hanc
1183 4542 1399 4581 nostram
1424 4544 1622 4579 causam
1694 4534 1844 4592 15.)-
1861 4535 1926 4578 De
1946 4536 2223 4578 domesticis
2245 4532 2450 4579 testibus
2472 4530 2532 4584 (S
2560 4524 2668 4574 148.
2699 4531 2801 4572 not.
2821 4522 2892 4582 6.)
2916 4525 2992 4570 his
3018 4537 3066 4570 in

242 4601 464 4658 pertinet
487 4601 541 4644 L.
564 4598 644 4645 43.
673 4601 723 4645 D.
749 4598 802 4644 Ιι.
830 4601 865 4643 ι.
881 4631 897 4658 ,
921 4600 1103 4656 quippe
1126 4598 1186 4643 de
1207 4598 1502 4652 nominibus,
1525 4606 1623 4641 non
1687 4596 2043 4645 causisfaciliiis
2066 4595 2378 4640 admittendis
2401 4593 2496 4638 vid.
2514 4590 2677 4637 Gliick
2702 4589 2851 4633 paud.
2874 4588 3061 4633 xxvll.

244 4674 302 4708 in
322 4664 489 4709 dotem
512 4661 637 4706 datis
660 4696 676 4719 ,
701 4672 867 4706 verum
908 4664 1034 4706 dotis
1079 4662 1406 4706 restituendae
1427 4659 1624 4704 nomine
1690 4674 1739 4719 p.
1782 4657 1874 4705 317
1900 4670 2002 4718 sq.;
2025 4655 2351 4715 eundemque
2376 4655 2474 4700 vid.
2490 4656 2556 4712 (p.
2584 4650 2721 4723 349.)
2749 4651 2808 4722 de
2833 4662 2888 4697 ea
2913 4660 3066 4721 quae·

244 4726 300 4770 in
322 4728 539 4770 solutum
562 4724 753 4775 dandis.
779 4724 894 4768 satis
914 4724 1113 4780 quidem
1136 4726 1364 4769 mendosa
1385 4723 1593 4767 lectione
1608 4752 1625 4778 ‚
1691 4723 1849 4769 stione
1872 4736 1883 4767 :
1909 4725 2151 4777 quatenus
2168 4717 2487 4775 iurisiurandi
2502 4718 2746 4762 delatione
2769 4725 2817 4758 in
2842 4713 3070 4760 doteilla-

242 4788 574 4845 praecipiens.
611 4810 670 4819 -
705 4787 778 4832 Cf.
824 4786 1013 4830 Basilio.
1059 4786 1118 4829 Τ.
1145 4787 1225 4830 lv.
1269 4796 1317 4842 p.
1350 4781 1462 4830 357.
1485 4787 1534 4829 ct
1557 4783 1625 4829 ib.
1692 4791 1741 4830 ta
1783 4784 1899 4829 tides
1943 4782 2045 4827 fleri
2068 4789 2244 4840 posset.
2282 4806 2342 4815 -
2375 4781 2560 4827 Caeter.
2597 4777 2660 4822 cf.
2699 4780 2750 4824 L.
2786 4774 2869 4822 70.
2905 4776 2960 4821 D.
2995 4775 3065 4819 de

243 4849 413 4896 scboi.
458 4861 509 4905 v·
542 4846 657 4894 309.
700 4851 803 4894 not.
827 4844 878 4892 9.
913 4869 973 4879 -—
1010 4846 1381 4903 Bynkerslioek
1398 4847 1502 4894 obs.
1526 4845 1626 4902 jur.
1679 4850 1811 4905 jure
1831 4845 1941 4892 doe.
1964 4850 2015 4891 et
2038 4846 2090 4892 L.
2114 4842 2194 4893 85.
2218 4857 2290 4904 pr.
2328 4845 2383 4890 D.
2419 4842 2489 4889 de
2510 4851 2619 4900 rea.
2640 4841 2759 4897 jur.
2784 4863 2841 4873 —-
2868 4840 3069 4897 Lersei·

246 4914 393 4960 Rom.
420 4912 524 4971 Vll,
547 4911 597 4957 2.
616 4914 668 4959 et
689 4914 791 4957 not.
815 4906 895 4957 10.
914 4908 966 4955 in
986 4910 1065 4955 ed.
1092 4909 1215 4957 Geb.
1237 4910 1323 4966 Sp.
1696 4921 1829 4969 spec.
1857 4906 1972 4955 520.

2287 4317 2455 4373 5557.
