3544 5506
467 336 581 395 ΞΜ
1071 343 1224 386 PARS
1261 342 1424 385 snm.
1466 342 1585 384 ΠΒ.
1628 341 1700 384 11.
1739 340 1818 383 DE
1853 340 2044 384 RBBUB
2079 338 2362 394 multo.
2404 339 2683 383 ΜΙΠΜΟ.

470 461 735 521 veniens
779 470 918 517 esse
952 454 1237 526 videtur,
1267 455 1392 513 tria
1418 453 1582 512 baec
1620 465 1869 526 ponere
1890 493 1907 519 ‚
1952 457 2283 524 tamquam
2327 464 2568 521 genera
2618 451 2860 524 prima,
2910 451 3186 524 speciale
3211 467 3266 510 s.

469 559 827 633 specierum
846 597 864 622 ‚
897 551 1181 628 generis,
1214 552 1664 609 universorum
1709 549 2029 606 bonorum
2072 546 2321 621 pignus.
2356 549 2428 604 Et
2454 546 2526 622 1)
2554 547 2831 620 speciale
2860 547 2985 608 boc
3010 547 3270 621 quidem

468 661 616 718 loco
638 668 943 713 vocamus
961 667 1182 709 rerum
1215 651 1608 722 singularum
1627 690 1642 715 ‚
1673 648 1775 706 vel
1804 647 1994 705 unius
2015 647 2113 705 vel
2153 646 2432 718 plurium
2452 687 2470 716 ‚
2503 646 2715 718 specie
2749 646 3155 705 definitarum
3179 647 3272 718 pi-

465 768 650 828 gnus.
696 755 911 822 quue
938 748 1204 821 pignore
1233 753 1298 806 et
1338 746 1585 804 fructus
1629 743 2084 817 continentur,
2131 748 2450 801 exstantes
2481 740 2570 800 illi
2603 743 2861 815 quidem
2886 743 2962 818 ¹),
3010 750 3078 803 et
3102 758 3270 817 quae

466 847 749 921 alioquin
780 845 873 904 rei
904 844 1223 902 accedunt
1249 839 1328 914 ²),
1371 855 1584 915 neque
1615 856 1768 899 vero
1794 855 1965 914 quae
1990 855 2070 897 ex
2100 840 2329 898 eadem
2347 882 2366 911 ,
2410 837 2680 914 eiusque
2708 845 3024 913 proventu
3043 882 3061 910 ‚
3096 846 3268 899 emta

464 952 671 1011 aliove
713 948 908 1006 modo
955 950 1334 1018 comparata
1368 949 1519 1002 sunt
1546 939 1615 1018 δ),
1647 957 1783 1001 non
1816 942 2016 1014 magis
2058 957 2253 1016 quam
2296 955 2503 1001 novae
2544 937 2788 1015 species
2821 958 2897 1001 ex
2927 941 3269 1015 pigneratis

466 1053 659 1111 rebus
699 1049 938 1115 iactae,
982 1045 1101 1104 nisi
1133 1042 1546 1116 nominatim,
1579 1049 1655 1102 ut
1678 1042 1804 1102 bae
1836 1058 2103 1116 quoque
2134 1037 2413 1116 pignoris
2452 1044 2599 1101 loco
2643 1049 2891 1112 essent,
2930 1042 2995 1099 in
3037 1042 3271 1101 consti-

462 1147 709 1207 tuendo
733 1145 881 1219 jure
925 1149 1187 1202 cautum
1215 1142 1295 1200 sit
1319 1137 1384 1209 ⁴).
1433 1143 1508 1198 At
1531 1140 1873 1199 immobilis
1902 1138 1995 1200 rei
2019 1138 2295 1200 sormam
2320 1155 2462 1199 esse
2496 1145 2841 1208 mutatam,
2882 1139 3040 1197 nihil
3076 1144 3266 1198 nocet

464 1247 744 1321 pignoris
774 1258 1008 1304 causae
1031 1239 1102 1312 ⁵).
1145 1238 1493 1300 Praeterea
1523 1240 2026 1311 observandum,
2078 1247 2214 1299 tum
2258 1240 2589 1299 mobilium
2628 1255 2883 1314 rerum,
2910 1252 3082 1312 quae
3123 1254 3268 1312 spe—

464 1347 713 1406 cialiter
743 1345 1073 1417 pignerata
1104 1340 1231 1399 sint
1249 1383 1267 1415 ‚
1293 1340 1492 1400 invito
1515 1341 1838 1401 creditore
1867 1341 2196 1414 prohiberi
2223 1336 2681 1400 alienationem
2702 1337 2777 1413 ⁶),
2803 1344 2940 1396 tum
2962 1353 3118 1397 vero
3136 1353 3269 1399 non

465 1446 584 1505 nisi
612 1446 677 1503 in
718 1442 1052 1516 speciebus
1092 1436 1441 1513 pigneratis
1484 1441 1792 1500 creditori
1830 1442 2235 1513 probandum
2267 1456 2439 1510 esse,
2486 1440 2552 1500 in
2594 1439 2778 1499 bonis
2816 1435 3123 1498 debitoris
3159 1453 3269 1496 eas

466 1547 656 1606 fuisse
699 1542 1101 1614 obligationis
1151 1540 1360 1600 sactae
1402 1548 1699 1615 tempore
1735 1542 1808 1609 ⁷).
1861 1541 1922 1615 2)
1973 1541 2229 1602 Generis
2271 1541 2498 1613 pignus
2529 1541 2764 1613 duplex
2789 1544 2887 1597 est
2925 1556 2945 1596 ε
2993 1540 3267 1597 alterum

464 1657 688 1702 earum
715 1653 934 1699 rerum
954 1681 971 1708 ,
1012 1652 1178 1711 quae
1205 1653 1282 1696 ex
1309 1652 1546 1709 genere
1570 1640 1852 1711 quodam
1882 1638 1948 1694 in
1973 1633 2155 1696 bonis
2185 1636 2490 1696 debitoris
2518 1643 2669 1695 sunt
2696 1642 2967 1694 eruntve
2991 1678 3009 1710 ‚
3043 1643 3117 1694 ut
3142 1635 3267 1694 im-

469 1728 802 1800 mobilium
824 1752 1043 1796 rerum
1068 1780 1087 1812 ‚
1113 1751 1430 1808 equorum
1448 1780 1465 1805 ‚
1502 1751 1838 1797 servorum
1856 1755 1875 1810 ς
1895 1738 2175 1796 alterum
2197 1736 2631 1796 universitatis
2646 1747 2865 1795 rerum
2884 1735 2933 1809 (§
2958 1735 3159 1810 2254,
3194 1741 3269 1793 ut

465 1835 710 1909 gregis,
744 1835 1084 1902 tabernae,
1130 1832 1577 1891 bibliothecae.
1622 1828 1837 1905 Atque
1865 1830 2035 1890 inter
2061 1837 2409 1905 utrumque
2450 1827 2700 1892 nullum
2743 1846 2860 1904 per
2900 1844 2968 1889 se
3006 1830 3266 1904 quidem

461 1938 731 1994 interest
759 1933 1122 1992 discrimen.
1155 1934 1308 1990 Nam
1334 1947 1467 1991 non
1489 1932 1696 1991 solum
1725 1931 1790 1989 in
1817 1938 2097 2004 utroque
2119 1932 2202 1989 ad
2227 1932 2434 2005 ipsum
2460 1947 2660 2004 genus
2685 1931 2965 1991 refertur
2999 1930 3226 2003 pignus
3244 1972 3264 2000 ‚
3327 1946 3345 1964 ·

461 2051 688 2093 verum
716 2035 909 2093 etiam
933 2034 1013 2091 ad
1035 2032 1277 2106 species
1300 2046 1353 2090 s.
1391 2033 1475 2090 ad
1493 2047 1801 2106 corpora.
1833 2033 1921 2090 Ad
1952 2046 2149 2104 genus
2173 2033 2296 2091 hoc
2323 2039 2516 2106 pacto
2535 2076 2554 2102 ‚
2590 2039 2664 2091 ut
2683 2075 2699 2102 ‚
2735 2044 3161 2105 quaecunque
3188 2045 3265 2088 ex

462 2147 544 2192 eo
580 2146 799 2190 rerum
829 2143 1064 2201 genere
1107 2129 1497 2203 quandoque
1523 2137 1715 2187 erunt
1747 2129 2084 2200 debitoris,
2134 2146 2213 2189 ea
2248 2130 2577 2189 securitati
2611 2128 2956 2189 inserviant
2987 2128 3266 2187 credito-

463 2231 552 2290 ris
570 2226 641 2305 ⁸),
674 2231 1024 2289 dummodo
1052 2245 1184 2288 non
1207 2230 1401 2288 certis
1421 2243 1642 2287 rerum
1660 2230 1889 2288 finibus
1914 2231 2217 2289 conclusa
2234 2236 2416 2301 sunt,
2447 2245 2616 2303 quae
2649 2229 2738 2287 ita
2757 2228 3173 2302 pignerantur
3192 2223 3264 2299 ⁹).

461 2332 553 2390 Ad
593 2331 832 2404 species
871 2345 1026 2388 vero
1057 2345 1276 2388 rerum
1302 2330 1390 2386 ita
1423 2329 1548 2388 hoc
1584 2328 1690 2402 jus
1730 2329 2141 2389 referendum
2181 2337 2313 2401 est,
2352 2335 2427 2388 ut
2468 2331 2848 2403 plerumque
2895 2327 3087 2386 etiam
3135 2326 3264 2385 sin-

461 2431 642 2502 gulas
663 2445 766 2488 res
784 2469 799 2493 ‚
834 2429 967 2488 sive
993 2430 1167 2502 apud
1193 2428 1552 2487 debitorem
1590 2429 1721 2486 sive
1744 2430 1916 2502 apud
1947 2436 2321 2489 extraneum
2360 2430 2507 2488 illae
2536 2434 2812 2503 exstent,
2849 2426 3172 2484 vindicare
3197 2424 3264 2482 li·

459 2532 607 2584 ceat
632 2526 966 2592 creditori,
1018 2530 1473 2598 praeterquam
1506 2523 1556 2583 si
1587 2539 1665 2583 ea
1705 2525 1845 2597 lege
1881 2525 2109 2599 pignus
2152 2526 2616 2593 constituatur,
2665 2531 2740 2584 ut
2766 2525 2849 2582 ad
2876 2529 3084 2581 totum
3118 2521 3266 2579 uni-

462 2624 778 2683 versitatis
820 2623 1000 2696 quasi
1027 2637 1262 2695 corpus
1309 2625 1631 2696 pertineat
1650 2669 1666 2695 ‚
1696 2639 1830 2682 non
1857 2627 1937 2683 ad
1960 2626 2238 2698 singulas
2257 2670 2275 2698 ‚
2304 2640 2471 2701 quae
2501 2625 2565 2683 in
2597 2640 2676 2684 ea
2704 2625 2860 2697 sint,
2893 2638 3033 2699 res;
3065 2620 3261 2693 idque

459 2722 526 2780 in
549 2723 816 2782 taberna
836 2723 1170 2797 pignerata
1189 2724 1367 2782 velut
1396 2723 1593 2783 tacito
1611 2724 1760 2799 jure
1785 2731 2121 2799 receptum
2151 2732 2248 2786 est
2276 2723 2368 2799 ¹⁰),
2386 2725 2628 2785 scilicet
2649 2729 2915 2798 propter
2948 2735 3264 2781 commer-

462 2817 710 2879 ciorum
751 2819 1207 2904 auctoritatem
1231 2832 1311 2879 'ac
1360 2821 1551 2879 fldem
1583 2814 1681 2895 11).
1733 2819 1796 2895 5)
1841 2822 2289 2882 Universorum
2314 2829 2528 2881 autem
2564 2822 2882 2880 bonorum
2910 2818 3133 2892 pignus
3158 2823 3267 2875 to-

460 2924 600 2975 tum
623 2917 816 2978 afficit
842 2917 1149 2979 debitoris
1164 2920 1643 2993 patrimonium,
1669 2928 1804 2980 tam
1829 2937 2133 2998 praesens
2156 2926 2353 2997 quam
2375 2921 2664 2982 futurum
2678 2920 2775 2996 ¹²),
2803 2926 3261 2994 praeterquam

466 3119 592 3167 Tub.
619 3118 759 3169 1818.
782 3118 832 3168 8.
868 3146 930 3156 —-
968 3124 1020 3170 C.
1047 3121 1287 3170 Cart-ard
1302 3122 1401 3180 (Pr.
1438 3125 1495 3171 J.
1519 3126 1576 3171 F.
1606 3123 1675 3171 de
1695 3125 1825 3172 Mal·
1899 3124 2020 3181 juris
2045 3127 2297 3175 translatio
2312 3128 2373 3175 ad
2394 3128 2542 3176 alium
2561 3125 3107 3188 prohibeatur-‚minime
3129 3126 3263 3173 inter

465 3181 641 3240 blanc)
675 3183 736 3230 de
765 3188 1057 3234 auctoritate
1091 3185 1479 3245 hypothecarum
1522 3188 1825 3245 generalium
1888 3200 2057 3236 omnes
2078 3192 2516 3239 constan-GM&
2533 3192 2684 3238 Pand.
2715 3191 2814 3235 xx.
2835 3202 2885 3249 p.
2910 3186 3021 3236 189.
3043 3201 3121 3237 nr.
3142 3188 3256 3238 2.—

464 3245 564 3292 nel.
602 3247 729 3293 Tub.
775 3244 916 3296 1890.
953 3271 1014 3282 —-
1052 3249 1103 3295 C.
1133 3249 1193 3297 L.
1228 3248 1439 3305 eapticlc
1461 3249 1703 3296 vindiciae
1724 3262 1823 3297 sec.
1888 3252 1963 3298 Ct'.
1986 3252 2112 3299 iufra
2134 3251 2290 3309 5517.
2316 3259 2419 3299 not.
2441 3254 2488 3299 9.

461 3318 595 3354 omn.
620 3307 721 3355 fere
738 3309 912 3372 sotor,
936 3312 1001 3358 de
1037 3313 1249 3367 general.
1280 3312 1554 3370 specialisq.
1579 3311 1699 3369 hyp.
1722 3312 1826 3359 dis-
1947 3312 1999 3370 7)
2020 3316 2072 3361 L.
2095 3316 2141 3360 1.
2168 3325 2245 3371 pr.
2270 3316 2320 3361 L.
2349 3314 2424 3362 15.
2448 3319 2475 3372 S
2498 3315 2546 3363 1.
2572 3318 2627 3362 D.
2647 3313 2936 3373 depiqnor.

464 3370 669 3417 crimine
691 3376 1000 3420 sententiam.
1020 3374 1180 3421 Goett.
1208 3369 1349 3420 1890.
1387 3398 1443 3406 -
1477 3376 1545 3420 Η.
1577 3376 1648 3420 K.
1676 3372 1826 3429 Hoff-
1952 3374 2001 3434 8)
2030 3379 2081 3423 Ι..
2105 3375 2182 3424 13.
2204 3389 2279 3437 pr.
2305 3378 2359 3423 L.
2382 3377 2461 3424 39.
2499 3381 2553 3428 D.
2596 3380 2663 3426 de
2698 3377 2906 3437 pigrior.
2951 3375 2967 3430 (
3004 3376 3083 3422 Cf.
3108 3387 3257 3435 supra

461 3444 652 3494 mann,
675 3434 796 3480 uber
824 3435 919 3483 den
942 3434 1148 3482 Einfluss
1170 3435 1486 3493 allgemeiner
1505 3436 1830 3483 Pfandrecbte
1892 3440 1918 3494 S
1938 3436 2048 3485 995.
2076 3451 2152 3486 nr.
2177 3441 2224 3486 1.
2249 3444 2299 3486 et
2316 3444 2417 3486 not.
2439 3440 2539 3500 19.)

471 3497 560 3541 auf
578 3494 659 3542 dle
681 3496 934 3544 einzelnen
957 3498 1146 3549 Sachen
1167 3500 1252 3545 des
1272 3498 1584 3545 Schuldners.
1609 3501 1820 3545 Darmst.
1954 3499 2002 3557 9)
2022 3501 2131 3548 Vid.
2156 3514 2204 3549 v.
2228 3514 2272 3548 c.
2297 3500 2446 3549 Ι..96.
2469 3506 2495 3559 S
2511 3504 2559 3551 2.
2583 3506 2639 3551 D.
2661 3502 2729 3549 de
2745 3500 2889 3561 pe‘qn.
2990 3500 3066 3546 Cf.
3090 3500 3255 3557 Hoff-

467 3554 674 3604 1850.-
692 3559 933 3608 ΒοεεΙιίνε
952 3561 1004 3606 in
1026 3560 1257 3607 zeitschr.
1285 3561 1368 3607 fur
1386 3561 1636 3608 civil-und
1655 3561 1830 3607 Crimi-
1892 3575 2059 3610 mann
2083 3566 2119 3611 l.
2141 3563 2177 3611 Ι.
2201 3577 2250 3623 p.
2275 3560 2338 3609 80
2359 3565 2776 3624 εᾳᾳ.-ΒοεεΙιίι·ι
2796 3567 2831 3610 l.
2852 3565 2885 3609 l.
2908 3576 2956 3622 p.
2981 3561 3032 3608 9.

465 3620 704 3667 nalrecht.
726 3622 783 3667 Τ.
809 3625 848 3668 1.
870 3624 952 3669 ΝΡ.
973 3624 1010 3669 1.
1038 3635 1085 3680 p.
1113 3625 1136 3668 1
1156 3647 1218 3660 --
1238 3620 1320 3670 5⁷.
1338 3645 1398 3654 -
1421 3623 1509 3678 Qui
1528 3623 1819 3685 scriptores,
1953 3625 2031 3683 10)
2057 3627 2111 3672 L.
2135 3629 2214 3673 54.
2241 3638 2315 3684 pr.
2340 3628 2393 3673 D.
2418 3628 2641 3691 deptqn.

468 3686 524 3728 ut
545 3685 674 3730 inter
696 3695 748 3729 se
765 3685 1078 3744 dissentiunt,
1102 3686 1168 3733 ita
1190 3697 1279 3733 nec
1300 3695 1411 3731 cum
1425 3686 1482 3731 iis
1497 3686 1822 3745 conveniunt,
1951 3688 2030 3747 11)
2056 3690 2310 3735 Caeterum
2330 3701 2455 3747 quae
2482 3692 2543 3739 de
2572 3693 2773 3738 taberna
2796 3687 3105 3747 praecipiunt
3120 3686 3248 3742 juris

468 3755 596 3802 quae
617 3745 708 3791 hac
731 3747 793 3793 de
815 3759 868 3794 re
889 3759 918 3794 a
942 3748 1080 3793 nobis
1102 3750 1379 3796 traduntur.
1886 3750 2040 3797 nostri
2074 3757 2295 3797 auctores
2310 3785 2323 3808 ,
2346 3752 2496 3800 etiam
2521 3757 2568 3800 in
2602 3754 2724 3800 alias
2754 3752 3017 3797 convenire
3047 3750 3248 3795 univer-

529 3808 575 3864 1)
600 3808 651 3855 Ι..
669 3809 717 3856 1.
743 3810 769 3863 S
790 3810 839 3856 9.
876 3810 928 3855 1..
953 3806 1033 3856 16.
1062 3811 1087 3865 S
1108 3808 1156 3858 4.
1179 3813 1234 3858 D.
1252 3808 1321 3855 de
1336 3807 1482 3868 piqn.
1519 3832 1579 3841 —
1613 3810 1665 3855 L.
1686 3810 1735 3856 3.
1758 3810 1813 3856 C.
1880 3814 2130 3871 sitates‚et
2147 3816 2220 3859 vel
2235 3816 2447 3860 maxime
2470 3819 2518 3863 in
2543 3826 2738 3875 gregem
2758 3814 2950 3872 pignori
2974 3811 3250 3869 obligatum

461 3866 518 3914 in
539 3870 683 3928 quib.
718 3883 767 3919 c.
803 3873 1011 3931 piqnor.
1047 3875 1196 3921 tacit.
1242 3874 1418 3920 contr.
1454 3871 1599 3929 (vill,
1620 3869 1719 3930 15.)
1754 3896 1819 3906 -
1883 3879 2098 3933 (propter
2124 3878 2172 3922 L.
2200 3877 2278 3922 13,
2304 3888 2378 3934 pr.
2404 3879 2459 3923 D.
2477 3879 2549 3925 de
2565 3877 2747 3937 pam),
2771 3888 2799 3921 a
2822 3874 3256 3932 plerisquedefen-

467 3933 712 3989 Westple.
731 3930 1092 3989 §17.——Backe
1116 3936 1229 3982 bon.
1254 3936 1338 3982 fid.
1369 3945 1496 3990 poss.
1520 3936 1785 3993 quemadm
1799 3968 1811 3981 .
1874 3939 2204 3985 ‹litura—vid.
2218 3938 2382 3986 Gtziclc
2403 3940 2555 3987 Pan«.
2574 3941 2744 3995 xvlss,
2762 3940 2789 3994 ς
2808 3934 2971 3994 1079.,
2988 3937 3074 3994 qui
3090 3936 3253 3981 varias

460 3993 610 4043 fruct.
634 4007 746 4043 suos
769 3997 917 4043 faciat
945 4008 995 4054 p.
1031 3995 1098 4044 59
1129 4010 1233 4058 sqq.
1271 4010 1321 4057 p.
1343 3993 1426 4044 97.
1468 4008 1516 4054 p.
1551 3994 1662 4044 118.
1696 3993 1809 4043 119.
1875 4001 2119 4047 variorum
2138 4005 2270 4046 etde
2301 4001 2396 4047 hac
2431 4003 2715 4061 quaestione
2738 4008 2787 4046 et
2807 4001 3009 4046 omnino
3032 4000 3094 4043 de
3134 3998 3244 4043 uni-

459 4066 512 4115 p.
536 4057 628 4102 199
648 4070 756 4117 sqq.
791 4082 852 4093 —-
887 4060 1163 4106 Accuratius
1184 4057 1410 4120 quaestio
1440 4060 1501 4105 de
1531 4059 1772 4106 fructibus
1798 4091 1810 4113 ,
1874 4063 2112 4109 versitatis
2133 4063 2415 4121 pigneratae
2431 4065 2544 4121 iure
2566 4069 2782 4111 recenset
2799 4062 3057 4120 opiniones
3077 4072 3127 4118 p.
3152 4057 3251 4106 999

459 4121 705 4175 quomodo
726 4125 775 4167 et
794 4121 1007 4180 pignoris
1023 4123 1319 4180 obligatione
1350 4126 1451 4182 pett
1474 4127 1709 4182 possunt,
1733 4122 1811 4167 in-
1881 4121 2052 4171 -935,
2086 4125 2243 4181 Quam
2279 4129 2591 4174 sententiam*
2614 4128 2759 4172 etiam
2791 4128 2993 4170 tuentur
3029 4123 3247 4172 Wam-

460 4178 536 4227 fra
562 4187 796 4229 tractatur
814 4186 839 4240 s
857 4180 968 4229 319.
995 4188 1097 4232 not.
1120 4185 1168 4230 3.
1194 4186 1240 4232 1.
1874 4188 2069 4247 koeniq
2109 4188 2157 4233 in
2193 4188 2333 4236 Arch.
2383 4189 2419 4235 t'.
2443 4191 2573 4237 civil.
2595 4191 2675 4235 Pr.
2700 4190 2781 4233 xl.
2825 4198 2875 4245 p.
2917 4183 3009 4232 198
3046 4196 3156 4243 sqq.
3199 4189 3253 4231 et

522 4244 571 4301 9)
593 4245 644 4290 Ι..
671 4243 747 4292 16.
770 4257 846 4304 pr.
877 4246 934 4292 D.
954 4246 1024 4294 de
1052 4245 1195 4306 pion.
1229 4272 1290 4281 —-
1326 4248 1378 4294 L.
1399 4246 1480 4292 91.
1504 4247 1559 4292 D.
1584 4244 1813 4306 deptqn.
1880 4251 2173 4308 Hoffmann
2194 4253 2227 4298 Ι.
2251 4252 2287 4297 l.
2313 4263 2363 4309 p.
2386 4250 2444 4297 71
2471 4251 2745 4311 sqq.—Sed
2776 4249 2875 4294 vid.
2899 4249 3179 4295 Zimmern
3201 4247 3251 4292 in

459 4310 567 4353 act.
588 4308 773 4365 (xxm,
794 4304 864 4365 7.)
885 4330 944 4340 -
981 4308 1282 4369 Gestat-ditty
1301 4309 1541 4355 Ausbeute
1564 4308 1642 4353 lv.
1665 4321 1712 4365 p.
1736 4307 1816 4354 19.
1883 4313 2112 4359 zeitschr.
2139 4314 2174 4358 f.
2197 4312 2365 4361 Civilr.
2385 4326 2435 4360 u.
2461 4317 2598 4361 Proc.
2619 4315 2657 4360 1.
2685 4325 2734 4372 p.
2773 4309 2836 4359 49
2855 4322 2962 4370 sqq.
2987 4310 3085 4364 (nr.
3109 4309 3183 4368 9.)
3202 4314 3254 4355 et

459 4379 567 4427 sqq.
590 4371 670 4415 Nr.
687 4372 746 4416 ll.
767 4393 823 4402 ——
842 4370 1033 4418 caeter.
1056 4373 1153 4421 vid.
1181 4373 1233 4418 1..
1256 4374 1301 4418 1.
1327 4374 1353 4428 ς
1377 4372 1422 4417 1.
1450 4372 1503 4417 D.
1531 4370 1600 4417 de
1612 4370 1821 4431 piqnor.
1885 4387 2010 4434 quae
2033 4387 2179 4433 supra
2203 4376 2484 4433 scripsimus
2501 4381 2527 4433 5
2547 4375 2661 4423 993.
2682 4374 2832 4421 verb.
2856 4389 2868 4419 z
2890 4375 3074 4420 Deinde
3095 4372 3251 4431 probs

459 4429 554 4485 (Cf.
579 4433 631 4478 L.
657 4431 736 4479 24.
758 4433 814 4479 D.
834 4431 902 4478 de
918 4435 1094 4491 pecul.
1120 4437 1218 4495 leq.
1241 4434 1471 4493 (XXXIV,
1490 4430 1560 4490 8.)
1585 4458 1642 4467 -
1662 4436 1715 4479 1..
1736 4430 1819 4479 96.
1884 4438 2152 4484 notandum
2175 4439 2296 4496 rel„
2316 4441 2367 4483 et
2382 4451 2459 4486 nr.
2477 4438 2524 4486 1.
2542 4463 2597 4472 --
2623 4436 2865 4484 Ros-skire
2887 4438 2921 4481 l.
2946 4438 2978 4481 l.
3005 4449 3057 4495 p.
3083 4434 3147 4481 16
3166 4439 3244 4493 sq·

461 4492 489 4548 ς
506 4492 554 4539 9.
576 4496 630 4539 D.
651 4495 719 4541 de
735 4493 902 4554 plan.)
1882 4505 1931 4545 et
1955 4499 2125 4546 Archiv
2145 4501 2182 4547 f.
2199 4503 2298 4548 civ.
2325 4501 2403 4547 Pr.
2428 4502 2486 4546 T.
2507 4502 2652 4548 xvll.
2674 4512 2724 4559 p.
2748 4497 2842 4546 578
2920 4510 2971 4556 q.

523 4554 573 4611 5)
599 4559 647 4602 L.
681 4555 729 4604 7.
753 4560 773 4612 s
797 4555 842 4603 1.
869 4560 919 4604 in
940 4558 978 4606 t'.
1002 4560 1056 4605 D.
1082 4558 1292 4619 quipot.
1311 4557 1367 4606 fn
1384 4557 1531 4618 pion.
1547 4557 1666 4615 (xx,
1683 4553 1818 4613 4.)--
1947 4563 2026 4620 19)
2045 4564 2095 4607 Ι..
2120 4563 2167 4610 9.
2189 4565 2243 4611 C.
2262 4568 2408 4621 quae
2429 4560 2672 4624 respiqn.
2694 4562 2834 4619 (vill,
2861 4564 2879 4607 l
2921 4561 3077 4618 .)—-L.
3100 4558 3147 4606 1.
3168 4570 3244 4618 pr.

459 4619 511 4666 Ι..
535 4620 584 4664 3.
604 4620 656 4665 C.
679 4619 736 4666 in
758 4620 903 4679 quib.
927 4633 976 4669 c.
997 4622 1137 4682 piyn.
1161 4624 1266 4668 act.
1885 4624 1940 4669 D.
1963 4624 2030 4672 de
2047 4624 2190 4685 pr'qn.
2217 4650 2273 4658 -—
2298 4627 2634 4673 Formulsrum
2650 4659 2666 4683 ‚
2707 4624 2885 4683 quibus
2915 4625 2989 4669 uti
3020 4622 3251 4669 solebant

521 4679 569 4738 4)
590 4682 641 4729 1..
669 4679 745 4727 18.
769 4682 790 4733 S
812 4680 860 4729 ὅ.
885 4685 945 4729 D.
969 4683 1036 4729 de
1048 4686 1191 4743 pffqn.
1210 4686 1318 4729 act.
1415 4742 1427 4754 ι
1887 4687 2088 4734 Romani
2108 4688 2167 4733 *in
2191 4689 2527 4735 universorum
2550 4690 2789 4738 bonorum
2829 4687 3032 4745 pignore
3059 4685 3249 4730 consti·

518 4741 568 4801 5)
590 4744 642 4790 Ι..
671 4743 745 4791 16.
771 4744 866 4798 39.
903 4747 954 4794 Ι..
980 4743 1059 4792 99.
1089 4749 1115 4801 S
1136 4746 1183 4790 9.
1209 4746 1263 4792 D.
1286 4744 1516 4804 deptqn.
1887 4750 2094 4805 tuendo,
2116 4750 2213 4797 vid.
2238 4751 2289 4796 L.
2316 4748 2366 4797 6.
2403 4752 2454 4797 L.
2482 4748 2561 4797 34.
2604 4754 2630 4808 s
2659 4748 2707 4794 2.
2746 4749 2801 4794 D.
2844 4751 2914 4795 de
2949 4748 3161 4807 piqnor.
3188 4769 3250 4780 -

517 4804 568 4864 6)
590 4803 756 4853 1..3.4.
773 4807 827 4853 C.
847 4806 1432 4865 deservopiqnoridato
1447 4812 1824 4858 manumissos.
1889 4814 1941 4859 1..
1974 4812 2052 4858 91.
2078 4825 2153 4872 pr.
2199 4814 2252 4860 D.
2287 4813 2505 4870 quipoe.
2531 4814 2586 4860 in
2613 4811 2756 4869 plyn.
2775 4811 2901 4866 (xx,
2918 4809 3019 4868 4.),·
3039 4810 3252 4867 aliisque

468 4868 486 4923 (
510 4869 635 4923 vlll.
656 4867 705 4914 8.
734 4870 750 4926 )
776 4895 829 4904 -—
854 4871 908 4917 Ι..
927 4868 1022 4919 66..
1040 4871 1059 4925 <
1078 4872 1145 4917 al.
1168 4867 1250 4917 68.
1280 4871 1298 4926 )
1337 4881 1412 4927 pr.
1455 4874 1510 4919 D.
1553 4873 1621 4919 de
1660 4871 1828 4929 rur-tis
1892 4874 2097 4935 inlunis,
2116 4889 2237 4933 qnos
2261 4877 2455 4933 collegit
2481 4873 2819 4933 capltctce‘usl.
2846 4873 2882 4919 l.
2907 4884 2957 4931 p.
2979 4870 3042 4919 54
3062 4883 3253 4929 sqq.—

455 4930 656 4993 (XLvll,
676 4931 746 4987 2.)
835 4933 984 4991 cujus
1001 4932 1340 4993 prohibitionis
1357 4945 1474 4983 num
1499 4947 1558 4985 ea
1575 4937 1642 4984 sit
1664 4937 1754 4999 vis,
1774 4939 1829 4983 ut
1891 4938 1963 4986 ct.
1990 4940 2186 4989 Mulier
2203 4939 2239 4987 Ι.
2263 4938 2300 4990 1.
2329 4950 2379 5000 p.
2400 4935 2463 4987 55
2482 4950 2557 4999 sq·
2592 4962 2652 4972 —
2683 4937 2943 4988 Praeterea
2962 4934 3136 4983 observ
3163 4944 3212 4981 .a
3234 4935 3253 4994 )
