3544 5506
1478 305 1858 350 rnommun.
2992 301 3065 356 25

255 421 363 481 sed
407 421 707 479 versione
728 461 746 489 ‚
795 433 961 494 quae
996 426 1275 480 vocatur»
1298 420 1576 493 vulqata,
1619 415 1663 475 i.
1693 433 1749 475 e.
1794 415 1995 476 latina
2024 417 2671 499 interpretationem),
2694 428 2763 482 et
2786 426 3065 485 auctoris

257 529 321 579 et
359 521 675 593 temporis
718 520 943 579 incerti
966 526 1057 592 ι1),
1099 518 1235 578 fere
1261 518 1397 574 κατὰ
1423 518 1555 573 πόδα
1590 532 1667 575 ac
1700 517 1853 575 satis
1873 517 2130 590 quidem
2148 519 2402 592 illepide
2428 520 2597 579 facta
2616 521 2705 597 ¹2);
2731 523 2780 581 si
2806 525 3066 597 quidem

255 616 583 689 exceperis
619 615 925 687 Novellas‚
961 614 1156 672 latino
1182 625 1479 672 sermone
1505 612 1587 669 ab
1610 613 1746 684 ipso
1793 627 2018 670 earum
2057 620 2323 673 auctore
2374 617 2574 674 editas
2614 615 2705 692 ¹³).
2738 621 2880 678 Iam
2907 635 3067 681 vero

253 717 544 774 Novellas
562 755 579 782 ‚
609 728 778 785 quae
816 714 898 771 ab
924 728 1042 771 usu
1083 711 1320 771 sorensi
1354 711 1610 769 minime
1649 711 2005 770 abhorrere
2023 712 2393 772 viderentur
2431 718 2722 790 adeoque
2752 719 2817 775 in
2839 720 3072 780 scholis

256 814 559 887 explicari
600 814 918 887 solerent,
955 813 1018 869 in
1052 827 1283 870 novem
1320 810 1691 869 collationes
1725 810 2220 882 distribuerunt,
2255 813 2633 889 singulisque
2661 818 3071 881 collationum

252 911 452 968 titulis
470 909 752 980 singulas
779 909 1063 966 Novellas
1084 905 1517 982 subjecerunt,
1557 911 2009 979 praeterquam
2030 907 2206 979 quod
2228 910 2381 967 Nov.
2412 913 2554 970 VIII
2578 913 2644 970 in
2672 913 2833 971 duos
2855 914 3069 974 titulos

258 1009 595 1082 dispartita
637 1013 736 1065 est
785 1004 891 1080 1*);
927 1007 1202 1078 reliquas
1242 1022 1292 1063 s.
1343 1004 1899 1061 extraordinarias
1953 1004 2018 1062 in
2066 1006 2424 1077 adpendice
2451 1024 2570 1081 per
2607 1016 2736 1068 tres
2760 1010 2951 1070 libros
2973 1013 3071 1088 (ut

257 1108 513 1182 quidem
532 1106 669 1164 veri
698 1112 796 1164 est
813 1102 1217 1176 simillimum)
1264 1102 1333 1173 15)
1356 1102 1831 1174 disposuerunt.
1859 1102 2100 1160 scilicet
2123 1102 2186 1159 in
2200 1103 2395 1163 totius
2412 1107 2622 1178 operis
2664 1108 3071 1180 dispositione

260 1205 631 1267 Iustinianei
659 1203 897 1263 Codicis
931 1203 1222 1262 ordinem
1254 1201 1726 1273 quodammodo
1775 1199 2079 1259 imitaturi
2111 1198 2203 1274 ¹⁶).
2264 1204 2341 1261 V.
2371 1204 2780 1263 Anthemione
2807 1204 2900 1281 ¹⁷),
2929 1208 2970 1266 i.
3003 1224 3066 1270 e.

257 1303 610 1363 summaria
642 1303 948 1376 quaedam
975 1302 1373 1360 novellarum
1401 1299 1925 1358 constitutionum
1946 1342 1962 1370 ‚
1988 1300 2261 1372 primum
2323 1301 2405 1358 ab
2433 1300 2683 1358 Irnerio
2711 1300 2780 1376 ¹⁸)
2805 1319 2881 1363 ex
2907 1306 3072 1369 libro

256 1401 621 1459 authentico
636 1399 832 1472 (unde
848 1412 1082 1455 nomen
1099 1395 1384 1468 ductum)
1408 1401 1744 1467 excerptae
1759 1400 1955 1466 atque
1973 1410 2087 1468 per
2109 1411 2336 1455 novem
2363 1396 2606 1469 priores
2627 1398 2819 1459 libros
2832 1403 3072 1465 codicis

258 1498 570 1571 repetitae
591 1495 1036 1570 praelectionis
1054 1494 1350 1566 congruis
1371 1493 1526 1553 locis
1547 1509 1809 1566 sparsae
1830 1501 1997 1552 sunt.
2021 1497 2185 1570 Quas
2207 1496 2439 1554 deinde
2469 1494 2603 1568 eius
2623 1503 2970 1559 sectatores
2991 1517 3071 1564 ex

261 1595 400 1668 ipso
428 1608 708 1666 corpore
732 1586 1140 1650 Novellarum
1167 1589 1395 1663 passim
1427 1590 1813 1661 supplebant
1832 1634 1849 1660 ‚
1883 1590 2347 1665 emendabant,
2383 1590 2774 1662 castigabant
2794 1635 2811 1663 ,
2846 1595 3072 1659 additis

259 1700 596 1767 praeterea
621 1691 1004 1751 authenticis
1022 1687 1495 1763 Fridericianis‚
1510 1688 1551 1745 i.
1578 1703 1638 1747 e.
1659 1694 1799 1746 tum
1814 1687 2061 1761 integra
2078 1705 2210 1747 una
2232 1688 2529 1748 Friderici
2555 1693 2578 1749 1
2616 1693 3068 1757 constitutione

260 1791 462 1865 (auth.
488 1787 732 1860 habita)
753 1833 770 1860 ‚
798 1794 935 1845 tum
960 1785 1317 1845 summariis
1339 1785 1717 1858 quibusdam
1745 1799 1822 1842 ex
1845 1784 1969 1842 alia
2001 1785 2286 1858 ejusdem
2320 1787 2720 1860 imperatoris
2749 1789 2913 1864 Iege,
2944 1806 3069 1852 nec

260 1906 395 1950 non
418 1905 493 1947 ex
521 1886 824 1946 undecim
848 1885 1145 1945 Friderici
1195 1888 1249 1943 11
1282 1883 1836 1942 constitutionibus
1881 1884 2196 1956 decerptis
2225 1881 2319 1958 ¹⁹).
2352 1883 2758 1943 Novissimam
2790 1888 3067 1962 denique

263 1984 784 2045 authenticarum
812 1983 1249 2040 recensionem
1272 1980 1568 2038 Accursio
1585 1979 1911 2046 debemus,
1936 1980 2043 2052 qui
2074 1980 2332 2052 quidem
2345 1979 2442 2056 (ut
2459 1981 2724 2039 credere
2748 1981 2842 2040 tas
2860 1984 2977 2056 est)
3000 1983 3066 2043 in

265 2087 470 2158 ipsum
484 2083 729 2149 Codicis
739 2087 1097 2140 contextum
1117 2095 1225 2139 eas
1242 2079 1473 2153 intulit,
1489 2093 1635 2137 cum
1659 2083 1874 2151 antea,
1894 2084 2152 2149 praeter
2173 2077 2570 2136 authenticas
2588 2077 3062 2150 Fridericianas‚

271 2180 476 2240 codici
502 2193 636 2237 non
660 2177 960 2244 insertae,
988 2176 1101 2234 sed
1128 2180 1376 2233 tantum
1417 2172 1785 2244 adsignatae
1822 2171 2298 2243 invenirentur,
2337 2174 2400 2232 h.
2441 2188 2500 2233 e.
2538 2188 2669 2230 una
2700 2188 2848 2231 cum
2879 2175 3068 2247 signis

269 2279 555 2337 locorum
577 2276 642 2333 in
669 2273 818 2347 ipsis
843 2274 1062 2346 glossis
1089 2272 1332 2345 positae
1359 2277 1568 2329 essent
1610 2267 1702 2343 ²⁰).
1738 2273 2005 2343 Insuper
2035 2287 2187 2329 vero
2206 2278 2346 2330 tum
2367 2270 2864 2331 Institutionibus
2880 2314 2897 2343 ,
2927 2280 3065 2333 tum

268 2377 417 2450 ipsis
447 2389 713 2449 quoque
748 2373 1013 2432 Novellis
1048 2371 1454 2432 authenticae
1486 2370 1742 2428 additae
1763 2376 1946 2444 sunt,
1979 2386 2255 2444 quarum
2291 2370 2548 2445 quidem
2576 2370 2887 2432 memoria
2916 2374 3067 2434 satis

263 2477 379 2537 din
402 2477 679 2546 exoleta,
702 2479 925 2534 nostra
948 2473 1207 2534 demum
1230 2474 1442 2531 aetate
1470 2470 1817 2531 restaurari
1836 2476 2064 2545 coepta
2090 2476 2187 2531 est
2212 2465 2300 2544 ²¹).

1620 2650 1645 2723 §
1683 2652 1785 2712 18.

356 2840 457 2898 VI.
482 2835 554 2913 (⁴)
570 2840 910 2896 Praeterea
939 2834 1068 2893 Jcti
1096 2829 1502 2892 Bononiensis
1528 2836 1774 2891 textum
1804 2835 1968 2909 juris
1999 2832 2374 2898 Justinianei
2400 2839 2707 2899 librorum
2749 2840 3060 2913 quodam-

331 3015 412 3074 1⁰)
452 3017 640 3065 Aemil·
676 3016 810 3064 lud.
841 3014 1134 3073 Homlmvk
1164 3026 1234 3061 W
1286 3013 1343 3058 V
1339 3010 1438 3059 ‘1⁶1²
1472 3011 1531 3055 de
1550 3011 1649 3057 ΝΟ·
1714 3013 1760 3072 1)
1782 3017 1871 3066 Jo.
1896 3019 2017 3065 Jac.
2037 3019 2268 3069 Scherzii
2297 3023 2352 3068 D.
2377 3021 2438 3067 de
2457 3019 2854 3068 authenticarum
2888 3022 3059 3067 aucto-

278 3081 457 3126 veliar.
477 3081 820 3127 constitution.
853 3081 1021 3137 lingua
1053 3074 1320 3135 originaria
1351 3078 1401 3120 et
1422 3074 1648 3129 vulgatae
1709 3077 1845 3128 ribus
1861 3084 1912 3127 ct
1930 3082 2245 3144 auctoritate3
2275 3086 2340 3142 2).
2374 3083 2553 3131 Mauri
2571 3080 2736 3130 Sat-lii
2761 3081 2981 3130 Prooem.
3001 3084 3064 3129 de

280 3143 522 3188 versionis
540 3146 722 3201 aetate,
743 3145 941 3188 auctore
963 3145 1012 3187 et
1032 3153 1118 3187 usu
1134 3140 1181 3184 in
1204 3137 1309 3183 foro
1328 3137 1344 3193 (
1366 3137 1418 3182 in
1439 3136 1646 3190 zeper-
1708 3136 1822 3187 fatis
1852 3143 2125 3201 jurisprud.
2172 3147 2309 3193 Rom.
2335 3146 2386 3193 lu
2427 3147 2563 3192 ltalia
2583 3148 2694 3192 ante
2717 3144 2953 3192 Irnerium
2969 3179 2985 3194 .
3014 3150 3065 3193 et

281 3203 443 3250 nicici?
472 3205 683 3250 delectus
704 3205 995 3262 scriptorum
1018 3202 1237 3249 Novellas
1267 3199 1442 3245 lustin.
1466 3198 1641 3244 illustr.
1707 3202 1857 3251 vitam
1877 3201 2095 3266 lrnerii].
2120 3206 2253 3254 Edid.
2278 3213 2328 3253 et
2347 3206 2592 3266 praetatus
2608 3212 2682 3252 est
2719 3204 2738 3261 (
2752 3206 2813 3252 de
2849 3205 3065 3255 fontibus

284 3278 341 3325 p.
365 3263 461 3313 177
486 3266 629 3325 sqq.).
648 3291 704 3301 —
727 3279 780 3313 v.
797 3266 1026 3327 Saviqny
1044 3266 1191 3312 Beitr.
1223 3274 1270 3309 z.
1294 3260 1468 3307 Gesch.
1488 3260 1539 3305 «t.
1574 3261 1648 3307 la·-
1709 3268 1759 3309 et
1777 3269 1966 3314 ratione
1988 3270 2290 3316 enarrandae
2316 3270 2546 3317 historiae
2566 3268 2975 3327 authenticarum)
3010 3272 3064 3318 C.

288 3328 416 3374 tein.
454 3328 837 3375 Novellentextes
877 3329 1019 3374 nebst
1051 3328 1243 3382 einigen
1281 3322 1645 3385 uxngedruckten
1708 3327 1802 3375 Fr.
1827 3331 2143 3386 Zepernick.
2183 3332 2291 3378 nat,
2335 3329 2476 3379 1788,
2499 3328 2549 3378 8,
2574 3356 2630 3366 -..
2656 3333 2746 3378 Fr,
2785 3333 2924 3390 Any,
2949 3331 3068 3379 353..

280 3391 516 3437 Novellen
547 3390 804 3446 (Zeitscbr.
836 3390 917 3437 fur
947 3387 1231 3447 geschichtl.
1280 3387 1333 3433 R.
1369 3385 1449 3428 W.
1501 3385 1557 3429 ll.
1591 3383 1642 3431 ὅ.
1706 3400 1809 3436 ner
1822 3392 2021 3439 historia
2039 3393 2424 3440 authenticarum
2447 3393 2608 3441 codici
2636 3395 2691 3440 R.
2725 3393 2777 3438 P.
2809 3395 2861 3438 et
2881 3394 3069 3440 institu-

285 3465 338 3511 p.
366 3451 953 3510 loo-136.)—Biener
974 3456 1007 3499 1.
1030 3454 1062 3499 l.
1089 3464 1139 3510 p.
1168 3445 1333 3497 149-
1356 3444 1450 3493 260
1472 3446 1573 3498 (Nr.
1601 3449 1642 3493 ll

284 3515 768 3624 ἓν.)-(31’.115ι·ιιω
784 3514 1001 3575 Kriyelii
1018 3526 1164 3576 supra
1180 3514 1224 3571 (s
1246 3510 1325 3569 12,
1343 3513 1446 3556 not.
1462 3507 1537 3567 11)
1556 3508 1661 3555 lau-

353 3580 483 3626 tum.

349 3636 756 3757 ἓζιῖοέιὸεὗηςε
776 3638 813 3686 l.
833 3638 867 3686 l.
906 3650 1014 3699 cap.
1042 3633 1413 3686 ll.-B1'enerl.
1431 3633 1468 3679 l.
1490 3643 1541 3689 p.
1562 3629 1654 3680 160

286 3725 347 3737 ·-
450 3737 462 3749 .
577 3712 619 3747 ε’.
686 3703 722 3747 l.

350 3762 430 3822 12)
455 3762 760 3822 Hombequ
780 3763 816 3809 I.
835 3763 871 3809 l.
896 3774 940 3809 c.
964 3764 1004 3809 I.
1025 3766 1051 3820 ς
1070 3759 1154 3821 26,
1176 3756 1522 3805 eft—mener-
1552 3757 1585 3802 l.
1610 3757 1646 3802 l.

279 3838 333 3884 p.
389 3824 486 3873 255
518 3831 570 3871 et
605 3838 651 3884 p.
689 3823 799 3872 260.
828 3849 883 3858 --
917 3826 1107 3871 caeter.
1163 3822 1255 3870 etr.
1298 3817 1567 3867 Schrader
1597 3818 1648 3866 in

277 3889 459 3937 Prodr.
481 3897 625 3945 corp.
648 3886 745 3942 jur.
771 3887 865 3934 cir.
890 3898 940 3944 p.
965 3886 1046 3934 28.
1066 3889 1170 3932 not.
1191 3883 1271 3931 23.

348 3949 430 4009 13)
464 3951 704 4010 Saviyny
751 3950 785 3995 l.
821 3950 854 3995 1.
889 3949 1141 4005 (zeitschr.
1178 3946 1291 4003 ete.)
1322 3956 1372 4003 p.
1410 3941 1501 3990 102
1533 3955 1637 4005 sqq.

281 4014 548 4062 -Biener
567 4016 604 4060 l.
627 4014 663 4058 l.
687 4025 736 4071 p.
761 4009 873 4058 249.
897 4009 1007 4059 254.

348 4074 430 4134 14)
450 4076 688 4135 Saviqny
705 4074 883 4121 Gesch.
924 4076 1009 4120 des
1032 4074 1170 4119 Rom.
1196 4071 1253 4115 it.
1290 4069 1350 4117 Τ.
1371 4068 1452 4113 lll.
1475 4079 1524 4125 p.
1552 4065 1646 4115 463

285 4136 727 4248 -4364ἒὲ-Βίεηεν
745 4137 780 4183 i.
802 4138 839 4184 l.
857 4148 908 4195 p.
928 4132 1018 4183 271
1042 4135 1142 4192 (Nr.
1162 4127 1438 4191 'vm—273.
1461 4143 1509 4189 p.
1532 4128 1644 4177 313.

281 4212 317 4258 p
356 4263 434 4320 15)
478 4261 715 4323 Savlqny
753 4259 926 4308 Gescb.
971 4259 1022 4306 d.
1056 4261 1112 4306 R.
1148 4261 1201 4305 tt.
1238 4255 1299 4300 ‘1⁸.
1333 4255 1413 4300 nl.
1450 4265 1500 4310 p.
1536 4251 1647 4301 465.

289 4323 353 4369 Τ.
376 4326 453 4372 w.
478 4329 526 4372 in
550 4326 667 4383 adp.
699 4336 751 4384 p.
784 4319 896 4370 485.
922 4325 981 4370 Τ.
1002 4323 1061 4371 V.
1086 4323 1137 4368 in
1171 4318 1284 4378 adp.
1306 4328 1356 4373 p.
1378 4312 1491 4362 571.
1524 4316 1576 4362 in
1608 4317 1646 4362 f.

288 4390 345 4434 et
356 4397 711 4509 1⁹6)⁸‘.s‘3avtqar
724 4460 775 4506 p.
798 4443 1172 4495 ssim-Amne»-
1188 4446 1224 4491 1.
1246 4444 1282 4489 i.
1308 4454 1358 4501 p.
1379 4435 1648 4489 275-285,

292 4511 423 4556 —De
442 4511 628 4558 decima
656 4509 917 4557 consuens
929 4509 1027 4555 vid.
1050 4507 1278 4567 Saviqny
1292 4506 1355 4551 T.
1378 4505 1459 4551 lii.
1480 4514 1529 4559 p.
1554 4500 1652 4550 484

289 4570 466 4621 -486,
487 4576 545 4621 Τ.
570 4576 629 4620 V.
654 4585 705 4631 p.
724 4570 872 4618 ozia
893 4571 1071 4617 t.—t:f.
1096 4571 1146 4616 C.
1174 4572 1233 4616 F.
1257 4567 1415 4615 meck
1435 4568 1648 4613 Literar-

284 4636 448 4692 gee-th.
489 4640 577 4684 des
620 4632 927 4691 Longobard.
971 4632 1145 4678 Lehnr.
1196 4632 1368 4689 (ualle,
1390 4625 1531 4676 1828.
1576 4625 1647 4686 8.)

285 4707 337 4754 p.
359 4696 473 4745 260.
498 4724 556 4734 -
595 4698 821 4744 Cramer
851 4695 922 4741 Im
959 4695 1052 4741 civ.
1086 4695 1214 4751 Mag.
1256 4694 1337 4740 111.
1371 4704 1420 4751 p.
1468 4687 1532 4738 56
1570 4702 1643 4750 sq.

284 4759 450 4817 (notae
471 4761 514 4808 ⁸.
537 4772 617 4807 nr.
644 4760 733 4816 4.).

353 4821 428 4881 17)
447 4824 559 4882 siga
604 4821 889 4868 libellorum
907 4851 923 4875 ,
975 4818 1281 4866 authenticas
1321 4816 1499 4866 codicis
1543 4827 1648 4874 rep.

286 4888 436 4941 mel.
450 4895 728 4942 earumque
746 4881 1001 4929 historiam
1019 4882 1364 4929 illustrantium
1376 4882 1391 4940 1
1404 4879 1655 4926 continens

1707 3452 1921 3501 tionibus
1939 3454 2204 3502 Iustiniani
2223 3455 2534 3503 insertarum.
2566 3455 2757 3503 Sect.1.
2786 3459 2837 3500 et
2860 3456 2909 3502 2.
2942 3455 3067 3515 Lips.

1724 3512 1863 3562 1807.
1884 3514 1931 3563 4.
1947 3541 2001 3550 -
2018 3520 2096 3565 W
2094 3517 2261 3566 enckii
2278 3518 2507 3566 vacarius
2528 3531 2576 3577 p.
2601 3517 2693 3566 129
2714 3540 2769 3551 -
2794 3515 2967 3565 133.-
2977 3521 3069 3566 Sa·

1720 3578 2058 3637 viqarT.111.
2086 3593 2135 3638 p.
2158 3577 2252 3628 488
2275 3604 2331 3614 -
2352 3578 2462 3627 499.
2484 3583 2543 3627 Τ.
2565 3581 2641 3626 tv.
2661 3593 2711 3639 p.
2729 3576 2794 3626 59
2811 3607 2872 3615 —
2892 3578 2974 3628 58.

1787 3640 1863 3700 18)
1884 3643 2038 3688 Alex.
2081 3644 2219 3689 Am.
2241 3643 2651 3703 fayenses-cher,
2671 3644 2917 3692 Irnerius
2939 3641 3071 3698 inju-

1715 3705 1788 3751 ria
1811 3705 2053 3763 vapulans.
2075 3706 2336 3764 Groeuing.
2355 3704 2494 3754 1701.
2518 3702 2567 3753 4.
2589 3729 2644 3738 -
2671 3706 2825 3753 Com.
2850 3718 2900 3753 v.
2924 3705 3072 3759 Ryn-

1710 3766 1966 3814 kershoek
1994 3766 2138 3814 diatr.
2161 3770 2220 3814 de
2240 3775 2436 3817 auctore
2460 3767 2803 3816 auctoribusve
2821 3765 3073 3813 authenti·

1712 3840 1879 3876 carum
1935 3828 2074 3886 (Opp.
2121 3833 2286 3878 omnia
2323 3833 2382 3880 Il.
2427 3843 2477 3889 p.
2519 3828 2581 3878 49
2621 3829 2771 3886 sqq.).
2814 3826 3072 3883 Ejusdem

1710 3890 1963 3939 contentio
1991 3891 2227 3940 litteraria
2254 3907 2367 3943 cum
2389 3896 2456 3941 A.
2481 3895 2549 3939 A.
2568 3889 2995 3950 Paqenstecltero
3016 3892 3072 3937 et

1709 3954 1914 4012 praefat.
1935 3954 2066 4001 Libri
2089 3955 2321 4012 singular.
2336 3958 2398 4003 sd
2419 3957 2472 4002 1..
2495 3953 2544 4001 9.
2567 3957 2624 4000 D.
2653 3950 2720 3997 de
2742 3952 2855 4011 [090
2869 3949 3072 3999 Rhodia

1704 4017 1942 4072 dejaccu
1964 4017 2101 4073 (ibid.
2121 4029 2170 4075 p.
2194 4015 2253 4066 61
2277 4045 2335 4056 -
2350 4014 2476 4074 75.).
2498 4014 2774 4071 (Historiam
2797 4013 3073 4061 eontentio·

1706 4079 1783 4125 nis
1805 4079 1946 4136 hujus
1968 4080 2229 4125 litterariae
2254 4084 2316 4128 de
2335 4078 2727 4126 authenticarum
2749 4081 2946 4122 auctore
2967 4075 3075 4121 bre·

1708 4142 1833 4187 viter
1848 4142 2067 4200 exposuit
2083 4141 2605 4203 Spanqenheryssint.
2624 4142 2718 4184 etc.
2744 4149 2790 4195 p.
2814 4137 2924 4185 133.
2938 4136 3071 4196 134.)

1714 4227 1770 4236 -
1790 4202 2069 4251 menet-ld.
2092 4206 2118 4259 ς
2136 4200 2184 4249 5.
2210 4204 2560 4263 6.-8αυ191υ·
2580 4201 2639 4247 Τ.
2662 4198 2744 4246 W.
2765 4212 2814 4259 p.
2837 4198 2969 4251 47-
2994 4198 3073 4249 49.

1776 4264 1854 4322 19)
1890 4265 2228 4320 Zepernickii
2261 4266 2420 4326 praet.
2461 4264 2598 4311 laud.
2647 4275 2697 4323 p.
2742 4264 2843 4311 XVI
2874 4275 2984 4324 sqq.
3015 4286 3078 4297 --

1712 4327 1903 4374 Scherz
1935 4329 1969 4372 l.
1993 4328 2026 4372 l.
2049 4340 2097 4385 p.
2127 4325 2190 4375 57
2213 4342 2315 4388 sqq.
2340 4353 2397 4364 —
2422 4327 2617 4376 Bienor
2635 4327 2672 4374 l.
2697 4324 2740 4372 1.
2762 4330 2788 4385 ς
2809 4324 2872 4375 1⁴
2914 4350 2970 4360 --
2996 4322 3076 4373 to.

1716 4411 1772 4422 -·
1804 4388 2036 4448 Saviynr
2057 4390 2116 4434 T.
2139 4392 2220 4438 lll.
2240 4404 2289 4450 p.
2314 4387 2402 4438 491
2428 4415 2485 4426 -
2506 4389 2618 4440 493.

1776 4449 1859 4507 20)
1879 4454 2070 4498 Baener
2088 4451 2121 4497 l.
2147 4455 2181 4499 1.
2202 4458 2244 4513 ς.
2277 4454 2356 4501 12.

1774 4511 1855 4570 21)
1873 4516 1931 4560 v.
1972 4513 2202 4573 Saviyar
2242 4516 2292 4562 in
2329 4515 2533 4576 Huqo’s
2579 4517 2674 4565 civ.
2712 4516 2841 4575 Hsg.
2872 4517 2933 4565 ill
2950 4548 2966 4573 ‚
2999 4508 3080 4559 1⁴·

1712 4588 1762 4688 g.
1786 4575 1879 4687 {32
1895 4587 2086 4686 sqqig—
2109 4578 2301 4626 Biener
2332 4580 2369 4627 i.
2390 4578 2427 4626 l.
2444 4581 2474 4639 ς
2490 4578 2554 4626 22
2579 4604 2636 4615 -
2665 4576 2749 4628 25.
2772 4604 2831 4614 -
2849 4574 3086 4637 Savium*

1760 4680 1770 4687 .
1861 4674 1874 4689 .
1893 4651 1942 4699 p.
2049 4650 2157 4701 sqq.

2330 4730 2358 4786 S
2389 4727 2467 4778 18.

1777 4812 1835 4871 (⁸)
1855 4815 1932 4861 De
1949 4812 2182 4875 sanim·
2196 4817 2254 4864 Τ.
2273 4818 2352 4865 ili.
2373 4831 2422 4878 p.
2444 4816 2541 4866 888
2575 4846 2634 4854 -
2663 4815 2777 4868 496.
2801 4815 2857 4877 (c
2867 4827 2950 4876 sp.
2965 4810 3091 4859 xxtt

1718 4876 2086 4937 Rechtsquellen
2106 4878 2193 4927 der
2213 4880 2560 4941 Glossatoren.)

2737 4972 2771 5027 4
