3544 5506
960 354 1074 397 CA?
1137 354 1227 397 vl.
1267 354 1345 397 DE
1381 351 1828 395 succtsslomnt
1868 352 2324 395 unumunurm.
2968 342 3080 400 687

263 465 714 525 commodavit.
764 461 1140 524 Exheredati
1182 465 1263 522 ad
1302 465 1474 522 hane
1509 464 1833 522 bonorum
1870 462 2331 536 possessionem
2372 477 2502 521 non
2545 460 3073 541 admittuntur⁸)‚

265 565 414 623 iicet
435 607 453 639 ,
483 581 603 637 per
621 560 816 623 alium
831 566 1172 625 commisso
1195 561 1407 624 edicto
1424 609 1441 640 ,
1460 566 1542 622 ab
1563 565 1921 636 eodemque
1948 564 2287 636 impetrata
2313 564 2630 621 bonorum
2655 568 3074 637 possessione,

266 660 404 718 sseri
438 660 667 733 possit,
702 667 776 718 ut
798 662 987 720 etiam
1017 661 1444 720 exheredatus
1475 667 1725 733 partem
1754 659 2055 732 accipiat,
2094 674 2263 732 quae
2299 660 2381 716 ab
2422 654 2730 719 intestato
2756 662 2837 719 ad
2865 663 3073 735 ipsum

264 766 407 819 erat
432 767 819 834 perventura
840 765 867 803 ⁶
887 759 904 835 )
924 805 941 836 ,
966 768 1104 819 tum
1129 776 1390 834 quoque
1408 806 1425 837 ,
1458 761 1507 820 si
1530 760 1854 818 institutus
1886 761 2072 819 heres
2097 762 2453 832 praeterito
2489 759 2613 819 filio
2651 769 2853 821 totam
2878 781 3070 836 prae-

264 855 425 913 stitit
446 857 866 915 hereditatem
885 857 1034 930 ,iure
1056 864 1288 915 contra
1315 858 1563 915 tabulas
1595 858 1912 915 bonorum
1947 856 2357 928 possessionis
2379 857 2469 929 ⁷).
2502 860 2928 931 caeteroquin
2960 876 3076 932 per

266 963 500 1014 contra
526 957 778 1015 tabulas
801 958 1118 1015 bonorum
1147 956 1609 1029 possessionem
1627 972 1756 1013 non
1781 955 2075 1022 efficitur,
2099 963 2171 1013 ut
2188 958 2270 1014 ab
2290 956 2592 1014 intestato
2620 953 3074 1034 succedatur-⁸),

266 1066 482 1124 neque
510 1051 575 1109 in
602 1059 809 1110 totum
836 1054 1090 1111 corruit
1105 1051 1384 1110 rescissis
1413 1053 1669 1110 tabuiis.
1703 1052 2112 1110 Sustinentur
2134 1052 2306 1110 enim
2330 1047 2679 1124 pupillares
2704 1050 3011 1111 tabuiae⁹
3028 1055 3074 1131 )‚

264 1151 553 1225 itemque
583 1159 873 1211 tutorum
899 1148 1191 1211 dationes
1204 1149 1285 1223 ¹⁰)
1306 1195 1322 1221 ‚
1347 1158 1413 1211 et
1441 1153 1648 1224 tegata
1673 1152 2055 1224 quibusdam
2086 1150 2374 1223 personis
2399 1151 2621 1210 relicta
2638 1150 2699 1225 ιι)
2719 1193 2735 1219 ,
2769 1152 2809 1210 i.
2841 1168 2897 1210 e.
2929 1169 3078 1212 cum

266 1266 435 1323 quae
462 1252 836 1325 parentibus
865 1260 929 1311 et
950 1254 1165 1311 liberis
1187 1248 1284 1324 ¹²),
1313 1252 1421 1325 qui
1447 1252 1705 1325 quidem
1725 1253 1838 1324 ipsi
1858 1267 1987 1309 non
2009 1250 2476 1322 impugnabunt
2499 1257 2958 1310 testamentum
2977 1252 3072 1321 ¹³),

267 1351 407 1404 tum
438 1363 515 1405 ea
540 1391 556 1418 ,
604 1365 772 1421 quae
815 1349 1027 1418 uxori,
1076 1347 1394 1421 nuruique
1438 1348 1603 1406 dotis
1647 1347 1906 1405 nomine
1948 1342 2518 1419 relinquuntur¹⁴).
2568 1349 2903 1406 Caeterum
2949 1350 3077 1407 suis

267 1460 530 1519 quoque
552 1444 919 1518 heredibus,
944 1448 1145 1522 iisque
1174 1443 1534 1521 praeteritis
1554 1494 1569 1520 ‚
1596 1448 1704 1520 qui
1730 1454 1957 1504 contra
1983 1447 2234 1504 tabulas
2261 1448 2582 1505 bonorum
2609 1449 3075 1519 possessionem

266 1551 521 1617 petunt,
550 1547 762 1620 aliqua
790 1562 866 1606 ex
890 1555 1070 1620 parte
1083 1547 1283 1605 veteri
1302 1547 1451 1620 jure
1473 1546 1564 1604 uti
1593 1546 2009 1618 permittitur,
2033 1545 2344 1618 siquidem
2358 1541 2719 1617 conjunctis
2743 1554 3075 1618 praestare

269 1641 481 1713 legata
523 1642 813 1716 personis
844 1638 1103 1701 minime
1139 1643 1226 1700 illi
1270 1657 1533 1700 necesse
1573 1640 1880 1699 habent¹³
1906 1641 1948 1712 ).
1997 1642 2157 1719 Quin
2195 1641 2388 1699 etiam
2433 1641 2742 1710 obtinuit,
2788 1648 2861 1697 ut
2903 1642 3072 1700 idem

268 1742 676 1815 emancipato
706 1758 964 1837 quoque
990 1742 1209 1811 fratri,
1239 1742 1577 1815 eidemque
1608 1741 1994 1814 praeterito,
2039 1743 2374 1815 prodesset
2404 1742 2511 1815 jus
2541 1738 2643 1814 ¹⁰).
2678 1739 2841 1800 Fieri
2879 1742 3074 1800 etiam

270 1848 519 1917 potest,
541 1849 616 1899 ut
644 1844 935 1902 instituto
958 1844 1322 1901 necessario
1362 1842 1587 1900 heredi
1615 1842 1777 1917 (sive
1806 1840 1970 1899 civili
1994 1882 2009 1908 ,
2044 1841 2175 1899 sive
2207 1840 2530 1912 praetorio
2561 1840 2710 1913 jure
2749 1839 2827 1898 sit
2854 1856 3072 1899 neces-

269 1935 512 2014 sarius)
537 1950 765 2002 contra
791 1945 1043 2001 tabulas
1068 1944 1385 2001 bonorum
1416 1942 1728 2015 possessio
1757 1942 1950 2000 detur
1968 1985 1983 2010 ‚
2008 1942 2132 1999 aiio
2161 1940 2401 2000 scilicet
2434 1941 2797 1999 necessario
2832 1936 3074 2000 herede

268 2042 625 2111 praeterito
651 2040 697 2078 ¹⁰
714 2041 804 2113 a).
839 2047 1069 2102 Contra
1095 2057 1252 2100 vero
1273 2084 1288 2109 ‚
1322 2042 1372 2099 si
1401 2041 1449 2099 is
1469 2083 1484 2108 ,
1508 2042 1616 2113 qui
1644 2041 2040 2100 necessarius
2067 2048 2198 2114 est,
2230 2038 2362 2098 sive
2391 2040 2554 2097 civiti
2577 2040 2708 2098 sive
2733 2040 3068 2112 praetorio

264 2137 440 2213 jure,
464 2139 671 2209 heres,
692 2156 729 2197 a
754 2147 937 2213 patre
957 2141 1283 2200 institutus
1304 2146 1519 2198 tamen
1543 2141 1703 2213 petit
1722 2146 1949 2198 contra
1971 2141 2221 2198 tabulas
2242 2140 2559 2197 bonorum
2586 2139 3070 2211 possessionem,

269 2239 543 2309 perinde
574 2240 765 2298 debet
785 2246 1117 2312 praestare
1148 2241 1358 2311 legata
1378 2281 1394 2307 ,
1428 2246 1621 2313 atque
1644 2240 1692 2298 si
1718 2256 1795 2298 ex
1821 2246 2095 2313 paterno
2123 2244 2511 2297 testamento
2545 2234 2801 2296 adiisset
2823 2232 3076 2297 heredi-

268 2342 471 2397 tatem
490 2340 641 2414 3nisi
661 2341 709 2399 si
726 2341 875 2414 jure
894 2356 1010 2400 suo
1040 2342 1174 2414 ipse
1202 2341 1407 2399 utitur
1425 2340 1629 2413 is,pe1·
1656 2356 1847 2414 quem
1876 2335 2297 2399 committitur
2326 2341 2627 2397 edictum.
2659 2341 2794 2415 Quo
2815 2340 3074 2411 quidem

272 2432 479 2501 sacto,
507 2435 556 2493 si
588 2452 706 2509 per
734 2453 921 2495 suum
944 2437 1249 2495 heredem
1280 2437 1705 2494 committitur
1739 2436 2020 2495 edictum
2040 2479 2057 2510 ,
2097 2436 2145 2493 is
2179 2436 2436 2508 quidem
2468 2441 2675 2491 totum
2707 2450 2892 2492 suum
2921 2434 3074 2493 reti-

270 2534 446 2592 nebit
467 2533 565 2611 jus
583 2579 598 2604 ‚
639 2537 1079 2609 emancipatus
1122 2550 1280 2595 vero
1299 2581 1315 2605 ‚
1363 2535 1662 2608 idemque
1710 2536 1899 2594 heres
1938 2530 2293 2601 institutus,
2339 2539 2566 2591 contra
2613 2533 2862 2590 tabulas
2897 2533 2960 2591 b.
3005 2549 3069 2605 p.

272 2625 595 2703 accipiens
614 2672 632 2701 ,
662 2633 1022 2706 conjunctis
1045 2628 1335 2705 personis
1357 2632 1712 2706 praestabit
1739 2633 1973 2704 legata.
2008 2626 2112 2689 Sin
2147 2646 2262 2703 per
2289 2630 2760 2701 emancipatum
2788 2629 3078 2687 commit-

269 2728 427 2789 titur
453 2731 732 2790 edictum
752 2777 768 2801 ,
795 2738 861 2790 at
883 2734 1049 2791 alter
1072 2732 1342 2791 fratrum
1362 2776 1377 2801 ,
1407 2730 1518 2805 qui
1548 2727 1809 2805 quidem
1836 2731 2161 2790 institutus
2191 2737 2288 2789 est
2317 2734 2705 2789 testamento
2724 2773 2739 2798 ,
2768 2728 2902 2787 sive
2924 2744 3076 2789 suus

269 2827 349 2884 sit
372 2827 504 2886 sive
532 2830 998 2901 emancipatus,
1033 2830 1187 2887 item
1215 2830 1375 2903 petit
1401 2836 1631 2888 contra
1662 2830 1916 2886 tabulas
1948 2827 2020 2887 B.
2055 2827 2514 2902 possessionem
2532 2868 2548 2895 ,
2572 2833 2845 2898 uterque
2867 2827 3076 2898 legata

272 2927 523 2986 solvere
553 2927 913 3005 conjunctis
942 2930 1230 3002 personis
1272 2944 1531 2988 necesse
1571 2930 1765 2987 habet
1788 2926 1889 2995 ιτ).
1932 2929 2484 3006 Quemadmodum
2523 2934 2740 2984 autem
2774 2927 3077 2984 adversus

271 3026 493 3086 matris
516 3033 970 3088 testamentum
1002 3045 1129 3086 non
1156 3031 1354 3088 datur
1382 3035 1610 3087 contra
1632 3030 1883 3086 tabulas
1912 3031 1975 3086 Β.
2012 3044 2106 3102 ρ.,
2141 3041 2276 3085 non
2308 3026 2509 3096 magis
2540 3041 2736 3097 quam
2769 3024 3076 3083 nullitatis

270 3128 538 3196 querela
565 3143 638 3185 ex
656 3128 803 3202 jure
838 3129 1071 3197 veteri,
1102 3145 1298 3203 quam
1319 3124 1651 3202 vocantffl)
1680 3144 1696 3186 t
1723 3127 1812 3185 sic
1837 3142 1957 3184 nec
1981 3122 2136 3184 iilud
2162 3123 2295 3183 fieri
2326 3124 2533 3198 potuit
2559 3118 2791 3182 veteris
2811 3123 2974 3197 juris
2992 3123 3075 3181 ab

271 3220 572 3282 intestato
616 3226 997 3284 succedendi
1039 3227 1375 3284 immutata
1415 3238 1855 3297 conversaque
1900 3223 2182 3289 ratione,
2217 3227 2290 3278 ut
2328 3236 2409 3279 ne
2450 3219 2718 3292 amplius
2761 3218 2972 3277 edicto
2993 3220 3076 3278 de

336 3422 384 3481 5)
402 3426 453 3472 L.
477 3424 525 3473 8.
550 3441 624 3485 ρι·.
648 3429 790 3476 1..10.
815 3433 841 3486 S
862 3428 910 3477 5.
934 3433 986 3477 D.
1010 3431 1061 3479 Ιι.
1085 3436 1122 3479 t.
1140 3456 1196 3465 -
1221 3434 1468 3479 Focrster
1483 3429 1642 3492 p.599
1771 3430 1849 3482 12)
1871 3432 1921 3476 1..
1946 3430 1990 3478 1.
2019 3432 2071 3477 t..
2092 3430 2141 3479 2.
2162 3432 2213 3478 L.
2238 3433 2286 3478 3.
2309 3432 2363 3478 D.
2382 3430 2643 3479 eod—Cf.
2665 3432 2717 3477 1..
2744 3429 2787 3476 1.
2808 3431 2862 3477 C.
2886 3430 2937 3477 lt.
2960 3433 2999 3475 t.

274 3498 348 3545 sq.
372 3487 415 3544 (ς
438 3487 883 3548 132.)-Auctoris
904 3496 1091 3544 contin.
1114 3506 1164 3551 p.
1188 3491 1219 3540 8
1240 3507 1315 3552 sq.
1767 3492 1846 3548 13)
1869 3496 1921 3540 t..
1946 3491 1992 3538 5.
2016 3497 2041 3548 S
2063 3495 2110 3540 2.
2134 3493 2241 3541 et4.
2268 3495 2336 3540 dc
2356 3494 2453 3554 leq.
2485 3497 2686 3552 praest.
2710 3494 2797 3538 ret.
2833 3517 2892 3526 —
2918 3496 2966 3539 t..
2993 3490 3072 3541 18.

338 3547 386 3606 6)
411 3550 461 3595 1..
501 3551 546 3598 1.
591 3554 617 3607 S
649 3551 699 3600 9.
742 3558 796 3602 D.
830 3555 878 3601 s}
915 3555 1021 3602 tab.
1057 3559 1174 3603 test.
1210 3558 1395 3604 nullae
1425 3556 1634 3605 exstab.
1698 3559 1726 3612 ς
1762 3558 1807 3602 1.
1844 3558 1898 3604 D.
1934 3554 1985 3600 Ιι.
2023 3559 2059 3602 t.
2099 3580 2157 3590 —
2190 3558 2380 3604 caeter.
2415 3557 2511 3603 vid.
2560 3559 2611 3602 t..
2651 3554 2700 3602 5.
2736 3556 2827 3610 §3-
2870 3554 2940 3603 dc
2972 3556 3072 3617 leq.

273 3610 560 3673 (xxxviii,
581 3614 666 3672 6.)
704 3641 757 3649 -
791 3617 867 3664 ct.
910 3619 963 3663 L.
988 3621 1080 3666 ult.
1125 3623 1178 3665 D.
1214 3619 1282 3666 de
1300 3619 1388 3666 tib.
1407 3622 1462 3665 et
1474 3619 1645 3675 postte.
1704 3622 1907 3674 praest.
1931 3616 2018 3664 rei.

275 3675 478 3731 (xxvm
502 3709 517 3732 ,
537 3676 605 3734 2.)
639 3679 754 3735 (vid.
777 3685 881 3727 not.
905 3682 1047 3739 seq.).
1077 3706 1138 3715 —
1172 3682 1426 3730 Auctoris
1459 3682 1644 3728 contin.
1774 3679 1849 3736 14)
1872 3683 1922 3726 t..
1950 3681 1994 3726 1.
2015 3693 2086 3738 pr.
2111 3680 2161 3726 in
2182 3679 2218 3726 f.
2244 3681 2294 3726 1..
2317 3677 2367 3727 8.
2389 3682 2415 3735 S
2437 3679 2469 3727 5
2487 3707 2548 3716 —
2569 3679 2621 3728 0.
2659 3681 2711 3726 1..
2732 3677 2782 3725 9.
2805 3680 2855 3724 1..
2883 3679 2960 3726 10.
2984 3693 3059 3738 ρι’.

273 3748 324 3796 p.
351 3734 412 3783 14
430 3749 505 3796 sq.
1708 3746 1758 3788 et
1776 3746 1802 3799 ς
1825 3741 1869 3788 1.
1895 3746 1948 3789 D.
1973 3743 2042 3789 de
2060 3743 2156 3802 leq.
2175 3747 2376 3798 praese.
2404 3745 2491 3789 rel.

336 3796 388 3847 7)
411 3799 463 3845 L.
488 3799 566 3846 20.
594 3813 666 3859 pr.
692 3804 747 3848 D.
773 3801 823 3847 Ιι.
851 3805 888 3848 l.
925 3827 985 3835 —
1018 3807 1266 3852 Fuci-ster
1284 3808 1320 3853 1.
1343 3806 1379 3852 1.
1401 3818 1449 3864 p.
1473 3804 1567 3853 400
1585 3829 1648 3842 —-
1772 3803 1851 3860 15)
1871 3806 1922 3852 L.
1953 3803 2029 3851 15.
2056 3817 2129 3861 pr.
2156 3807 2203 3851 D.
2231 3805 2298 3850 de
2310 3806 2410 3864 leq.
2428 3806 2630 3862 praest.
2654 3804 2742 3850 rel.
2768 3816 2865 3845 ιι-
2885 3829 2939 3837 -
2961 3816 3073 3852 cum

273 3858 384 3907 403.
412 3862 456 3918 (ς
477 3861 586 3909 135.
605 3860 1044 3922 134.)-11ἰ·αηο1τε
1066 3880 1112 3927 p.
1135 3866 1221 3914 141
1244 3879 1384 3927 sq.—
1397 3869 1647 3916 Auctoris
1708 3872 1757 3912 et
1777 3871 1879 3914 sine
1895 3867 1985 3912 hac
2008 3869 2024 3921 (
2049 3867 2097 3913 b.
2125 3880 2170 3924 p.
2197 3866 2555 3925 )hereditatem
2600 3866 2856 3912 habiturus
2893 3868 2955 3912 sit
2984 3879 3074 3915 suo

274 3923 459 3968 contin.
486 3937 535 3981 p.
554 3924 729 3974 9—14.
1702 3930 2183 3986 jurem—Auctoris
2203 3930 2385 3976 contin.
2411 3942 2458 3986 p.
2483 3927 2562 3974 25.

336 3982 386 4041 8)
420 3988 662 4036 Fraus-ke
693 3991 726 4035 Ι.
751 3990 785 4033 Ι.
824 4002 872 4048 ρ.
898 3989 991 4037 136
1010 4004 1116 4050 sqq.
1142 3992 1185 4049 (ς
1210 3991 1645 4049 lma-Auctoris
1772 3991 1852 4050 16)
1887 3994 1936 4038 1..
1966 3989 2041 4038 15.
2068 4004 2141 4049 pr.
2161 3992 2278 4038 eod.
2304 4002 2443 4038 vers.
2468 4003 2489 4035 .·
2513 4009 2534 4030 α
2556 3991 2695 4036 Unde
2708 3990 2748 4035 si
2766 3990 3072 4049 duo--—‚

276 4049 461 4095 contin.
484 4062 530 4106 p.
557 4049 762 4098 45-52.
1708 4057 1870 4100 verius
1891 4060 1984 4110 est,
2005 4054 2134 4112 quod
2158 4055 2342 4100 dictum
2364 4059 2454 4100 est.
2481 4069 2505 4096 n
2532 4077 2588 4086 ·-
2610 4051 2861 4099 Auctoris
2881 4054 3068 4100 contin.

338 4108 458 4166 9)1,.
479 4110 558 4158 34.
585 4115 610 4167 S
626 4113 674 4159 2.
710 4116 762 4160 D.
799 4114 866 4161 de
889 4116 959 4162 V.
976 4118 1029 4163 et
1048 4117 1108 4162 P.
1130 4117 1182 4162 S.
1208 4116 1411 4170 (xxvtn
1435 4151 1450 4173 ,
1483 4114 1553 4169 θ.)
1588 4141 1645 4150 -
1709 4129 1758 4175 p.
1784 4115 1991 4163 28—50.

278 4173 331 4219 1..
355 4170 404 4218 5.
447 4186 522 4230 pr.
568 4177 620 4222 D.
658 4175 727 4223 de
759 4178 854 4236 leq.
886 4181 1091 4235 praest.
1117 4180 1204 4225 ret.
1235 4180 1486 4236 (xxxvii,
1508 4176 1644 4235 5.)--
1776 4177 1886 4235 toa)
1922 4180 1971 4225 1..
1996 4179 2088 4233 ἃς
2113 4178 2189 4222 11.
2212 4180 2264 4224 D.
2287 4178 2339 4225 Ιι.
2365 4181 2402 4223 t.
2420 4201 2481 4211 —
2505 4192 2531 4219 tt
2553 4174 2701 4223 viane
2723 4177 2762 4221 si
2786 4176 2911 4221 atius
2938 4188 3071 4223 com·

274 4235 460 4280 caeter.
484 4238 550 4282 ct.
578 4238 626 4282 1..
652 4238 732 4283 22.
758 4240 812 4285 D.
835 4239 904 4286 de
926 4241 995 4287 V.
1011 4243 1065 4286 ct
1080 4241 1143 4286 P.
1166 4241 1219 4286 S.
1236 4260 1296 4272 —
1320 4242 1371 4287 t..
1390 4240 1438 4287 2.
1476 4253 1551 4298 pr.
1586 4241 1641 4286 D.
1708 4240 1875 4287 mittat
1916 4243 2129 4287 edictum
2152 4242 2321 4298 etipse
2358 4241 2420 4286 ad
2458 4251 2503 4286 c.
2528 4245 2564 4287 t.
2591 4238 2942 4299 possessionem
2981 4240 3071 4286 ad-

274 4295 342 4343 dc
360 4297 466 4354 lu's,
484 4309 628 4356 quae
648 4304 710 4346 ut
730 4300 933 4361 indiqu.
957 4301 1161 4350 (xxxiv
1176 4336 1191 4363 ,
1209 4301 1280 4361 9.)
1302 4327 1363 4337 —
1396 4302 1646 4351 Auctoris
1708 4304 1990 4349 mittetur.»

274 4362 461 4406 contin.
483 4373 531 4417 p.
556 4360 616 4407 18
635 4374 707 4420 sq.
1771 4364 1849 4412 17)
1883 4366 1959 4411 Ct'.
1983 4366 2112 4411 inter
2133 4375 2185 4409 se
2204 4365 2256 4410 t..
2282 4361 2359 4410 15.
2382 4365 2408 4420 ς
2430 4364 2474 4408 1.
2498 4363 2550 4408 1..
2571 4362 2652 4410 16.
2675 4362 2855 4409 eod.—-
2872 4364 3068 4410 Aucto-

338 4422 418 4476 10)
438 4424 692 4470 foer-ster
712 4426 747 4470 i.
769 4425 802 4470 1.
824 4438 872 4484 p.
895 4424 1008 4473 598.
1709 4427 1783 4474 ris
1805 4429 1986 4474 contin.
2029 4427 2258 4473 xxxvii.
2283 4439 2330 4483 p.
2354 4425 2410 4472 31
2437 4438 2543 4484 sqq.
2571 4428 2651 4472 ubi
2674 4431 2724 4471 et
2746 4424 3067 4483 disquiritur,

340 4482 416 4540 11)
441 4486 544 4542 Dig.
567 4487 813 4541 (xxxvii,
839 4486 907 4545 5.)
928 4490 997 4535 de
1028 4488 1212 4547 [effatis
1229 4488 1574 4546 praestandis
1591 4499 1642 4535 c.
1707 4490 1825 4548 quid
1849 4489 2047 4544 sitJuris
2058 4499 2169 4534 cum
2191 4488 2458 4535 secundum
2483 4490 2669 4535 tabutas
2692 4488 2942 4533 institutus
2956 4499 3068 4533 con·

277 4545 313 4591 t.
337 4545 596 4593 bonorum
612 4550 946 4604 possessione
958 4551 1144 4608 petita.
1175 4575 1237 4586 --
1269 4551 1378 4598 vid.
1405 4552 1460 4597 J.
1484 4552 1542 4597 F.
1578 4550 1647 4597 de
1709 4557 1780 4597 tra
1803 4564 1919 4598 vero
1940 4551 2128 4596 tabulas
2149 4551 2439 4607 praeteritus
2465 4551 2680 4597 succedit
2700 4548 2839 4595 heres
2875 4550 2936 4594 de
2972 4560 3069 4607 quo

276 4608 433 4655 Retes
450 4611 511 4654 ad
533 4609 585 4656 b.
609 4615 644 4656 t.
668 4613 989 4664 <Meet-mxl.
1014 4626 1061 4671 ρ.
1079 4611 1650 4672 506sqq.).—Foerster
1709 4614 1808 4660 vid.
1832 4615 1881 4659 1..
1907 4610 1984 4658 14.
2011 4614 2064 4658 D.
2090 4613 2211 4659 cod.

274 4670 309 4715 Ι.
335 4670 367 4716 Ι.
394 4684 441 4729 p.
467 4668 737 4719 405-460.
761 4698 824 4707 --
847 4677 1142 4725 Bluntscltli
1163 4679 1192 4722 Ι.
1217 4679 1251 4723 Ι.
1276 4689 1328 4733 p.
1343 4673 1550 4721 90—96.
1586 4698 1647 4708 -
1774 4672 1851 4731 18)
1886 4677 1936 4721 t..
1961 4673 2010 4722 4.
2033 4674 2126 4731 39.
2149 4678 2201 4721 D.
2225 4675 2274 4721 Ιι.
2295 4675 2400 4720 1.-
2425 4676 2476 4721 1..
2502 4671 2578 4720 15.
2599 4673 2652 4719 C.
2677 4672 2746 4721 dc
2767 4671 2914 4729 inoff.
2942 4675 3064 4720 test.

275 4733 520 4781 ancke
545 4747 594 4791 ρ.
621 4733 711 4781 145
734 4748 840 4796 sqq.
865 4740 907 4793 (S
930 4739 1048 4794 13.).
1085 4764 1145 4772 -
1179 4736 1435 4786 AuctorIs
1454 4739 1643 4784 contin.
1708 4738 1808 4799 (nt,
1831 4736 1930 4793 28.)
1964 4762 2025 4771 -
2061 4738 2290 4789 Dissent..
2314 4738 2442 4796 quod
2462 4737 2659 4796 quidem
2680 4736 2740 4782 ad
2757 4736 2838 4791 jus
2861 4737 3067 4782 novissi-

277 4805 326 4850 p.
347 4793 408 4841 20
426 4819 481 4829 —-
498 4793 580 4843 50.
618 4816 682 4829 -·-
715 4801 775 4845 At
798 4812 896 4846 non
916 4803 1046 4848 ultra
1068 4802 1255 4848 viritem
1276 4805 1466 4859 partem
1489 4801 1646 4857 legata
1709 4813 1845 4847 mum
1865 4801 2042 4846 attinet
2066 4833 2081 4856 ,
2110 4799 2259 4846 Koch
2282 4801 2332 4845 Β.
2354 4800 2406 4844 P.
2431 4810 2478 4857 ρ.
2514 4798 2599 4845 131
2623 4810 2697 4855 sq.
2718 4802 2766 4842 et
2789 4811 2837 4856 p.
2860 4795 2971 4844 345.
3010 4822 3065 4830 -

275 4857 553 4912 conjunctis
573 4862 792 4916 personis
809 4863 1210 4914 dommum—Gt.
1231 4866 1284 4912 L.
1302 4860 1354 4912 0.
1377 4862 1429 4911 L.
1448 4858 1499 4909 7.
1525 4864 1577 4909 1..
1594 4859 1647 4910 8.
1710 4865 1771 4909 At
1795 4862 1894 4908 vid.
1918 4862 2168 4909 Auctoris
2180 4862 2366 4909 contin.
2391 4862 2573 4910 xxxv.
2596 4871 2646 4919 p.
2669 4857 2761 4907 184
2773 4872 2847 4919 sq.
2862 4864 2965 4908 not.
2987 4856 3068 4907 10.

277 4929 353 4975 pr.
376 4919 467 4974 91.
489 4924 539 4967 et
557 4921 605 4968 Β.
626 4921 742 4970 eod.
1711 4925 1940 4984 xxxvii.
1965 4937 2014 4983 p.
2039 4923 2102 4973 152
2124 4936 2199 4984 sq.
