3544 5506
517 331 629 391 126
1421 345 1575 389 raas
1613 345 1755 390 esu.
1797 344 1915 391 un.
1955 343 2028 388 11.
2069 343 2146 388 ns
2182 344 2456 393 sumnus.

517 461 766 520 solvere
809 459 1234 532 compelletur
1248 453 1317 526 ὅ).
1375 459 1681 531 Idemque
1729 462 1955 531 postea
1994 457 2078 516 ad
2130 458 2222 518 rei
2252 458 2503 518 alienae
2551 459 2921 518 detentores
2949 460 3335 519 translatum

517 565 613 618 est
630 601 647 633 ,
679 558 786 632 qui
804 558 1059 632 quidem
1078 571 1210 616 non
1239 557 1412 614 ultro
1437 558 1777 615 restituant
1805 557 2074 616 dominis
2100 572 2204 616 res
2229 598 2244 624 ‚
2275 558 2452 632 justo
2479 562 2775 631 tempore
2800 572 2908 616 eas
2937 572 3333 631 recuperare

515 658 873 717 volentibus
898 653 965 731 ⁴).
1018 658 1192 714 Aliud
1223 657 1416 715 etiam
1434 657 1582 730 jure
1618 658 1943 730 pontificio
1973 663 2416 731 comparatum
2450 665 2549 717 est
2590 658 2894 717 auxilium
2918 657 2977 716 ei
3002 697 3026 727 ,
3051 658 3162 731 qui
3195 659 3331 731 pri-

514 762 665 814 vato
700 756 964 815 arbitrio
1002 756 1192 814 rebus
1215 757 1378 824 suis,
1409 757 1510 814 vel
1534 756 1786 830 juribus
1814 758 2065 815 exuitur
2104 753 2187 833 ⁶);
2234 762 2472 816 vocant
2523 757 2878 815 remedium
2917 756 3121 829 spolii.
3174 758 3335 830 Spo-

519 852 707 911 liatus
734 853 926 925 igitur
950 853 1033 909 ad
1062 852 1400 921 pristinum
1424 859 1660 911 statum
1705 855 2220 926 recuperandum
2268 859 2333 912 et
2370 852 2690 912 actionem
2737 852 2929 910 habet
2955 894 2971 920 ,
3006 865 3154 909 cum
3177 866 3334 910 con-

517 958 615 1009 tra
646 952 1028 1025 spoliantem
1054 994 1070 1023 ,
1115 958 1253 1009 tum
1283 958 1512 1011 contra
1538 953 1804 1011 tertium
1836 954 1930 1012 rei
1957 968 2382 1027 possessorem
2414 954 2596 1027 spolii
2639 948 2999 1012 conscium⁶
3024 951 3043 1023 )
3069 968 3087 1025 3
3133 957 3201 1010 et
3222 967 3333 1011 ex-

517 1047 917 1123 ceptionem,
963 1048 1026 1104 in
1076 1048 1359 1106 civilibus
1406 1048 1664 1120 quidem
1720 1049 1925 1107 causis
1968 1050 2102 1122 ipse
2131 1049 2499 1122 spoliatori,
2552 1050 2617 1107 in
2659 1044 3090 1107 criminalibus
3129 1062 3284 1106 vero
3310 1091 3326 1120 ,

514 1147 827 1219 siquidem
856 1149 955 1206 vel
1010 1154 1144 1205 tota
1190 1148 1507 1207 bonorum
1553 1148 1906 1207 substantia
1927 1190 1944 1217 ‚
1973 1150 2073 1208 vel
2125 1149 2370 1223 majore
2406 1162 2633 1207 eorum
2665 1153 2846 1221 parte
2883 1161 2951 1205 se
2991 1145 3331 1219 spoliatum

517 1245 831 1322 affirmat,
878 1244 1073 1305 cuivis
1124 1248 1484 1307 accusatori
1522 1246 1946 1321 objiciendam
1980 1246 2047 1323 ⁷).
2123 1252 2338 1321 Neque
2379 1264 2536 1308 vero
2582 1247 2754 1306 hisce
2811 1245 3182 1319 pontificum
3217 1246 3330 1305 de-

514 1344 706 1402 cretis
731 1345 1021 1401 sublatae
1049 1356 1186 1402 esse
1214 1343 1414 1401 videri
1439 1350 1699 1416 possunt
1731 1359 2002 1418 poenae,
2026 1344 2174 1421 jure
2216 1344 2383 1404 civili
2415 1344 2488 1403 iis
2514 1344 2920 1416 constitutae,
2946 1343 3055 1416 qui
3080 1342 3328 1402 sibimet

514 1442 630 1515 ipsi
653 1442 757 1516 jus
784 1442 1000 1501 dicant
1041 1438 1117 1515 ⁸).

1371 1620 1397 1693 ς
1424 1624 1553 1678 155.
1594 1622 2000 1692 Exceptiones
2029 1626 2492 1694 proponuntur.

596 1800 809 1869 Neque
852 1812 1007 1856 vero
1031 1793 1294 1854 omnino
1343 1803 1522 1855 caret
1560 1796 2035 1870 exceptionibus
2090 1798 2361 1868 haecce,
2403 1812 2598 1872 quam
2638 1795 3318 1865 commemoravimus,

516 1894 743 1965 privati
766 1892 1006 1950 arbitrii
1035 1892 1400 1964 prohibitio.
1449 1896 1597 1950 Nam
1625 1897 1650 1951 1
1681 1894 1699 1965 )
1734 1901 1912 1951 recta
1947 1909 2278 1967 possumus
2303 1894 2402 1951 via
2425 1937 2442 1965 ,
2478 1895 2741 1966 ipsoque
2771 1891 2994 1952 nostro
3027 1892 3199 1950 facto
3214 1890 3321 1964 ius

517 2000 809 2050 nostrum
841 1993 1135 2065 persequi
1169 1994 1489 2050 interdum
1515 2008 1589 2051 ac
1618 1993 1990 2053 defendere.
2037 1998 2188 2052 Nam
2238 2000 2308 2051 et
2345 1993 2469 2049 vim
2513 1996 2571 2051 vi
2617 1994 2927 2064 repellere
2959 1992 3105 2049 licet
3138 1988 3205 2064 ¹),
3256 1995 3321 2047 et

512 2107 709 2164 opus,
740 2093 912 2164 quod
949 2093 1089 2164 quis
1119 2092 1178 2149 in
1208 2097 1427 2151 nostro
1456 2093 1592 2150 sine
1615 2093 1764 2166 jure
1799 2094 2046 2167 posuit,
2076 2089 2451 2151 destruere²
2472 2091 2491 2166 )
2512 2135 2527 2162 ‚
2563 2100 2627 2150 et
2651 2092 2899 2166 justitio
2929 2135 2944 2161 ,
2999 2092 3040 2147 i.
3067 2105 3128 2149 e.
3154 2089 3319 2162 Juris

505 2187 1018 2261 judiciorumque
1072 2190 1425 2248 cessatione
1452 2185 1523 2263 ³),
1575 2190 2078 2265 interveniente,
2131 2188 2567 2248 adversarium
2595 2230 2611 2258 ,
2655 2194 2728 2245 ut
2775 2189 2856 2244 ab
2902 2185 3130 2259 injuria
3163 2199 3320 2256 erga

511 2299 629 2341 nos
662 2284 923 2342 desistat
967 2300 1201 2356 cogere
1235 2282 1302 2357 ⁴),
1355 2292 1419 2343 et
1451 2286 1725 2343 debitori
1765 2285 2027 2361 fugienti
2056 2286 2390 2358 pecuniam
2417 2327 2434 2358 ,
2492 2299 2685 2356 quam
2721 2298 2938 2341 secum
2970 2281 3151 2350 tulit,
3207 2296 3323 2338 au-

509 2380 679 2438 serre
716 2377 786 2453 ⁵),
830 2386 894 2437 et
923 2381 1046 2437 alia
1070 2383 1407 2452 complura
1438 2382 1649 2439 facere
1676 2424 1694 2455 ,
1720 2382 1802 2439 de
1827 2381 2054 2453 quibus
2079 2380 2231 2438 nihil
2282 2381 2384 2436 hic
2408 2379 2639 2437 attinet
2666 2380 2883 2437 dicere
2912 2377 2979 2450 ⁶).
3039 2378 3331 2434 Praeter-

508 2493 586 2533 ea
620 2476 682 2546 2)
727 2476 977 2534 occulta
1007 2476 1198 2533 etiam
1250 2483 1425 2549 patet
1456 2477 1636 2534 nobis
1663 2477 1826 2550 juris
1852 2478 2050 2535 nostri
2075 2477 2500 2549 persequendi
2531 2477 2630 2532 via
2655 2491 2730 2533 ac
2758 2474 2924 2532 ratio
2944 2517 2960 2544 ,
2993 2489 3118 2546 qua
3147 2473 3330 2529 velut

508 2575 633 2631 vim
658 2574 982 2632 inserimus
1012 2575 1208 2632 menti
1233 2576 1613 2644 adversarii,
1651 2591 1929 2648 eumque
1963 2577 2084 2635 hoc
2108 2577 2299 2634 modo
2324 2575 2609 2648 cogimus
2633 2621 2649 2647 ,
2683 2581 2756 2631 ut
2785 2581 2899 2631 aut
2927 2587 3116 2631 causa
3136 2569 3330 2629 nobis

510 2675 732 2743 cedat,
780 2681 893 2731 aut
943 2675 1069 2732 alia
1103 2676 1349 2733 ratione
1392 2677 1504 2733 sibi
1548 2683 1767 2734 nostra
1815 2677 2196 2734 auctoritate
2241 2682 2594 2748 nostroque
2629 2674 2893 2732 arbitrio
2939 2674 3142 2744 legem
3199 2670 3328 2728 dici

511 2771 814 2842 patiatur.
850 2775 985 2848 Quo
1017 2772 1080 2830 in
1107 2788 1340 2844 genere
1367 2773 1650 2850 inprimis
1673 2779 1820 2830 sunt
1846 2781 1978 2831 tum
2012 2772 2111 2850 jus
2136 2773 2508 2832 retentionis
2531 2813 2549 2839 ‚
2577 2777 2648 2828 ut
2678 2777 2943 2841 vocant,
2968 2776 3106 2827 tum
3129 2766 3327 2841 juris-

502 2867 760 2939 J‘urandi
791 2868 1047 2926 delatio.
1103 2872 1171 2926 Et
1197 2872 1278 2927 de
1310 2871 1415 2928 illo
1448 2885 1619 2927 nunc
1654 2869 2007 2927 videbimus
2032 2887 2050 2944 ς
2078 2871 2158 2927 de
2188 2869 2309 2927 bac
2334 2883 2486 2927 vero
2515 2867 2912 2926 commodior
2935 2863 3186 2922 dicendi
3221 2862 3319 2919 in-

510 2964 605 3022 fra
634 2965 689 3038 (§
724 2965 1108 3043 15‘2.).nobis
1139 2970 1394 3027 dabitur
1422 2971 1621 3028 locus·

1483 3148 1508 3221 §
1540 3151 1669 3206 136.
1708 3150 1828 3205 Jus
1865 3149 2225 3205 retentionis
2256 3149 2348 3218 (⁴²).

586 3308 880 3370 Retinere
905 3309 954 3371 is
977 3315 1331 3385 generatim
1362 3315 1596 3375 dicitur
1618 3358 1637 3392 ,
1668 3315 1780 3391 qui
1822 3315 2128 3374 creditori
2156 3313 2497 3373 dominove
2543 3325 2613 3372 se
2637 3351 2656 3381 ,
2680 3309 2859 3385 quod
2907 3305 3183 3366 vicissim
3228 3302 3322 3361 illi

569 3479 619 3536 ὅ)
644 3482 697 3529 1..
719 3483 772 3531 7.
793 3487 847 3532 C.
873 3488 1018 3535 unde
1041 3488 1108 3534 vi.
1131 3490 1286 3548 (vlll,
1309 3487 1357 3536 4.
1379 3491 1394 3547 )
1417 3514 1473 3522 ——
1496 3490 1606 3547 (cf.
1626 3490 1676 3536 1..
1697 3488 1747 3538 5.
1772 3490 1868 3538 Th.
1935 3494 1984 3536 et
1999 3491 2051 3536 L.
2072 3488 2122 3536 5.
2148 3495 2197 3535 et
2211 3488 2258 3538 4.
2282 3491 2333 3536 C.
2353 3488 2423 3536 de
2441 3488 2696 3538 siccariis.
2718 3489 2819 3546 (lx,
2848 3483 3148 3543 16.)-J.A.
3165 3480 3327 3527 Hell-

504 3545 557 3590 C.
581 3543 741 3605 eod.).
766 3572 825 3580 -
847 3547 932 3603 86.
961 3553 997 3597 l.
1020 3550 1299 3598 deinterd.
1932 3551 2047 3605 feld
2064 3554 2119 3598 1).
2153 3552 2213 3598 de
2246 3555 2456 3599 violenta
2497 3564 2664 3599 rerum
2699 3556 2977 3597 nostrarum
3014 3545 3321 3593 defensione

567 3605 615 3664 4)
639 3608 689 3654 ι..
713 3607 793 3656 54.
817 3613 869 3658 c.
897 3613 994 3660 loc.
1031 3614 1188 3661 cond.
1215 3615 1341 3673 (ιν,
1362 3611 1441 3661 05.
1463 3616 1477 3671 )
1500 3638 1555 3647 —
1603 3616 1656 3660 ι..
1702 3612 1780 3662 to.
1815 3618 1871 3664 c,
1936 3619 2068 3674 (opp.
2105 3617 2222 3661 min.
2249 3617 2330 3662 ur.
2354 3616 2508 3672 xxm.

505 3669 650 3715 uude
672 3674 739 3718 vi.
1999 3675 2047 3733 Ξ)
2070 3677 2120 3722 L.
2144 3675 2223 3723 29.
2245 3679 2332 3732 §¹-
2358 3678 2410 3722 1).
2433 3677 2512 3724 ad
2532 3679 2586 3724 ἱ..
2607 3674 2784 3733 Aqun.
2803 3676 2897 3726 (lx.
2912 3668 3138 3728 2.)-—ct.
3158 3670 3223 3717 1..
3235 3666 3324 3714 22.

564 3730 615 3788 5)
637 3732 874 3781 Decretal.
898 3735 976 3794 (ll,
999 3735 1097 3794 13.)
1139 3743 1190 3783 et
1210 3739 1314 3785 Lib.
1338 3739 1419 3785 vl.
1456 3738 1544 3798 (11,
1566 3736 1636 3797 5.)
1672 3741 1742 3788 de
1758 3752 1873 3789 res-
1936 3740 1962 3794 S
1983 3739 2030 3785 Ξ.
2056 3740 2110 3785 l).
2146 3739 2293 3797 quod
2309 3741 2360 3786 vi
2381 3741 2650 3787 antelam.
2673 3737 2850 3798 (ulli,
2870 3734 2973 3794 2⁴.)

505 3791 751 3845 titutione
771 3797 1136 3855 spoliatorum.
1995 3804 2046 3858 5)
2068 3803 2261 3848 Gellius
2282 3805 2337 3849 N.
2364 3804 2417 3847 Δ.
2440 3805 2541 3861 xx,
2566 3804 2609 3848 1.

563 3856 614 3913 θ)
632 3873 675 3906 c.
702 3856 776 3905 18.
804 3863 861 3907 x.
883 3861 933 3907 Ιι.
957 3866 997 3908 t.
2001 3865 2046 3922 ⁴)
2069 3866 2198 3919 Quae
2217 3866 2415 3923 quidem
2434 3877 2512 3910 res
2533 3866 2714 3910 multas
2735 3861 2883 3908 habet
2900 3858 3188 3904 cautiones.
3240 3855 3326 3900 ct.

562 3917 613 3977 7)
645 3935 690 3970 c.
717 3924 763 3969 1.
787 3925 838 3971 Ιι.
857 3927 896 3969 t.
920 3927 970 3971 in
1002 3922 1053 3971 6.
1088 3948 1144 3957 -
1167 3923 1243 3971 (ΣΙ.
1266 3925 1334 3974 de
1352 3926 1589 3988 Saviqny
1608 3930 1696 3976 das
1719 3927 1875 3974 Recht
1936 3928 1991 3972 J.
2015 3930 2082 3972 Η.
2107 3927 2368 3973 ΒοθΙιηιει·
2391 3929 2447 3973 1).
2463 3929 2524 3974 de
2544 3939 2622 3986 eo,
2641 3926 2771 3984 quod
2794 3924 2979 3979 justum
2999 3923 3075 3965 est
3089 3918 3330 3964 durante

499 3978 550 4025 d·
574 3984 778 4032 Besitzes
800 3983 915 4044 350.
1923 3990 2113 4046 justitio
2134 3989 2360 4040 (Exercit.
2388 3991 2449 4037 ad
2469 3989 2618 4036 Paud.
2639 3989 2698 4034 Τ.
2724 3988 2782 4033 tl.
2808 3987 2889 4032 Nr.
2911 3983 3091 4038 XXV).

561 4044 610 4104 8)
646 4051 695 4095 ln
710 4051 860 4096 aliam
892 4049 1184 4095 sententiam
1215 4050 1355 4096 multi
1388 4051 1579 4099 iverunt
1595 4086 1610 4109 ‚
1651 4054 1865 4100 maxime
1989 4049 2038 4108 5)
2070 4051 2123 4096 1..
2159 4050 2238 4099 10.
2285 4054 2311 4108 S
2343 4050 2420 4099 16.
2490 4053 2547 4098 l).
2599 4060 2744 4112 quae
2795 4049 2855 4095 iu
2896 4042 3085 4100 fraud·
3146 4041 3324 4091 cred·

499 4114 698 4168 propter
739 4125 783 4159 c.
820 4111 865 4158 l.
890 4109 939 4158 7.
961 4111 1041 4158 10.
1067 4113 1125 4158 X.
1149 4111 1200 4157 lt.
1226 4116 1262 4157 t.
1285 4118 1335 4158 et
1355 4124 1400 4158 c.
1427 4115 1473 4160 1.
1498 4117 1555 4160 X.
1580 4114 1648 4160 de
1669 4116 1791 4162 dolo
1811 4118 1867 4161 et
1928 4113 2104 4171 (xm,
2124 4111 2213 4168 8.)

498 4175 836 4222 contumacia
853 4175 933 4231 (ll,
962 4173 1055 4231 14.)
1070 4198 1124 4206 --
1151 4177 1209 4218 At
1230 4175 1326 4219 vid.
1347 4187 1389 4220 e.
1417 4177 1465 4221 2.
1488 4177 1540 4222 C.
1563 4177 1684 4225 xvi.
1704 4191 1789 4236 qu.
1809 4175 1860 4223 6.
1987 4175 2036 4230 6)
2058 4176 2133 4221 Cf.
2157 4178 2214 4222 J.
2240 4176 2490 4234 Claprotlt
2508 4176 2631 4221 Eint.
2653 4176 2702 4221 in
2723 4175 2823 4220 den
2845 4170 3053 4217 ordentl.
3074 4168 3327 4226 burgen-l.

501 4246 603 4280 —c.
628 4234 782 4281 18.de
797 4236 987 4293 praeb.
1006 4238 1054 4282 in
1074 4234 1238 4292 6.(ut.
1263 4234 1310 4282 4.
1335 4239 1351 4294 )
1373 4241 1420 4282 et
1436 4240 1492 4285 J.
1514 4241 1580 4285 11.
1601 4240 1861 4288 Boelemer
1927 4238 2120 4284 Process
2145 4240 2179 4284 l.
2201 4236 2278 4294 §5
2299 4237 2407 4285 -5.
2434 4262 2493 4272 —
2511 4239 2769 4284 Caeterum
2810 4234 3027 4292 pignoris
3046 4233 3332 4288 captiones

497 4292 585 4340 λιιι
605 4300 720 4344 eccl.
738 4299 869 4345 Prot.
896 4298 999 4344 Lib.
1031 4300 1084 4344 V.
1104 4299 1201 4344 Tit.
1224 4300 1387 4346 xvut.
1409 4301 1435 4354 S
1458 4299 1489 4346 5
1512 4327 1567 4333 —
1591 4303 1640 4349 6.
1662 4310 1711 4349 et
1734 4305 1857 4350 Diss.
1923 4311 1949 4346 a
1974 4300 2177 4358 privatis
2197 4301 2474 4347 bominibus
2497 4301 2656 4347 factae
2678 4301 2896 4345 Romano
2925 4296 3042 4350 jure
3080 4294 3332 4350 prohibt-

494 4359 580 4403 cit..
603 4372 647 4405 e.
674 4363 732 4406 11.
757 4362 783 4416 ς
800 4360 848 4406 5.
871 4358 920 4407 6.
948 4384 1002 4392 -
1032 4361 1108 4406 Cf.
1143 4365 1345 4407 omnino
1366 4365 1498 4420 quod
1520 4366 1695 4412 attinet
1717 4377 1860 4411 usum
1925 4367 1999 4407 tae
2033 4366 2163 4408 sunt.
2185 4362 2235 4408 1..
2259 4361 2341 4410 39.
2366 4364 2391 4417 S
2414 4363 2460 4408 1.
2482 4364 2536 4409 D.
2560 4363 2703 4408 σαὶ.
2726 4358 2909 4416 aquit.
2951 4360 2967 4414 (
2990 4360 3047 4404 lx
3063 4391 3078 4412 ,
3099 4356 3162 4402 2.
3191 4357 3211 4413 )
3263 4381 3331 4393 -—

497 4417 671 4467 horum
697 4430 1062 4480 praeceptorum
1086 4423 1398 4470 hodiernum:
1420 4426 1474 4471 C.
1498 4427 1556 4472 G.
1579 4426 1858 4474 0.(1ε1521.
1923 4425 1997 4472 Cf.
2022 4431 2073 4470 et
2096 4424 2211 4470 Nov.
2231 4422 2312 4472 52.
2334 4438 2379 4471 c.
2402 4425 2448 4471 1.
2469 4426 2718 4480 Quatenus
2736 4433 2850 4468 vero
2883 4426 3078 4480 pactum
3122 4419 3199 4464 de
3243 4421 3333 4468 in-

496 4481 591 4527 Tit.
615 4482 696 4529 52.
721 4485 812 4542 §2-
836 4487 946 4532 Ree.
966 4487 1082 4543 imp.
1102 4488 1163 4531 de
1177 4483 1315 4532 1552.
1328 4486 1425 4532 Tit.
1444 4486 1533 4543 ἃς
1555 4489 1862 4537 15.—-Boelz-
1923 4487 2186 4543 gredienda
2207 4488 2503 4546 possessione
2522 4498 2582 4532 ex
2600 4487 2653 4533 L.
2667 4485 2717 4532 ὅ.
2750 4486 2804 4530 C.
2824 4482 2894 4531 de
2907 4483 3121 4542 maor.
3149 4487 3171 4539 (
3193 4484 3334 4538 vul,

495 4546 627 4593 meri
644 4547 764 4594 Dius.
791 4549 875 4593 cit.
899 4560 944 4594 c.
984 4548 1042 4594 11.
1078 4547 1286 4606 ejusdq.
1330 4548 1417 4595 δυο
1454 4553 1575 4598 eccl.
1610 4554 1740 4599 Prot.
1764 4554 1799 4599 1.
1825 4554 1858 4598 Ι.
1926 4545 2023 4607 14.)
2063 4550 2222 4597 valcat.
2239 4583 2255 4609 ,
2293 4550 2391 4595 vid.
2416 4550 2471 4596 J.
2515 4549 2584 4595 Η.
2629 4547 2884 4596 Boehmer
2933 4547 3056 4592 Diss.
3098 4543 3122 4600 (
3144 4547 3175 4601 S
3203 4543 3330 4593 13⁴.

495 4604 571 4664 37
594 4619 764 4667 sqq.-—
780 4609 941 4658 Linde
958 4612 993 4657 l.
1015 4613 1049 4655 l.
1073 4608 1243 4728 §sq-ag.
1266 4609 1360 4658 ⁴30
1380 4625 1452 4673 sq.
1475 4615 1567 4669 ets
1592 4614 1668 4661 10.
1923 4615 2026 4659 not.
2050 4611 2095 4658 1.
2119 4612 2136 4669 )
2158 4613 2241 4658 ott.
2266 4624 2310 4658 c.
2336 4614 2374 4659 l.
2398 4612 2425 4666 ς
2449 4609 2526 4658 19.
2574 4670 2665 4719 ¹36

565 4728 609 4787 l)
633 4733 685 4781 1..
717 4737 758 4781 1.
779 4733 903 4791 327.
922 4737 978 4781 D.
997 4733 1065 4782 de
1086 4735 1212 4782 viee
1235 4734 1290 4781 υἱ
1308 4749 1444 4783 arm.
1469 4739 1628 4794 (xLlll
1643 4773 1658 4798 ‚
1675 4735 1776 4796 16.)
1798 4761 1853 4770 -
1985 4735 2047 4794 (⁸⁵)
2069 4738 2156 4782 Ge.
2179 4738 2238 4783 L.
2272 4735 2532 4783 Boeltmer·
2553 4738 2607 4782 l).
2631 4736 2691 4780 de
2706 4733 2819 4791 iure
2841 4731 3138 4779 retentionis
3180 4732 3339 4789 ejus-

496 4797 547 4841 1..
572 4795 619 4839 1.
641 4799 668 4854 ς
688 4794 766 4843 28.
789 4797 1027 4844 (ταώ-1,.
1050 4799 1141 4853 ἃς
1162 4796 1209 4843 9.
1237 4798 1390 4854 eod(
1415 4815 1437 4839 ιι
1462 4800 1546 4846 sed
1568 4801 1662 4848 hoc
1684 4800 1854 4848 confe-
1918 4810 2013 4858 que
2030 4797 2208 4846 effectu
2227 4799 2297 4855 (in
2314 4800 2457 4845 elect.
2480 4801 2579 4851 jur.
2603 4798 2735 4843 civil.
2759 4797 2818 4841 Τ.
2842 4797 2901 4843 11.
2924 4797 3005 4841 Nr.
3026 4795 3146 4840 xli.
3176 4795 3223 4852 ).
3271 4822 3340 4830 -

490 4861 626 4916 stim,
647 4872 741 4905 non
764 4873 822 4906 ex
846 4861 1117 4907 intervallo.
1140 4876 1162 4899 π
1189 4861 1207 4918 )
1248 4883 1306 4892 -
1344 4863 1396 4908 1..
1425 4862 1469 4908 1.
1506 4865 1558 4909 C.
1599 4863 1747 4910 unde
1785 4863 1855 4910 υἱ.
1917 4863 1973 4909 J.
2000 4864 2056 4910 L.
2085 4864 2181 4910 W.
2209 4863 2448 4909 Fascllus
2468 4864 2588 4918 syst.
2609 4860 2829 4907 Dat-stell.
2870 4858 2958 4904 der
2989 4856 3163 4904 Lehoe
3210 4869 3342 4906 vom

491 4924 639 4982 (vlll,
673 4920 744 4980 4.)
766 4946 826 4955 -
848 4923 901 4970 1..
924 4922 1004 4971 52.
1025 4923 1051 4977 ς
1085 4924 1131 4971 1.
1157 4925 1213 4971 D.
1234 4924 1312 4971 ad
1325 4925 1381 4972 L.
1408 4925 1586 4985 Aquil.
1630 4927 1745 4984 (lx,
1762 4924 1813 4972 2.
1837 4931 1853 4981 )
1918 4924 2383 4973 Retentionsrecbte.
2409 4925 2542 4970 ualle
2565 4920 2705 4969 1795.
2728 4919 2776 4968 8.
