3544 5506
445 301 552 355 234

443 430 655 482 autem
685 417 953 498 injuriae
979 434 1214 492 genere
1241 425 1674 491 conqueratur
1706 425 1888 476 actor
1911 461 1927 488 ‚
1962 432 2077 490 per
2106 410 2173 475 s'e
2204 420 2461 490 quidem
2486 419 2637 476 nihil
2668 418 2896 487 refert,
2942 421 3079 480 sive
3108 423 3245 495 ipse

444 520 556 577 sibi
591 520 825 580 habere
859 517 1012 576 velit
1041 529 1178 574 rem
1199 561 1215 585 ,
1257 521 1370 576 aut
1400 520 1598 574 totam
1622 521 1735 573 aut
1767 514 1906 589 ejus
1932 519 2209 586 partem,
2253 514 2302 572 is
2329 529 2476 573 cum
2504 530 2635 587 quo
2663 516 2872 586 agitur
2890 559 2907 585 ‚
2936 518 3063 575 sive
3097 534 3248 590 pro-

444 619 715 678 hibuerit
739 623 985 675 tantum
1007 659 1022 684 ‚
1051 631 1178 687 quo
1205 614 1415 673 minus
1444 630 1514 672 re
1537 629 1652 672 sua
1678 614 1974 674 dominus
2006 609 2205 671 libere
2227 614 2318 671 uti
2346 612 2602 687 possit9)
2630 658 2647 675 .
2684 616 2964 688 itemque
2993 618 3126 675 sive
3153 619 3247 675 vis

444 714 716 772 adhibita
744 714 822 770 sit
840 753 856 778 ‚
901 712 1032 770 sive
1061 726 1218 779 non,
1241 726 1317 769 ac
1346 727 1426 769 ne
1458 710 1610 770 illud
1635 711 1892 782 quidem
1914 753 1930 780 ‚
1968 708 2149 768 iactis
2179 710 2452 767 admissa
2473 710 2551 767 sit
2579 711 2900 783 turbatio,
2925 726 3005 769 an
3036 714 3244 771 verbis

443 817 715 868 tantum.
759 813 910 867 Nam
960 802 1315 880 generatim
1362 822 1444 868 eo
1490 806 1867 866 continetur
1915 806 2104 878 hujus
2141 806 2457 864 interdicti
2505 805 2992 866 fundamentum
3012 852 3026 876 ‚
3073 811 3246 881 quod

442 911 609 969 inter
630 910 850 982 ‘plures
884 909 965 965 de
1001 907 1395 980 possessione
1421 912 1533 963 aut
1555 906 1632 963 sit
1656 911 1763 962 aut
1789 920 1897 962 esse
1921 903 2189 962 sedeatur
2213 906 2652 964 controversia
2678 902 2771 981 ¹⁰).
2798 910 2919 965 Nec
2940 907 3003 963 id
3029 909 3248 980 utique

441 1020 698 1064 necesse
718 1010 842 1072 est,
874 1009 945 1059 ut
967 1002 1154 1061 toties
1174 1008 1288 1060 aut
1307 1000 1654 1061 defendere
1689 1016 1883 1060 manu
1920 1001 2379 1073 possessionem
2405 1008 2725 1075 nostram,
2764 1010 2877 1059 aut
2905 1005 3138 1061 cedere
3169 1020 3244 1062 ea

443 1120 752 1178 cogamur
771 1145 788 1171 ‚
810 1103 1061 1175 quoties
1081 1103 1239 1161 alius
1272 1102 1444 1160 illam
1474 1102 1589 1160 sibi
1610 1102 1706 1159 vel
1732 1101 1942 1160 verbis
1968 1104 2069 1160 vel
2099 1100 2278 1160 sactis
2314 1103 2609 1174 adserat;
2640 1102 2878 1175 quippe
2902 1105 3076 1176 quod
3110 1110 3244 1161 tum

439 1207 697 1266 demum
744 1203 878 1261 fieri
926 1203 1119 1262 debet
1140 1245 1156 1272 ‚
1200 1217 1345 1259 cum
1393 1201 1605 1260 animo
1632 1200 1946 1272 tantisper
1972 1200 2320 1258 retinemus
2346 1202 2809 1273 possessionem
2830 1247 2846 1272 ‚
2880 1217 3071 1273 quam
3101 1218 3243 1260 cor-

441 1318 601 1376 pore
641 1304 812 1362 haud
835 1301 1026 1360 dubie
1055 1299 1375 1359 amisimus
1410 1302 1428 1374 (
1454 1293 1487 1376 3
1511 1301 1657 1358 241.
1697 1306 1834 1358 not.
1867 1302 1945 1358 10
1964 1332 2041 1342 ——-
2060 1302 2157 1359 12.
2189 1300 2228 1372 ).
2266 1303 2459 1371 Igitur
2489 1313 2640 1358 cum
2665 1302 2754 1358 de
2779 1301 2970 1358 dubia
2999 1317 3244 1373 posses-

439 1403 616 1462 sione
648 1401 925 1473 litigatur
949 1443 965 1468 ‚
1010 1399 1155 1457 huic
1199 1397 1566 1476 interdicto}
1585 1399 1760 1456 locus
1792 1398 1955 1471 erit3
1990 1398 2168 1470 isque
2208 1412 2359 1456 usus
2392 1406 2487 1456 est
2535 1398 2857 1456 interdicti
2902 1399 3087 1469 longe
3118 1399 3246 1456 sre-

441 1499 909 1573 quentissimus.
937 1500 1069 1573 Qua
1100 1497 1160 1553 in
1189 1512 1258 1554 re
1282 1497 1511 1570 judex,
1537 1503 1685 1554 uter
1708 1496 1835 1553 utri
1860 1495 2321 1568 praeferendus
2351 1498 2431 1554 sit
2452 1543 2467 1566 .
2507 1512 2584 1554 cx
2614 1497 2806 1569 ipsius
2838 1498 3247 1569 possessionis

440 1600 747 1672 qualitate
790 1597 1081 1655 aestimet
1102 1643 1117 1667 ‚
1150 1602 1224 1653 ut
1249 1611 1715 1668 nonnunquam
1748 1597 1940 1655 etiam
1966 1597 2371 1672 possessionis
2398 1603 2464 1653 et
2503 1593 2930 1669 longinquitas
2956 1605 3021 1655 et
3053 1615 3245 1656 causa

438 1698 834 1774 respicienda
861 1692 940 1755 sit
969 1693 1071 1771 ¹¹).
1106 1697 1414 1772 Quoniam
1434 1712 1589 1754 vero
1613 1712 2083 1768 saepenumero
2105 1739 2118 1761 .
2144 1698 2431 1754 nondum
2457 1698 2806 1755 constituta
2829 1713 3244 1770 possessione,

442 1795 792 1867 periculum
825 1799 960 1864 est,
998 1808 1081 1849 ne
1123 1794 1287 1852 alter
1315 1793 1691 1863 litigantium
1722 1791 1905 1849 alteri
1952 1792 2079 1851 vim
2123 1787 2387 1858 inferat,
2440 1794 2584 1851 ideo
2626 1796 2797 1851 aliud
2823 1839 2839 1862 ,
2877 1796 3084 1866 primo
3128 1812 3244 1852 usu

443 1891 879 1948 introductum
925 1889 1154 1946 deinde
1199 1889 1419 1962 patriis
1468 1888 1706 1959 legibus
1748 1888 2202 1945 confirmatum
2252 1894 2386 1956 est,
2436 1890 2833 1963 remedium,
2885 1905 3015 1962 quo
3055 1907 3246 1963 quam

440 1991 802 2048 brevissime
846 1988 1071 2045 eadem
1117 1987 1527 2059 possessionis
1555 2002 1749 2044 causa
1778 1987 2170 2057 disceptetur
2209 2003 2286 2045 ac
2309 1987 2674 2062 judicetur3
2708 1996 2942 2047 vocant
2974 2005 3247 2064 possesso-

438 2089 592 2145 rium
621 2086 1000 2144 summarium
1033 2103 1078 2144 s.
1108 2085 1666 2143 summariissimum.
1700 2090 1771 2143 ln
1801 2101 1930 2159 quo
1976 2087 2082 2158 qui
2118 2082 2415 2159 superior
2445 2092 2568 2153 est,
2605 2079 2829 2161 postea
2853 2094 3067 2145 tamen
3093 2086 3249 2144 ordi—

439 2187 606 2244 nario
625 2185 983 2263 possessos-in,
1012 2194 1083 2243 ut
1113 2187 1312 2259 ajunt,
1332 2186 1660 2244 conveniri
1682 2193 1894 2259 potest
1916 2230 1931 2252 ,
1967 2187 2089 2243 hac
2119 2187 2376 2259 quidem
2407 2194 2730 2260 potestate
2751 2232 2767 2259 ,
2792 2196 2864 2244 ut
2892 2188 3093 2246 victus
3117 2203 3245 2247 non

442 2285 633 2341 modo
658 2284 845 2340 cedat
865 2283 1259 2355 possessione
1280 2327 1294 2352 ‚
1332 2298 1560 2340 verum
1609 2278 1804 2340 etiam
1840 2281 2219 2340 'adversario
2248 2297 2509 2355 prorsus
2551 2284 2703 2340 nihil
2734 2290 2970 2343 noceat
2993 2325 3009 2348 ‚
3053 2284 3247 2356 priori

441 2396 588 2437 eum
634 2394 771 2438 esse
816 2386 1191 2450 superatum
1232 2374 1476 2452 judicio
1507 2377 1598 2453 12).
1624 2415 1692 2424 -
1719 2378 2085 2435 Excluditur
2135 2384 2348 2435 autem
2396 2374 2600 2436 hocce
2643 2379 3050 2437 interdictum
3100 2394 3246 2436 cum

443 2476 627 2532 unius
668 2469 817 2530 anni
846 2472 1475 2546 praescriptionem),
1520 2480 1656 2530 tum
1701 2488 1863 2531 vero
1921 2468 2182 2530 vitiosae
2224 2474 2635 2546 possessionis
2675 2471 3078 2547 exceptione,
3122 2491 3247 2547 qua

443 2592 620 2644 eum,
659 2575 767 2646 qui
804 2575 963 2644 agit,
1010 2569 1069 2630 vi
1116 2580 1229 2630 aut
1266 2575 1432 2632 clam
1468 2581 1581 2630 aut
1619 2572 1916 2646 precario
1946 2573 2274 2645 possidere
2314 2572 2386 2630 ab
2422 2571 2755 2632 adversario
2784 2572 3142 2632 affirmatur
3166 2572 3245 2645 ¹⁴),

1043 311 1193 351 PARS
1234 309 1392 351 SPEC.
1437 310 1552 349 Lm.
1596 310 1665 349 11.
1709 309 1784 349 DE
1823 307 2005 348 BEBUS
2045 308 2316 356 mxumo.
2361 308 2637 349 nomme.

506 2750 555 2810 9)
579 2753 628 2798 L.
651 2752 698 2799 3.
721 2752 746 2806 S
769 2747 908 2798 2-4.
932 2751 1049 2798 D.la.
1078 2756 1113 2797 1.
1141 2777 1195 2784 —
1222 2752 1272 2796 L.
1293 2748 1371 2797 52.
1393 2755 1419 2808 S
1441 2753 1489 2798 1.
1515 2753 1567 2799 D.
1590 2752 1657 2800 de
1688 2762 1744 2798 α.
1765 2764 1816 2798 υ.

445 2828 566 2871 (1.1).
595 2840 647 2846 ψ-
678 2816 726 2860 l..
753 2815 827 2859 11.
852 2815 904 2859 D.
939 2814 1006 2861 de
1030 2813 1097 2859 vi.
1126 2814 1315 2874 (XLlll,
1339 2813 1497 2870 16.)-·
1521 2815 1628 2863 Vid.
1650 2821 1698 2861 et
1733 2814 1821 2861 Al·

445 2877 608 2923 berti.
639 2878 669 2922 Ι.
695 2874 943 2930 §ss-42.

516 2940 592 2997 10)
615 2944 667 2988 L.
688 2938 735 2984 5.
760 2940 785 2993 S
806 2937 856 2984 2.
878 2941 931 2984 D.
959 2938 1010 2983 11.
1038 2940 1075 2983 Ι.
1097 2963 1150 2970 -
1178 2956 1200 2979 u
1219 2938 1317 2984 Hoc
1336 2937 1646 2985 interdictum
1670 2936 1821 2993 suffl-

447 3006 520 3050 ci!
538 3006 608 3054 ei.
629 3006 710 3061 qui
729 3003 984 3046 aedificare
1009 3002 1055 3044 in
1080 3012 1166 3045 suo
1188 3000 1471 3057 prohibetur
1496 3017 1505 3045 2
1531 3001 1720 3048 etenim
1741 2999 1815 3047 vi-

447 3067 591 3112 deris
618 3062 742 3113 milti
775 3062 1119 3120 possessionis
1146 3064 1565 3109 controversiam
1597 3062 1782 3116 facere
1797 3097 1814 3125 ,

449 3131 528 3187 qui
556 3128 779 3186 prohibes
802 3139 897 3183 me,
924 3127 993 3171 uti
1016 3136 1122 3169 mea
1147 3126 1460 3181 possessione.
1485 3141 1509 3164 ι)
1538 3151 1596 3158 --
1618 3128 1738 3173 Ado.
1763 3127 1815 3172 L.

451 3193 494 3235 1.
522 3192 608 3246 (εἰ).
634 3190 681 3236 5.
708 3188 822 3235 eod.
853 3214 906 3222 -
929 3188 1041 3242 Gaji
1060 3188 1168 3230 inst.
1194 3188 1269 3232 lv.
1293 3189 1318 3242 S
1342 3186 1449 3234 167.
1473 3193 1522 3233 et
1545 3186 1657 3235 168.
1684 3214 1738 3220 -
1765 3190 1817 3233 L.

448 3252 525 3299 55.
565 3256 615 3299 11.
650 3253 714 3301 de
736 3251 940 3309 acquir.
961 3261 1102 3306 poss.
1129 3273 1183 3281 -—
1209 3250 1385 3306 [Verba
1411 3253 1499 3297 ista
1519 3251 1712 3300 etenim
1731 3252 1807 3299 vi·

450 3316 596 3361 deris
617 3316 736 3361 milei
762 3312 1106 3369 possessionis
1145 3314 1564 3359 controversiam
1584 3312 1804 3366 faeere»

453 3384 500 3422 et
521 3378 581 3422 ad
605 3379 721 3422 alios
745 3388 882 3421 casus
906 3374 1160 3421 referenda
1219 3375 1267 3419 in
1292 3376 1465 3431 quibus
1499 3376 1812 3423 interdictum

451 3440 594 3484 datur
615 3445 782 3485 contra
803 3449 913 3482 eum
929 3471 942 3488 ,
965 3437 1048 3494 qui
1067 3404 1308 3492 prohibet
1339 3448 1421 3483 me
1443 3436 1523 3483 uli
1547 3449 1663 3483 mea
1687 3451 1813 3493 pos-

452 3503 708 3558 sessione,
727 3502 760 3546 i.
778 3512 823 3545 e.
851 3510 1061 3556 requam
1085 3500 1304 3554 possideo
1321 3499 1435 3556 (e.g.
1462 3501 1515 3545 L.
1537 3498 1617 3545 52.
1638 3500 1663 3553 S
1683 3501 1729 3545 1.
1755 3503 1810 3547 D.

450 3563 517 3607 de
539 3574 590 3611 a.
615 3576 663 3609 v.
684 3575 734 3608 α.
758 3574 810 3617 p.
835 3586 888 3594 —
915 3562 967 3605 L.
992 3562 1039 3606 3.
1060 3561 1085 3613 S
1113 3561 1159 3604 2.
1182 3559 1228 3606 5.
1255 3564 1309 3607 D.
1329 3562 1382 3607 Ιι.
1409 3565 1466 3613 t.)
1490 3576 1504 3621 ς
1529 3574 1587 3607 ex
1607 3574 1704 3620 quo
1735 3563 1814 3607 in-

458 3627 662 3673 terdicta
684 3631 732 3671 et
749 3624 850 3671 «lari
870 3629 1040 3669 contra
1063 3634 1174 3667 eum
1190 3658 1205 3680 ‚
1225 3626 1306 3679 qui
1330 3626 1429 3680 ipse
1450 3624 1693 3681 possidere
1716 3636 1811 3670 non

453 3689 676 3741 voluerit,
700 3687 899 3732 minime
921 3686 1168 3742 sequitur,
1188 3698 1332 3742 quam
1366 3686 1645 3742 opinionem
1671 3689 1817 3733 Auc—

451 3754 538 3795 tor
573 3752 711 3796 editt.
750 3748 991 3806 prioribus
1030 3759 1280 3803 perperam
1297 3747 1586 3794 defenderat
1626 3748 1819 3795 Alben-

452 3814 561 3859 tum
581 3814 614 3860 l.
642 3814 673 3858 1.
692 3813 718 3866 S
742 3810 830 3856 113
863 3832 923 3841 —-
958 3806 1067 3859 115.
1100 3815 1485 3856 secutus-contra
1508 3812 1649 3856 Voet
1665 3812 1815 3858 Pand.

451 3873 502 3918 Ιι.
528 3878 563 3920 e.
586 3877 610 3930 Ξ
632 3876 679 3919 3.
702 3879 749 3917 et
773 3872 1057 3928 Westplmt
1077 3874 1108 3918 Ι.
1129 3875 1161 3918 l.
1180 3874 1205 3926 ’ἓ
1226 3870 1337 3918 2³6.
1364 3873 1509 3927 Eum,
1539 3873 1623 3930 qui
1658 3873 1818 3930 prohi-

460 3935 596 3987 buit.
629 3937 870 3994 possidere
901 3936 1106 3980 voluisse
1129 3937 1294 3992 utique
1319 3946 1512 3981 necesse
1547 3939 1653 3995 est;
1685 3941 1815 3993 quod

449 4000 488 4042 si
510 4011 606 4044 non
624 4000 873 4052 acciderit,
895 3997 1002 4043 aliis
1029 3998 1333 4043 adminiculis
1350 3999 1420 4043 uti
1446 3999 1621 4052 poterit
1639 3998 1677 4042 is
1694 4031 1709 4052 ‚
1731 4000 1814 4055 qui

452 4061 726 4115 prohibitus
743 4066 830 4105 est.
862 4059 961 4115 (W
961 4058 1234 4106 iederhold
1249 4061 1283 4106 l.
1302 4060 1333 4104 l.
1358 4071 1404 4115 p.
1428 4057 1657 4115 55-57.)
1681 4060 1815 4107 Unde

452 4122 591 4169 t'acile
611 4123 878 4178 intelligere
900 4133 1151 4178 possumus
1166 4155 1182 4177 ,
1204 4123 1324 4169 alias
1343 4122 1554 4168 actiones
1570 4123 1676 4168 dari
1695 4134 1817 4169 con-

454 4191 529 4230 tra
551 4195 633 4230 eos
652 4218 667 4245 ‚
698 4186 778 4242 qui
813 4184 958 4230 rebus
992 4186 1168 4229 nostris
1190 4186 1258 4229 uti
1282 4196 1368 4229 nos
1396 4196 1491 4229 non
1510 4187 1811 4242 permittant.

448 4246 564 4303 (vid.
589 4259 634 4292 e.
660 4258 708 4303 g.
741 4247 792 4291 L.
831 4245 908 4291 15.
940 4247 965 4301 ς
991 4242 1042 4292 7.
1065 4248 1119 4291 D.
1155 4247 1225 4293 de
1248 4246 1409 4302 injur.
1436 4270 1492 4278 —-
1516 4264 1538 4284 a
1560 4248 1600 4293 si
1626 4248 1733 4305 quis
1761 4259 1816 4293 re

447 4322 553 4356 mea
579 4312 646 4355 uti
666 4320 744 4354 me
770 4320 865 4354 non
890 4310 1138 4366 permittat
1162 4343 1177 4365 .‚
1197 4320 1309 4355 nam
1329 4314 1377 4353 et
1399 4309 1476 4355 hic
1494 4307 1815 4366 injuriarum

448 4371 726 4419 conveniri
743 4375 940 4427 potest,
962 4377 1008 4414 et
1028 4378 1213 4417 ceteras
1228 4373 1358 4427 leges
1368 4370 1531 4419 not.8.
1557 4373 1817 4429 laudatas.)

449 4459 508 4467 —-
535 4435 746 4481 Omnino
768 4434 940 4479 borum
960 4435 1326 4481 interdictorum
1349 4446 1543 4479 causam
1563 4434 1823 4490 possesio-

446 4494 530 4542 nis
561 4494 976 4543 controversiam
1013 4509 1113 4541 esse
1143 4497 1307 4553 procul
1339 4496 1488 4541 dubio
1516 4498 1750 4554 est.quod
1776 4503 1824 4542 et

454 4570 564 4603 cum
588 4572 755 4603 eorum
807 4564 977 4602 natura
1008 4564 1056 4603 et
1096 4559 1254 4603 indole
1290 4560 1501 4603 maxime
1530 4560 1756 4605 convenit
1778 4564 1827 4604 et

451 4622 612 4677 legum
651 4628 927 4667 nostrarum
965 4622 1252 4667 auctoritate
1276 4620 1463 4677 plenius
1502 4622 1819 4669 confirmatur

444 4684 555 4733 (vx.
577 4685 602 4737 3
621 4681 669 4729 4.
689 4687 739 4728 Ι.
752 4681 1121 4730 deinterd.-·‹
1137 4682 1393 4728 interdicto
1410 4685 1477 4729 uti
1492 4686 1738 4740 possidetis
1753 4683 1821 4730 de

439 4743 605 4796 tunde·
646 4746 731 4793 vel
758 4745 973 4793 aedium
1013 4743 1348 4801 possessione
1383 4745 1727 4797 contenditur
1762 4772 1815 4780 --

445 4810 565 4864 Gaii
579 4809 729 4854 instit.
747 4804 978 4857 tv.168—-
996 4823 1019 4849 u
1034 4810 1070 4855 sl
1087 4820 1183 4855 non
1195 4807 1465 4863 probat‚ad
1475 4821 1532 4855 se
1544 4810 1818 4864 pertinere

441 4870 822 4925 possessionem
860 4871 947 4917 rei.
977 4894 1035 4903 -
1057 4870 1222 4916 Deme·
1241 4872 1273 4914 1.
1298 4872 1331 4917 l.
1362 4883 1395 4927 p
1432 4870 1524 4917 272
1545 4883 1650 4929 sqq.
1667 4897 1719 4908 ·-—
1742 4873 1815 4920 Cf.

1882 2749 2134 2797 Huschke
2156 2750 2202 2796 in
2228 2749 2473 2810 ephemer.
2496 2752 2708 2810 Tubing.
2741 2753 2797 2798 T.
2817 2755 2873 2803 11.
2912 2768 2959 2812 p.
2979 2753 3089 2803 369.
3120 2762 3167 2802 et
3199 2758 3248 2804 in

1884 2812 2072 2869 pissert.
2091 2813 2255 2859 laudd.
2270 2827 2317 2871 p.
2335 2812 2424 2861 109
2435 2819 2578 2873 sqq.).
2595 2818 2771 2861 Contra
2792 2820 3112 2864 recentiorum
3133 2832 3249 2865 non-

1884 2876 2003 2920 nulii
2037 2882 2129 2920 ret.
2146 2886 2270 2933 poss.
2304 2878 2560 2924 interdicta
2587 2882 2817 2936 tanquam
2845 2880 3162 2937 obligationes
3191 2894 3250 2928 ex

1886 2938 2064 2982 delicto
2083 2943 2219 2982 natas
2236 2938 2458 2985 habenda
2475 2953 2578 2986 esse
2597 2940 2971 2989 contenderunt.
3003 2943 3251 3003 [Sevi-qus

1880 2997 1962 3053 36.
1979 2997 2300 3057 e1337.p.427
2315 3012 2450 3058 sq.-
2466 3003 2684 3049 Alberll.
2700 3004 2730 3047 l.
2748 3000 3247 3066 525.caet.)-Regula

1882 3062 1961 3109 illa
1983 3064 2241 3119 quidemn(
2263 3062 2392 3120 quod
2413 3067 2462 3108 et
2494 3077 2631 3111 reum
2672 3070 2721 3110 et
2757 3071 2972 3112 actorem
3010 3071 3251 3124 possidere

1882 3125 2088 3168 voluisse
2118 3130 2365 3182 oporteat,
2382 3142 2406 3167 n
2440 3130 2771 3187 exceptionem
2793 3126 2939 3174 habet
2963 3142 3108 3177 unam
3130 3134 3246 3188 (vid.

1885 3190 1986 3231 not.
2034 3183 2130 3242 14.)
2179 3188 2315 3241 cujus
2352 3191 2588 3235 rationem
2629 3190 2810 3246 optime
2852 3197 3139 3240 monstravit
3182 3197 3252 3242 de

1872 3248 2107 3307 Saviqny
2125 3250 2151 3303 S
2173 3246 2252 3295 58.
2286 3251 2334 3297 in
2360 3251 2397 3297 f.
2422 3274 2478 3283 -—-
2504 3252 2555 3299 Ε.
2579 3254 2637 3298 G.
2671 3252 2689 3309 ]

1946 3311 2023 3366 11)
2046 3323 2089 3356 c.
2110 3309 2159 3356 9.
2183 3311 2239 3356 X.
2264 3312 2551 3369 depr-obas
2578 3316 2650 3367 (11
2676 3349 2689 3370 .,
2714 3313 2812 3373 19.)

1940 3372 2017 3429 12)
2039 3374 2155 3419 Ord.
2180 3385 2305 3420 cam.
2335 3377 2452 3434 imp.
2476 3389 2522 3421 a.
2557 3375 2697 3422 1555.
2735 3378 2793 3423 ll.
2836 3377 2935 3423 Tit.
2958 3378 3037 3425 2¹.
3060 3383 3086 3436 S
3107 3382 3154 3429 3.
3186 3407 3243 3415 —

1875 3436 2107 3496 Saviqny·
2126 3438 2151 3492 S
2172 3432 2250 3482 51.

1942 3499 2019 3556 15)
2043 3500 2093 3544 L.
2120 3498 2165 3543 1.
2192 3509 2268 3556 pr.
2290 3499 2338 3544 in
2373 3498 2407 3544 f.
2433 3501 2485 3544 D.
2511 3499 2562 3546 11.
2594 3504 2631 3546 t.
2676 3526 2730 3533 —
2773 3500 2960 3547 Albert
2979 3504 3005 3557 s
3026 3501 3136 3550 165.
3162 3507 3251 3561 (De

1877 3559 2053 3606 interd.
2077 3560 2259 3607 utrubi
2291 3562 2387 3607 vid.
2415 3563 2648 3622 Savian
2670 3567 2696 3618 S
2716 3562 2795 3609 59.
2831 3567 2883 3610 in
2907 3565 2944 3610 f.
2970 3572 3019 3611 et
3045 3565 3169 3621 340.
3194 3581 3242 3626 p.

1874 3619 1967 3668 477
1986 3624 2112 3680 sqq.)
2139 3623 2285 3680 —[De
2307 3636 2384 3679 eo,
2408 3626 2537 3680 quod
2559 3629 2619 3673 ad
2644 3639 2780 3682 eum,
2804 3638 2916 3673 cum
2943 3639 3043 3686 quo
3060 3631 3251 3689 agitur,

1882 3688 2132 3741 pervenit.
2154 3693 2267 3741 post
2286 3698 2467 3733 annum
2489 3688 2637 3734 etiam
2660 3691 2877 3739 dandum
2911 3699 2985 3737 est
3018 3691 3249 3739 interdie-

1883 3753 2006 3792 tum.
2032 3748 2081 3792 L.
2103 3747 2150 3795 4.
2174 3750 2226 3796 1).
2251 3748 2319 3794 de
2337 3749 2657 3797 Inlerde'ctIs.
2685 3753 2843 3807 (xtltl
2862 3787 2876 3810 ‚
2900 3754 2968 3811 1.)
3003 3776 3062 3785 -
3105 3748 3254 3802 Wie-

1881 3809 2105 3855 derlwld
2125 3814 2157 3856 1.
2179 3812 2210 3857 l.
2237 3824 2285 3868 p.
2303 3809 2536 3858 45-48.
2563 3833 2621 3844 -
2648 3816 2709 3861 Β.
2736 3816 2815 3872 6.]

1946 3871 2024 3929 14)
2048 3873 2095 3917 L.
2123 3875 2170 3919 1.
2195 3876 2219 3928 S
2242 3873 2290 3920 9.
2318 3876 2370 3919 L.
2390 3872 2439 3920 Ξ.
2463 3876 2518 3922 D.
2539 3876 2591 3922 11.
2611 3881 2648 3922 t.
2691 3901 2749 3910 --
2785 3881 2810 3933 ς
2830 3874 2941 3924 4.1.
2965 3877 3033 3923 de
3053 3877 3250 3927 insen-d.

1884 3959 1934 3966 -
1962 3935 2035 3980 cr.
2065 3937 2117 3983 1..
2136 3935 2185 3982 5.
2207 3938 2233 3991 s
2254 3936 2330 3981 ιο.
2357 3938 2414 3981 1).
2434 3937 2487 3985 ὴ.
2508 3941 2544 3984 t.
2571 3964 2630 3971 —
2651 3940 2884 3999 savigny
2901 3940 2926 3993 ς
2946 3938 3027 3985 58.
3055 3954 3104 3999 p.
3139 3939 3252 3988 ⁴⁴2.

1879 4000 1905 4054 s
1926 3995 2004 4042 59.
2027 4003 2075 4043 in
2101 3999 2135 4044 f.
2176 4024 2235 4033 -
2271 4001 2526 4045 Caeterum
2547 4002 2681 4048 clam
2700 4002 2975 4061 possidere
2996 4006 3111 4062 quid
3149 4005 3210 4049 111
3229 4007 3255 4049 ’.Ρ

1878 4060 2109 4106 definitur
2132 4062 2182 4108 L.
2201 4059 2249 4107 6.
2274 4073 2349 4119 pr.
2376 4063 2429 4106 D.
2455 4061 2522 4108 de
2544 4075 2596 4111 a.
2619 4074 2668 4113 v.
2691 4076 2742 4110 a.
2764 4066 2995 4120 p.—Vid.
3021 4073 3071 4111 et
3094 4067 3146 4113 L.
3168 4065 3251 4114 40.

1878 4125 1904 4178 S
1925 4122 1974 4167 ἰ).
1997 4123 2113 4168 eod.
2140 4149 2199 4156 —
2227 4124 2301 4170 Cf.
2324 4123 2512 4170 Albert
2533 4128 2566 4172 l.
2593 4128 2627 4170 l.
2649 4128 2674 4181 S
2696 4124 2775 4172 57.
2800 4126 2947 4176 et71.
2981 4153 3035 4161 —-
3060 4130 3125 4173 De
3146 4131 3255 4175 vio·

1879 4187 2005 4230 lenta
2032 4187 2329 4243 possessione
2353 4186 2418 4231 cl'.
2445 4188 2494 4232 L.
2520 4191 2564 4235 4.
2599 4190 2624 4245 ς
2662 4188 2741 4234 28.
2781 4191 2833 4234 D.
2868 4190 2938 4236 de
2972 4203 3164 4247 usurp.
3188 4191 3261 4249 [et

1885 4247 2270 4294 Unterholzner
2289 4247 2751 4306 verjahrungslehre
2768 4253 2803 4296 1.
2827 4264 2875 4308 p.
2899 4251 3072 4299 2⁴5.—
3098 4256 3180 4301 W
3179 4255 3256 4301 ie-

1877 4309 2101 4356 derltold
2118 4312 2148 4355 l.
2167 4311 2200 4355 l.
2225 4324 2273 4368 p.
2306 4307 2360 4355 45
2378 4323 2483 4369 sqq.
2510 4339 2567 4346 —
2586 4311 2656 4359 Cf.
2683 4314 2882 4360 omnino
2899 4315 2959 4359 de
2977 4316 3258 4373 duplicibus

1879 4373 2147 4419 interdictis
2169 4385 2217 4419 v.
2242 4373 2530 4438 thcltltoltz
2552 4376 2796 4422 Versuche
2819 4378 2900 4422 ΝΡ.
2936 4379 3015 4425 lx.
3038 4383 3087 4423 et
3107 4390 3256 4437 supra

1888 4436 1912 4488 S
1938 4435 2045 4481 139.
2067 4442 2168 4481 not.
2195 4433 2274 4483 94.
2299 4436 2323 4498 3
2349 4434 2455 4484 155.
2476 4444 2581 4485 not.
2606 4440 2654 4484 2.
2680 4461 2736 4470 -—
2761 4441 3080 4487 interdictum
3100 4453 3261 4498 neque

1888 4497 1964 4543 het
1977 4497 2148 4543 edibus
2192 4511 2350 4557 neque
2391 4507 2563 4548 contra
2608 4502 2808 4547 heredes
2848 4502 2955 4549 dari
2997 4514 3260 4562 perperam

1888 4560 2200 4618 Macheldey·
2246 4562 2418 4609 Lehrb.
2462 4564 2488 4617 S
2518 4561 2627 4610 255.
2674 4564 2755 4609 Nr.
2794 4564 2843 4611 9.
2881 4562 2931 4611 ὅ.
2977 4568 3256 4613 contendit.

1882 4624 1933 4667 ln
1959 4623 2160 4668 heredes
2199 4625 2303 4670 dari
2341 4625 2529 4672 Albert
2556 4629 2581 4682 S
2614 4624 2706 4672 160
2740 4650 2797 4660 -—-
2832 4625 2924 4673 162
2958 4634 3142 4685 negat,
3170 4631 3261 4687 qni

1882 4687 2079 4741 quidem
2101 4688 2300 4732 omnino
2329 4695 2377 4734 et
2409 4690 2663 4735 interdicta
2696 4694 2789 4735 ret.
2822 4702 2948 4746 poss.
2973 4703 3033 4737 ex
3063 4691 3262 4737 delictis

1885 4748 2001 4793 oriri
2023 4750 2269 4804 opinatur.
2297 4775 2355 4782 —
2380 4750 2428 4794 Ε.
2455 4750 2533 4806 6.]

1881 4870 1929 4916 in
1945 4809 2030 4918 15)
2058 4809 2163 4931 27.
2187 4813 2223 4859 l.
2249 4812 2317 4861 de
2338 4813 2536 4860 interd.
2563 4837 2622 4846 -
2645 4811 2877 4870 Saviynr
2910 4815 2936 4867 ς
2957 4812 3038 4861 37.
3065 4826 3114 4874 p.
3142 4814 3262 4866 433.

1975 4906 1986 4918 .
2032 4887 2061 4932 q
2104 4906 2114 4917 .
