3544 5506
473 281 588 335 144
1362 290 1515 332 rans
1553 289 1698 332 aaa.
1740 290 1860 331 nm.
1903 289 1976 330 11.
2019 288 2097 329 nx
2135 288 2409 331 sumnus.

470 406 639 465 cium
672 404 949 462 deducta
978 402 1231 474 penitus
1252 406 1590 460 consumta
1613 408 1706 459 est
1755 399 1850 472 ¹⁰),
1903 401 2003 459 vel
2032 414 2108 457 ex
2134 401 2437 472 singulari
2478 398 2630 475 jure
2650 406 2991 461 consumta
3017 416 3157 460 esse
3203 403 3290 460 vi·
3385 378 3392 387 ⁸

470 502 661 560 detur
685 497 774 565 ¹¹).
819 498 1053 555 Eadem
1091 503 1308 554 autem
1336 496 1629 569 quaestio
1647 503 1743 554 est
1763 539 1781 569 ‚
1812 511 1959 554 cum
1983 504 2094 553 aut
2115 510 2253 554 rem
2274 497 2569 563 eandem.
2595 511 2792 569 quam
2821 512 2952 556 non
2993 512 3292 571 expressa

469 611 661 656 causa
688 591 754 665 12)
791 594 874 652 ab
915 594 1053 667 eJus
1092 607 1454 665 possessore
1495 588 1560 665 13)
1597 591 2057 650 vindicavimus
2080 633 2100 663 ,
2133 592 2354 651 denuo
2386 594 2835 666 persequimur
2867 590 2957 663 ¹⁴),
2987 601 3100 652 aut
3127 589 3293 654 idem

470 696 744 771 petimus
770 707 845 751 ex
880 694 1107 751 eadem
1142 694 1402 765 petendi
1447 708 1642 751 causa
1676 691 1783 765 ¹⁵),
1841 692 2132 765 quamvis
2173 694 2294 751 alia
2351 688 2758 765 experiamur
2802 694 3055 753 actione
3083 690 3177 769 ¹⁶).
3223 700 3295 755 Et

468 797 625 853 actio
652 794 908 867 quidem
926 793 1020 851 rei
1041 792 1392 866 judicatae,
1416 806 1584 865 quae
1619 796 1715 849 est
1743 791 2108 866 adjectitiae
2127 791 2446 865 qualitatis
2477 787 2565 861 ¹⁷),
2585 790 2850 861 judicati
2877 795 3296 867 persequendi

468 905 663 948 causa
684 895 1052 964 comparata
1076 896 1194 960 est,
1228 904 1356 961 qua
1381 895 1528 960 post
1556 894 1891 957 statutum,
1922 888 1967 945 i.
2002 903 2063 945 e.
2090 888 2560 960 quadrimestre
2585 895 2839 962 tempus
2869 887 2960 963 ¹⁸),
2985 890 3048 947 in
3069 906 3293 963 perso—

469 988 718 1045 nalibus
747 986 950 1045 causis
990 986 1307 1043 indultum
1332 984 1456 1043 reis
1483 982 1556 1058 ¹⁹)
1576 1027 1593 1057 ‚
1634 990 1819 1042 actor
1848 983 2051 1055 utitur
2073 991 2167 1058 2⁰).
2216 986 2447 1062 Quodsi
2495 985 2713 1059 itaque
2739 992 3063 1045 transacto
3103 987 3291 1046 indu-

478 1084 724 1142 ciarum
768 1090 1061 1155 tempore
1090 1081 1604 1152 obtemperatum
1632 1094 1764 1138 non
1796 1087 1891 1138 est
1920 1081 2314 1154 sententiae,
2359 1089 2497 1141 tum
2540 1090 2606 1140 et
2650 1083 3028 1142 centesimas
3067 1099 3293 1142 usuras

469 1183 671 1242 actori
693 1184 929 1242 inferre
958 1187 1214 1239 tenetur
1252 1195 1402 1238 reus
1418 1167 1515 1254 ²¹),
1550 1191 1615 1240 et
1639 1180 1958 1238 sententia
1997 1182 2346 1239 mandatur
2386 1183 2796 1240 exsecutioni.
2836 1183 3037 1241 Debet
3071 1189 3292 1241 autem

459 1282 679 1355 judex,
714 1287 1032 1353 quatenus
1056 1279 1117 1336 id
1147 1278 1409 1336 omnino
1435 1278 1572 1335 fieri
1589 1284 1822 1349 potest,
1857 1278 1996 1351 ejus
2021 1279 2136 1352 rei,
2165 1280 2246 1337 de
2273 1295 2401 1352 qua
2430 1280 2667 1351 agitur,
2703 1281 2822 1339 etsi
2846 1281 2927 1338 de
2948 1296 3019 1339 re
3047 1281 3293 1341 incerta

469 1381 641 1453 apud
688 1394 835 1437 eum
864 1384 1079 1436 actum
1107 1378 1208 1447 sit,
1242 1383 1484 1435 certam
1517 1390 1833 1433 summam
1875 1375 1940 1432 in
1983 1377 2298 1435 sententia
2337 1393 2454 1435 sua
2482 1378 2878 1436 constituere
2898 1374 3016 1451 ²²›;
3047 1379 3292 1438 scilicet

470 1495 600 1552 quo
629 1478 911 1551 paratior
931 1478 1011 1536 sit
1033 1484 1226 1549 atque
1249 1475 1600 1549 expeditior
1620 1475 1721 1532 via
1745 1477 1827 1533 ad
1858 1477 2330 1547 exsequendam
2359 1476 2743 1534 sententiam
2768 1473 2905 1550 ma).
2941 1480 3045 1535 Est
3075 1484 3290 1536 autem

469 1580 534 1637 in
576 1578 906 1637 sententiis
937 1576 1356 1649 exsequendis
1385 1582 1602 1634 certus
1646 1577 1807 1634 ordo
1847 1577 2234 1642 servandus,
2280 1576 2568 1649 certique
2613 1584 2763 1635 sunt
2809 1577 3290 1651 exsecutionum

468 1678 641 1738 modi
671 1677 989 1750 praefiniti
1020 1673 1116 1749 2³),
1148 1678 1326 1733 velut
1350 1675 1413 1731 hi
1442 1691 1458 1731 ε
1488 1675 1605 1745 rei,
1635 1690 1805 1748 quae
1833 1676 2226 1735 restituenda
2254 1684 2371 1749 est,
2411 1693 2448 1734 a
2473 1692 2839 1748 possessore
2870 1678 2949 1734 ad
2974 1672 3288 1736 victorem

469 1778 804 1836 translatio
826 1777 895 1847 2⁴>
918 1820 934 1848 ,
981 1776 1322 1849 pignorum
1373 1775 1558 1848 capio
1609 1782 1804 1849 atque
1852 1775 2177 1834 distractio
2216 1774 2295 1848 2⁵)
2317 1819 2334 1845 ‚
2385 1776 2597 1834 missio
2643 1777 2708 1833 in
2756 1776 3068 1836 debitoris
3116 1777 3287 1839 bona

471 1871 527 1954 (S
554 1875 694 1935 155.
730 1876 871 1935 156.
901 1915 917 1945 ,
941 1890 1109 1949 quae
1132 1875 1389 1947 quidem
1426 1874 1643 1934 omnia
1676 1875 1923 1947 longius
1956 1875 2257 1948 prosequi
2280 1875 2469 1949 hujus
2490 1889 2622 1933 non
2642 1880 2737 1933 est
2764 1873 2912 1933 loci.

546 2058 571 2130 §
620 2060 749 2113 154.
806 2059 896 2114 De
938 2056 1441 2113 condemnatione
1492 2057 1558 2112 in
1601 2055 1695 2127 id,
1744 2055 1914 2128 quod
1942 2054 2158 2126 facere
2214 2057 2416 2125 potest
2462 2053 2722 2111 debzwr.
2786 2050 3217 2123 (Beneficium

1598 2146 2078 2217 competentiae.)
2097 2142 2189 2213 (*).

553 2326 743 2399 Sunt,
776 2326 885 2397 qui
928 2324 992 2382 in
1036 2325 1098 2382 id
1139 2330 1392 2382 tantum
1412 2367 1429 2397 ‚
1458 2324 1636 2396 quod
1668 2323 1879 2383 tacere
1919 2329 2186 2396 possunt
2206 2368 2222 2394 ‚
2269 2322 2788 2380 condemnentur
2812 2362 2829 2389 ‚
2860 2318 2962 2376 cui
2990 2317 3052 2373 id
3086 2315 3288 2375 etiam

476 2428 694 2493 postea
744 2420 1027 2478 additum
1080 2427 1178 2478 est
1198 2416 1277 2493 ¹),
1319 2426 1393 2477 ut
1435 2427 1690 2478 tantum
1729 2420 1881 2493 ipsis
1915 2419 2411 2492 relinquendum
2455 2411 2534 2475 sit
2569 2415 2887 2474 bonorum
2909 2453 2927 2482 ,
2968 2418 3290 2487 quantum

539 2612 617 2670 10)
638 2615 722 2672 [a).
744 2615 795 2659 L.
829 2612 879 2660 2.
926 2614 977 2658 L.
1016 2610 1065 2658 ὅ.
1111 2623 1185 2669 pr.
1231 2613 1285 2657 D.
1320 2610 1387 2657 de
1437 2611 1684 2667 popular.
1723 2613 1832 2656 act.
1962 2605 2182 2665 18)Ῑ..2.
2205 2611 2255 2653 et
2274 2608 2322 2652 3.
2346 2607 2399 2653 C.
2423 2603 2662 2651 demur.
2683 2604 2898 2659 reijud.
2924 2603 3049 2660 (vn,
3079 2600 3188 2661 54.)
3226 2630 3286 2638 -

474 2673 785 2735 (ΧΙΝΙΙ,23.)
811 2700 871 2709 -
903 2676 954 2721 L.
993 2672 1070 2721 45.
1097 2675 1122 2728 S
1160 2676 1206 2720 1.
1253 2674 1301 2720 in
1342 2673 1379 2719 f.
1418 2674 1474 2719 D.
1519 2673 1586 2718 de
1613 2682 1833 2728 procur.
1900 2668 1986 2726 (cf.
2009 2669 2154 2718 1..51.
2181 2672 2234 2716 D.
2257 2669 2324 2716 de
2342 2667 2534 2722 rejud.
2553 2668 2602 2713 in
2624 2667 2661 2714 f.
2688 2671 2737 2713 et
2760 2667 2812 2714 L.
2835 2667 2885 2713 2.
2909 2668 2961 2713 L.
2982 2664 3031 2713 4.
3056 2664 3286 2721 §tiend-

476 2739 493 2794 (
513 2739 596 2791 111.
612 2741 661 2786 3.
681 2738 821 2797 )-b)
866 2738 918 2784 L.
940 2734 989 2785 4.
1015 2734 1105 2792 εδ.
1133 2741 1183 2783 et
1204 2733 1253 2784 4.
1274 2739 1331 2784 D.
1358 2734 1403 2783 si
1422 2736 1603 2784 servit.
1623 2733 1834 2784 cendio.
1900 2759 1962 2767 —
1985 2734 2038 2779 L.
2062 2732 2110 2780 7.
2135 2732 2373 2781 eod.—L.
2397 2728 2477 2778 29.
2513 2729 2672 2786 eod.).

476 2801 617 2857 (Vlll.
637 2799 705 2857 5.)
724 2824 785 2834 -
808 2800 994 2847 Keller
1010 2796 1129 2855 548.
1179 2824 1242 2833 —-
1267 2812 1312 2846 c.
1358 2800 1412 2845 L.
1434 2798 1484 2847 8.
1505 2799 1531 2854 s
1556 2797 1633 2848 16.
1677 2800 1730 2844 L.
1754 2796 1833 2844 17.
1963 2793 2041 2853 19)
2062 2797 2171 2843 vid.
2187 2797 2317 2842 enim
2336 2795 2467 2841 dein
2482 2805 2584 2840 rem
2598 2790 2872 2840 actionibus
2889 2793 2914 2848 3
2931 2793 2980 2840 2.
3002 2792 3042 2839 l.
3059 2788 3288 2847 deofflc.

477 2865 504 2918 S
527 2862 574 2910 1.
600 2866 654 2910 D.
678 2863 745 2909 de
766 2861 914 2919 inoff.
940 2865 1059 2910 test.
1098 2862 1184 2918 (V.
1206 2863 1273 2916 2.)
1294 2886 1356 2895 -
1398 2863 1451 2911 L.
1482 2864 1531 2908 3.
1571 2875 1646 2921 pr.
1686 2862 1742 2907 D.
1778 2859 1845 2906 de
1895 2857 2020 2915 jud.

473 2925 734 2986 piqnorib.
760 2926 898 2982 (XX,
936 2924 1024 2982 1.)
1078 2924 1255 2983 quihus
1290 2923 1409 2970 locis
1449 2925 1696 2982 legatariis
1737 2933 1843 2969 rem
1970 2919 2050 2979 20)
2082 2921 2134 2966 L.
2168 2918 2217 2967 6.
2252 2921 2279 2975 S
2311 2919 2359 2965 3.
2394 2918 2450 2964 D.
2482 2917 2550 2964 de
2595 2917 2802 2974 rejud.
2823 2939 2884 2949 -
2906 2917 2982 2964 Cf.
3018 2917 3070 2962 L.
3105 2913 3156 2963 4.
3181 2916 3208 2969 S
3230 2913 3289 2962 δ.

477 2989 888 3035 contraheredem
908 2987 1175 3042 judicatam
1198 2987 1391 3034 obstare
1423 2988 1686 3035 dicitur.—
1704 2987 1844 3041 Quod
1908 2983 2028 3030 eod.

475 3051 673 3107 quidem
697 3052 974 3097 restrictum
995 3053 1138 3097 estL.
1159 3047 1240 3096 50.
1262 3052 1287 3104 ς
1309 3051 1355 3095 1.
1378 3050 1431 3096 D.
1452 3051 1521 3097 de
1541 3050 1699 3108 ἱεραί.
1732 3050 1768 3094 l.
1795 3052 1844 3093 et
1970 3044 2049 3096 21)
2075 3047 2132 3091 Τ.
2157 3048 2215 3092 Τ.
2239 3045 2358 3090 Cocl.
2396 3041 2464 3089 de
2484 3053 2640 3088 usur.
2663 3038 2872 3096 reijud.
2894 3040 3014 3095 (vti.
3034 3038 3134 3097 54.)

478 3112 531 3158 L.
557 3111 634 3160 14.
658 3116 712 3159 D.
736 3114 803 3160 de
823 3112 1068 3170 appellat.
1111 3113 1282 3169 (xle
1305 3144 1321 3169 ‚
1344 3108 1422 3170 1.)
1460 3134 1518 3144 -
1544 3113 1618 3158 Cf.
1660 3111 1846 3158 Keller
1969 3107 2050 3164 22)
2074 3109 2198 3161 §32-
2221 3109 2256 3153 1.
2292 3107 2362 3153 de
2380 3104 2488 3152 act.
2514 3103 2596 3158 (cf.
2621 3103 2735 3160 Gaji
2758 3105 2869 3149 inst.
2890 3105 2968 3149 tv.
2990 3105 3016 3158 S
3034 3097 3290 3156 ⁴8—5a.}.

474 3176 500 3230 S
519 3172 600 3222 46.
622 3199 684 3208 —-
707 3175 981 3223 Zimmern
997 3175 1135 3221 Rom.
1188 3176 1324 3220 Proc.
1363 3175 1389 3229 ς
1410 3172 1519 3222 146.
1557 3180 1661 3221 not.
1701 3172 1751 3220 7.
1778 3195 1840 3204 -
1909 3194 1968 3204 -
1991 3171 2042 3216 L.
2061 3169 2110 3216 2.
2135 3173 2186 3217 L.
2207 3167 2254 3216 4.
2273 3170 2326 3215 C.
2351 3169 2419 3215 de
2435 3170 2597 3222 sent..
2620 3177 2764 3222 quae
2786 3165 2905 3212 sine
2924 3170 3084 3211 certa
3104 3176 3293 3222 quan-

473 3237 1061 3358 ἑιᾶῗὲοἳῗιξιιιιζ-θέιωὲἰς
1099 3241 1228 3284 cont.
1277 3236 1336 3283 Τ.
1390 3238 1573 3283 xxxv.
1626 3251 1676 3297 p.
1725 3233 1837 3283 376.
1903 3230 2396 3352 ξίἒτᾶἶεδῗνοΐεντην.
2422 3231 2439 3286 (
2461 3230 2574 3288 Vll,
2595 3223 2676 3275 46.
2698 3230 2715 3286 )
2759 3252 2821 3261 -
2864 3227 3141 3275 Zimmern
3174 3228 3210 3273 Ι.
3249 3227 3292 3273 1.

538 3360 616 3417 11)
634 3365 770 3418 Quod
792 3363 937 3420 vulgo
967 3362 1136 3408 dicunt
1166 3377 1178 3407 ε
1204 3361 1255 3407 in
1295 3361 1657 3419 quaestionibus
1687 3363 1841 3407 status
1965 3358 2080 3415 22c1)
2110 3358 2367 3403 Caeterum
2408 3352 2506 3400 vid.
2552 3353 2728 3398 Haste
2744 3351 2859 3407 jun.
2883 3352 2934 3397 in
2957 3350 3129 3397 Rbein.
3154 3351 3293 3397 Mus.

474 3435 580 3470 rem
600 3424 868 3480 judicatam
885 3425 967 3481 ,ius
987 3425 1148 3471 tacere
1171 3425 1297 3469 inter
1318 3435 1486 3470 omnes
1505 3458 1520 3482 ,
1540 3437 1639 3471 non
1662 3434 1841 3481 usque·
1905 3423 1964 3467 Τ.
1989 3421 2067 3467 Vt.
2092 3432 2141 3477 p.
2164 3416 2245 3466 25.
2271 3431 2344 3478 sq.

473 3498 666 3544 quaque
688 3500 854 3533 verum
878 3486 1164 3533 εει-ΕΗ..
1183 3484 1262 3532 25.
1289 3488 1343 3532 D.
1365 3487 1433 3534 de
1454 3487 1600 3537 statu
1641 3485 1838 3532 homin.
1967 3481 2044 3537 25)
2068 3484 2122 3530 L.
2145 3479 2196 3529 4.
2217 3482 2271 3527 C.
2291 3483 2360 3530 de
2378 3479 2620 3526 exsecat.
2642 3474 2850 3530 reijud.
2876 3477 2996 3534 (vu.
3016 3473 3122 3533 53.)

472 3548 530 3607 (l,
548 3546 618 3605 5.)
640 3574 696 3581 -
719 3552 773 3595 L.
798 3551 845 3596 1.
870 3550 921 3596 in
944 3549 979 3594 f.
1005 3550 1056 3594 L.
1080 3549 1130 3596 2.
1155 3550 1207 3596 L.
1230 3551 1279 3595 3.
1300 3560 1379 3606 pr.
1419 3552 1473 3596 D.
1518 3550 1587 3596 de
1624 3559 1840 3607 aquoso.
1966 3543 2046 3600 24)
2065 3547 2118 3591 L.
2142 3543 2223 3591 68.
2251 3547 2305 3591 D.
2329 3546 2398 3592 de
2419 3545 2480 3588 R.
2505 3540 2576 3586 V.

472 3623 523 3657 v.
546 3611 726 3659 alend.
746 3610 893 3660 liber.
930 3611 1111 3670 (XXV,
1130 3610 1180 3658 5.
1204 3613 1222 3669 )
1247 3636 1303 3646 -
1321 3613 1511 3660 Caeter.
1534 3612 1631 3659 vid.
1657 3610 1844 3657 Keller
1967 3606 2048 3665 25)
2070 3609 2122 3654 L.
2143 3606 2220 3655 15.
2245 3605 2459 3660 §2-12.
2496 3603 2552 3648 D.
2575 3600 2641 3646 de
2661 3600 2857 3655 rejud.
2880 3626 2941 3634 —
2963 3601 3062 3648 Tit.
3084 3598 3209 3646 Cod.
3238 3599 3298 3646 εἰ

467 3675 494 3730 s
516 3671 596 3720 47.
1900 3668 1956 3717 in
1976 3681 2146 3718 cauea
2156 3669 2390 3726 judecati
2405 3665 2597 3727 monus
2618 3663 2833 3719 captum
2852 3664 2940 3710 tit·
2963 3664 3084 3720 (vul
3103 3695 3120 3722 ‚
3141 3658 3255 3719 25.)

536 3738 614 3796 12)
656 3737 711 3784 L.
748 3737 829 3785 11.
868 3739 894 3792 S
926 3737 973 3783 2.
1009 3737 1062 3783 L.
1099 3733 1176 3783 14.
1210 3738 1236 3792 S
1269 3737 1317 3781 2.
1355 3738 1409 3784 D.
1460 3736 1531 3784 de
1582 3746 1701 3783 exc.
1760 3733 1841 3781 rei

456 3800 613 3920 jaff&
634 3864 685 3909 L.
708 3860 757 3909 9.
780 3874 856 3921 pr.
895 3864 947 3908 L.
974 3860 1050 3907 17.
1077 3862 1131 3906 D.
1157 3861 1224 3906 de
1260 3872 1373 3908 exc.
1420 3859 1499 3907 rei
1528 3860 1651 3916 jud.
1678 3884 1735 3893 -
1758 3861 1837 3907 Ct'.
2494 3853 2520 3907 S
2543 3836 2652 3900 15⁴.

470 3931 520 3970 et
539 3928 591 3973 L.
617 3922 694 3971 18.
717 3925 836 3972 eod.
861 3950 922 3959 —
943 3924 1129 3970 Keller·
1148 3925 1174 3977 S
1194 3923 1350 3971 36.-
1369 3924 1558 3970 Caeter.
1582 3924 1683 3969 vid.
1707 3926 1759 3969 L.
1784 3920 1835 3969 9.

471 3991 499 4045 ς
532 3990 577 4035 1.
621 3988 676 4033 D.
735 3987 855 4034 eod.
900 4013 961 4021 —
1000 3985 1321 4044 Rlbbentrop
1375 3986 1497 4032 Diu.
1542 3987 1688 4043 alleg.
1728 3987 1755 4040 S
1785 3983 1833 4031 6.

471 4062 520 4108 p.
543 4048 622 4097 61.
643 4060 749 4107 sqq.
772 4056 821 4097 et
853 4049 1035 4096 Keller
1053 4050 1079 4103 ς
1109 4045 1190 4094 71.
1964 4043 2020 4100 (’)
2055 4047 2149 4091 Fr.
2169 4047 2361 4092 Ramoe
2379 4040 2468 4089 del
2485 4041 2774 4088 Numano.
2798 4037 2849 4085 in
2870 4035 3085 4094 append.
3129 4035 3296 4083 reeit.

535 4111 612 4169 14)
639 4112 690 4157 L.
717 4112 794 4158 11.
831 4124 906 4170 pr.
948 4113 998 4157 L.
1025 4108 1101 4158 14.
1125 4113 1217 4165 52.
1251 4111 1305 4156 L.
1341 4109 1421 4158 50.
1447 4121 1522 4168 pr.
1548 4109 1834 4157 mdccxc.
1902 4107 1964 4152 ad
2009 4108 2086 4152 tit.
2126 4107 2187 4154 de
2231 4106 2412 4160 rejud.
2472 4101 2490 4158 (
2521 4102 2739 4149 thesaur.
2796 4103 3015 4147 Meet-m.
3061 4098 3124 4142 Τ.
3170 4098 3298 4146 vn.

472 4173 687 4229 resjud.
712 4197 768 4206 —
792 4174 903 4221 vid.
930 4179 1095 4220 tamen
1132 4174 1185 4220 L.
1211 4172 1290 4220 11.
1316 4176 1341 4228 S
1359 4171 1409 4221 4.
1451 4173 1500 4221 5.
1556 4173 1608 4219 L.
1634 4170 1712 4220 14.
1737 4177 1764 4231 s
1788 4176 1836 4219 1.
1902 4163 2856 4227 p.1372qq.).—J.B.deWe›-nlaerde
2873 4160 3114 4208 beneflcio
3134 4170 3302 4207 com·

472 4239 521 4284 1..
547 4235 627 4283 21.
651 4236 677 4290 S
698 4235 746 4281 3.
770 4236 820 4281 L.
841 4235 919 4284 25.
942 4248 1017 4293 pr.
1042 4238 1097 4283 D.
1131 4237 1247 4282 eod.
1276 4259 1331 4268 ——
1356 4237 1539 4284 Keller
1576 4237 1601 4290 s
1628 4233 1709 4282 34.
1751 4234 1832 4282 35.
1899 4232 2444 4289 petentiae(adj.setect.
2463 4226 2567 4272 obs.
2583 4228 2675 4274 for.
2699 4227 2757 4272 Τ.
2781 4227 2840 4272 11.
2861 4226 2915 4269 P.
2937 4225 3038 4269 Vll.
3059 4224 3171 4271 obs.
3195 4220 3301 4270 85.

468 4324 530 4333 —
561 4299 633 4345 Cl'.
680 4299 1008 4355 caeteroquin.
1048 4300 1099 4344 L.
1122 4296 1200 4345 16.
1224 4301 1251 4355 3
1276 4295 1324 4344 5.
1369 4300 1423 4344 D.
1468 4297 1536 4344 de
1568 4297 1627 4352 pe·
1660 4298 1833 4344 norib.
1899 4305 1948 4350 p.
1970 4292 2064 4340 227
2085 4296 2230 4353 sqq.).
2259 4318 2315 4326 —-
2336 4294 2426 4339 Jo.
2452 4292 2595 4349 Auq.
2617 4286 2850 4341 Hellfeld
2869 4286 3011 4332 D.·de
3031 4286 3302 4333 beneficio

470 4362 590 4416 (XX
616 4396 631 4419 ‚
665 4358 744 4416 1.)
777 4385 839 4394 -
870 4361 1208 4419 Ribbentmp.
1231 4362 1263 4406 l.
1291 4362 1327 4408 l.
1370 4363 1396 4417 S
1419 4358 1466 4408 4.
1506 4372 1553 4418 p.
1576 4356 1607 4406 4
1660 4372 1766 4419 sqq.
1787 4364 1837 4406 et.
1899 4357 2256 4413 competentiae
2287 4367 2348 4402 ex
2378 4355 2573 4412 proprio
2601 4363 2755 4408 aeque
2784 4361 2839 4395 ac
2872 4347 3004 4394 tertii
3033 4348 3149 4403 Jure
3188 4349 3210 4405 (
3238 4348 3307 4395 in

470 4424 654 4470 Keller·
671 4423 699 4476 S
713 4420 792 4468 72.
1898 4419 2116 4476 opumj.
2131 4420 2224 4465 civ.
2239 4419 2360 4477 priv.
2381 4417 2463 4462 Νι.
2488 4413 2789 4471 xxv.).-C.
2817 4413 2867 4459 C.
2893 4410 3146 4457 Dabelow
3169 4423 3311 4457 aus-

534 4485 612 4541 15)
645 4488 697 4532 1..
723 4485 801 4531 12.
838 4486 890 4530 L.
917 4483 995 4532 13.
1029 4487 1081 4531 L.
1103 4484 1182 4533 14.
1208 4499 1282 4545 pr.
1318 4486 1368 4531 L.
1395 4483 1474 4531 27.
1509 4486 1564 4531 D.
1610 4484 1677 4530 de
1712 4494 1831 4533 exo.
1899 4481 2050 4529 tuln-l.
2077 4483 2233 4528 Entw.
2253 4481 2304 4527 d.
2330 4479 2483 4525 Lebre
2503 4489 2549 4524 v.
2575 4478 2724 4522 Conc.
2749 4475 2840 4523 der
2860 4471 3125 4531 Glaubiger
3146 4485 3194 4520 e.
3230 4473 3302 4521 7.

470 4549 685 4670 ”gaalz
709 4609 758 4658 5.
783 4614 834 4659 L.
856 4609 905 4660 7.
928 4613 954 4668 ς
975 4607 1024 4656 4.
1048 4613 1099 4656 et
1118 4608 1166 4657 5.
1190 4612 1245 4657 D.
1276 4610 1344 4658 de
1371 4621 1487 4658 exc.
1521 4609 1600 4656 rei
1627 4607 1749 4663 jud.
1777 4632 1833 4641 —
1898 4541 2306 4664 Ρ·11)5ῗ..-161.7ἓ1.
2344 4606 2401 4651 D.
2425 4601 2494 4649 de
2534 4611 2595 4648 re
2620 4599 2747 4655 jud.
2791 4595 2987 4655 a--qui
3027 4607 3088 4643 ex
3123 4607 3312 4646 eausa

472 4675 659 4722 Keller
686 4677 713 4730 ς
731 4674 814 4720 33.
1898 4668 2177 4716 donationls
2195 4668 2500 4722 convenitur,
2525 4664 2575 4709 in
2598 4666 2836 4722 quantum
2872 4661 3035 4707 facere
3079 4664 3270 4717 potest
3291 4695 3316 4718 .,

534 4736 611 4794 17)
635 4736 751 4792 Goji
767 4737 878 4783 inst.
900 4736 982 4781 ill.
1008 4735 1033 4789 ς
1053 4730 1163 4780 186.
1190 4759 1245 4766 —
1279 4733 1465 4781 Keller·
1490 4734 1517 4788 s
1538 4731 1619 4781 24.
1660 4729 1740 4779 25.
1777 4757 1834 4766 -
1898 4733 2251 4779 condemnatur
2270 4753 2332 4762 —-
2352 4753 2414 4762 —-
2430 4752 2512 4773 —.
2531 4727 2647 4773 Imo
2668 4735 2768 4772 nec
2787 4726 2951 4770 totum
2970 4755 2986 4782 ,
3000 4721 3153 4781 quod
3173 4720 3319 4769 Ιια-

470 4798 544 4847 Cf.
565 4800 822 4858 (Ηιῐῠηεν)
844 4796 1050 4844 Bericht.
1072 4809 1123 4845 u.
1150 4797 1352 4844 zusatze
1389 4808 1451 4844 zu
1475 4797 1730 4855 nopfner’s
1748 4798 1835 4844 ln·
1898 4794 1986 4840 bet
1999 4827 2017 4854 ,
2040 4791 2470 4851 extorquendum
2492 4788 2541 4836 ei
2556 4791 2721 4849 puto,
2742 4786 2840 4835 sed
2872 4788 2930 4833 et
2945 4784 3113 4842 ipsius
3131 4784 3320 4834 ratio

470 4863 752 4910 stitutionen
775 4874 825 4920 p.
849 4857 1055 4907 84-87.
1899 4856 2152 4906 habenda
2172 4857 2255 4903 est
2272 4887 2291 4916 ‚
2326 4865 2396 4902 ne
2412 4853 2583 4913 egeat.
2605 4865 2629 4891 υ
