3544 5506
961 374 1095 419 car.
1136 375 1234 419 111.
1273 376 1350 418 nn
1385 377 1751 421 autumnis
1789 380 2280 424 mamus-mus».
2933 373 3046 432 619

234 485 405 555 quae
425 477 1127 555 fideiipsiuscoumiissa
1150 483 1301 539 cunt
1316 480 1624 540 codicillis
1645 477 1730 555 ¹²).
1757 483 1872 560 Qui
1899 498 2053 545 vero
2075 485 2247 547 racto
2271 487 2656 550 testamento
2676 489 3045 552 conduntur

233 581 505 640 codicilli
529 622 546 648 ‚
568 581 700 639 sive
723 587 873 639 ante
895 585 1348 639 testamentum
1367 580 1514 640 iacti
1544 587 1691 639 sunt
1717 578 1847 640 sive
1867 591 2008 656 post
2033 588 2209 659 illud,
2229 588 2507 661 itemque
2530 592 2658 647 sive
2681 593 3041 652 confirmati

233 688 381 739 sunt
407 686 790 738 testamento
820 681 950 739 sive
995 695 1126 738 non
1177 677 1541 739 confirmati
1573 678 1636 754 ¹³)
1654 725 1671 755 ,
1718 683 1938 754 utique
1982 685 2147 743 vires
2195 687 2509 760 accipient
2552 702 2627 746 ex
2660 681 3043 753 testamento

233 780 550 854 hujusque
578 779 772 851 ipsius
799 780 903 853 jus
928 786 1278 853 sequentur
1304 776 1389 853 ¹⁴).
1420 784 1523 839 Est
1555 787 1769 839 tamen
1796 826 1812 850 ,
1845 785 2016 856 quod
2045 784 2297 843 differat
2326 787 2493 844 inter
2531 791 2948 848 confirmatos
2980 799 3046 850 et

234 891 367 935 non
410 876 822 934 confirmatos
862 871 1226 945 codicillos,
1272 876 1583 948 siquidem
1623 877 1740 934 illis
1783 885 2073 952 tantum,
2120 897 2251 940 non
2298 879 2490 941 etiam
2521 880 2651 955 his,
2695 891 2759 943 et
2787 887 3049 945 libertas

234 972 501 1035 concedi
521 976 767 1033 directo
795 982 1038 1048 potest,
1087 983 1153 1034 et
1176 983 1357 1035 tutor
1387 977 1599 1034 liberis
1622 977 1759 1034 dari
1794 975 1890 1052 ¹⁵).
1925 982 2263 1039 Caeterum
2309 983 2443 1041 fleri
2474 984 2667 1041 etiam
2699 992 2906 1056 potest
2926 1014 2954 1051 ,ι
2976 994 3049 1044 ut

235 1088 385 1132 cum
412 1073 701 1145 pluribus
731 1068 1034 1131 codicillis
1064 1073 1290 1145 aliquis
1323 1073 1632 1142 decedat,
1672 1074 1780 1146 qui
1818 1076 2076 1148 quidem
2101 1092 2321 1138 omnes
2343 1079 2530 1139 simul
2550 1081 2829 1153 valeant,
2866 1085 3049 1140 dum-

234 1174 432 1232 modo
460 1173 575 1231 sibi
601 1187 734 1231 non
761 1173 887 1232 sint
919 1168 1227 1233 contrarii
1250 1170 1344 1241 ¹⁶).

1157 1303 1182 1377 §
1209 1305 1354 1364 686.
1385 1302 1742 1363 Codicillaris
1767 1301 2027 1364 clausula
2051 1305 2148 1382 (*).

317 1474 700 1538 codicillaris
724 1480 1009 1539 clausula
1052 1486 1177 1548 est,
1212 1495 1341 1553 qua
1368 1481 1766 1538 voluntatem
1802 1493 1982 1537 suam
2008 1485 2281 1537 testator
2319 1481 2608 1538 declarat
2631 1523 2649 1556 ,
2679 1489 2753 1539 ut
2775 1497 3048 1555 quomo-

235 1576 581 1648 docunque
613 1575 749 1635 fleri
778 1579 976 1649 possit
994 1620 1009 1651 ‚
1041 1582 1492 1634 testamentum
1519 1578 1729 1634 valeat
1754 1573 1827 1650 ¹);
1866 1590 2033 1647 quae
2057 1577 2313 1656 quidem
2338 1592 2465 1634 non
2488 1576 2621 1650 jam
2648 1593 2763 1650 per
2792 1595 2859 1637 se
2885 1580 3047 1638 inest

231 1679 640 1737 testamentis
664 1719 681 1745 ‚
713 1680 823 1737 sed
851 1673 1086 1737 diserte
1118 1676 1456 1755 adjiciatur
1491 1693 1525 1735 a
1558 1684 1868 1736 testatore
1898 1678 2275 1749 plerumque
2323 1687 2580 1736 necesse
2609 1685 2705 1736 est
2747 1675 2815 1751 ²).
2863 1680 3047 1753 Cujus

234 1777 565 1837 clausulae
587 1794 733 1836 cum
757 1779 803 1836 is
827 1780 905 1837 sit
932 1774 1069 1837 linis
1091 1794 1295 1851 eaque
1318 1786 1622 1851 potestas,
1648 1785 1720 1836 ut
1740 1779 1938 1835 instar
1963 1778 2230 1835 codicilli
2250 1771 2537 1837 obtineat
2559 1786 3040 1854 testamentum,

238 1880 470 1947 sponte
500 1875 827 1947 sequitur,
877 1890 1022 1933 cum
1056 1881 1128 1931 ut
1170 1874 1321 1932 nihil
1369 1875 1647 1933 efficiens
1689 1876 1766 1932 sit
1817 1875 2136 1948 clausula,
2181 1875 2298 1932 nisi
2343 1875 2502 1933 haec
2540 1876 2876 1933 observata
2919 1873 3049 1933 sint

234 1968 302 2027 in
336 1975 758 2036 testamento,
816 1985 983 2042 quae
1030 1970 1093 2027 in
1139 1967 1443 2028 codicillis
1487 1955 1809 2028 observari
1856 1985 2114 2028 necesse
2156 1976 2270 2042 sit,
2317 1977 2456 2029 tum
2482 1986 2638 2029 vero
2691 1974 2931 2029 nullam
2967 1988 3044 2031 ea

237 2064 599 2139 adjectione
628 2066 819 2123 tribui
845 2081 1029 2138 posse
1052 2071 1436 2124 testamento
1461 2065 1585 2122 vim
1603 2107 1618 2131 ‚
1645 2081 1811 2138 quae
1833 2080 1964 2122 non
1995 2081 2108 2122 sua
2134 2072 2366 2123 natura
2383 2067 2517 2139 jam
2547 2068 2691 2124 insit
2715 2068 3045 2130 codicillis.

236 2155 794 2234 Quemadmodum
819 2158 1009 2233 igitur
1029 2162 1180 2219 nihil
1203 2163 1550 2234 quidquam
1575 2163 1744 2220 valet
1770 2161 2148 2220 codicillaris
2172 2163 2459 2220 clausula
2481 2163 2561 2219 ad
2585 2163 2734 2220 vitia
2760 2166 3045 2223 tollenda

237 2261 586 2334 ejusmodi,
620 2279 787 2335 quae
819 2263 1169 2320 adhaerent
1216 2268 1597 2320 testamento
1639 2264 1735 2319 vel
1775 2268 2038 2334 propter
2066 2261 2286 2334 judicii
2329 2264 2801 2335 voluntatisque
2847 2263 3036 2336 impe·

238 2357 520 2415 dimenta
578 2358 633 2434 (ξ
676 2359 816 2416 645.
838 2357 882 2432 ),
931 2360 1031 2416 vel
1085 2365 1349 2431 propter
1396 2354 1585 2430 ipsius
1631 2355 1937 2416 orationis
1986 2359 2447 2416 obscuritatem
2494 2365 2688 2430 atque
2737 2359 3040 2416 inutilita-

239 2458 368 2511 tem
393 2454 448 2525 (ξ
471 2454 616 2513 645.
639 2455 681 2523 ),
711 2455 808 2512 vel
843 2461 1111 2528 propter
1137 2454 1796 2514 testamentil'actionis
1824 2453 2143 2511 defectum
2170 2453 2226 2525 (ς
2256 2454 2376 2511 659
2409 2453 2578 2527 sqq.)
2601 2451 2644 2528 ³)
2675 2472 2692 2510 ε
2722 2455 2811 2512 sic
2843 2469 3053 2528 neque

241 2566 362 2610 usu
393 2553 531 2626 ejus
564 2555 700 2612 fleri
731 2561 975 2627 potest,
1008 2561 1079 2612 ut
1109 2563 1218 2613 aut
1253 2556 1463 2613 valeat
1507 2560 1960 2612 testamentum
1983 2595 1999 2622 ‚
2026 2568 2158 2626 quo
2189 2556 2693 2612 necessariorum
2738 2554 3044 2612 heredum

236 2649 387 2725 jura
427 2645 839 2709 inveniuntur
879 2652 1170 2723 neglecta
1199 2649 1266 2726 ⁴),
1299 2658 1409 2710 aut
1439 2658 1620 2709 recto
1652 2650 1801 2723 ,iure
1829 2650 2146 2708 hereditas
2188 2648 2517 2707 deferatur
2551 2665 2626 2708 ex
2668 2650 3054 2722 imperfecto

307 2825 390 2881 19)
422 2829 477 2874 l..
499 2828 549 2874 3.
574 2838 648 2884 pr.
677 2828 729 2874 1..
749 2825 798 2874 8.
819 2830 845 2884 ς
864 2827 911 2874 1.
931 2830 984 2874 1..
1010 2826 1086 2874 15.
1111 2833 1137 2887 ς
1166 2830 1212 2874 1.
1233 2830 1281 2875 1..
1310 2828 1389 2875 16.
1415 2831 1469 2875 D.
1494 2828 1547 2874 lt.
1569 2831 1611 2878 e.
1677 2828 1722 2873 vi
1746 2828 1997 2874 clausulas
2016 2826 2313 2873 codicillaris
2337 2826 2389 2872 in
2409 2830 2705 2874 testamento
2724 2827 2880 2873 nulla.
2923 2826 3051 2885 Lips.

243 2912 302 2922 -
326 2889 377 2934 t..
402 2888 479 2936 77.
499 2891 524 2944 S
542 2891 625 2936 23.
650 2892 702 2936 D.
728 2890 795 2937 de
817 2893 915 2951 leq.
941 2893 1038 2949 11.(
1060 2895 1124 2938 cl.
1151 2898 1254 2939 not.
1279 2889 1327 2939 5.
1353 2904 1429 2937 nr.
1450 2903 1496 2937 a.
1519 2891 1610 2939 b.).
1677 2888 1823 2935 1829.

307 2949 389 3007 13)
422 2953 834 2998 confirmatorum
873 2959 1092 3013 exempla
1133 2954 1272 2999 obvia
1298 2960 1412 3000 sunt
1430 2955 1481 2999 Ι..
1530 2950 1607 2999 18.
1736 2953 1782 3009 1)
1808 2951 2036 3008 Exempla
2058 2950 2204 2996 obvia
2229 2956 2342 2996 sunt
2363 2951 2413 2995 t..
2439 2948 2520 2995 29.
2543 2951 2568 3006 3
2592 2948 2637 2995 1.
2661 2951 2714 2995 D.
2731 2950 2825 3008 qui
2845 2951 3052 2997 testam.

243 3013 300 3059 D.
323 3014 375 3059 Ιι.
396 3016 555 3060 t.-t..
583 3019 672 3060 ult.
698 3018 750 3061 D.
776 3015 843 3061 de
860 3015 1037 3071 fideic.
1065 3015 1238 3063 ubere.
1263 3018 1280 3073 (
1301 3018 1376 3061 xt.
1399 3050 1415 3074 ‚
1438 3013 1522 3072 5.)
1550 3039 1605 3048 —-
1667 3011 1779 3066 fac.
1806 3012 2232 3071 (xxvlll‚l.)-L.
2257 3011 2337 3058 88.
2359 3015 2385 3067 S
2408 3011 2486 3058 17.
2512 3013 2566 3057 D.
2586 3012 2655 3057 de
2674 3013 2772 3071 leq.
2797 3014 2853 3058 tt.
2876 3012 3052 3058 Archiv

241 3075 650 3135 Caeterum‚cum
674 3081 968 3135 generaliter
994 3081 1219 3135 loquatur
1259 3081 1376 3135 imp.
1425 3079 1474 3123 l..
1513 3080 1598 3124 ult.
1671 3077 1706 3121 l'.
1733 3087 1827 3120 civ.
1858 3076 2021 3120 Praxis
2044 3076 2099 3120 V.
2129 3087 2176 3131 p.
2203 3071 2312 3120 165.
2353 3082 2367 3132 (
2390 3075 2457 3120 cf.
2481 3072 2754 3128 Hoepfnee·
2774 3076 3053 3120 Commeat.

243 3139 273 3192 S
292 3137 339 3185 ὅ.
364 3140 416 3186 C.
436 3139 488 3185 Ιι.
516 3142 550 3184 t.
580 3173 594 3195 ,
627 3147 774 3185 etiam
813 3144 860 3184 in
887 3142 1182 3186 confirmatis
1201 3139 1438 3185 codicillis
1460 3151 1605 3196 quin·
1665 3141 1692 3193 ς
1715 3136 2119 3192 (ivm-Dicitur
2138 3139 2285 3181 etiam
2312 3142 2793 3192 testamentum‚qiio
2808 3137 3050 3190 ejusmodi

240 3213 338 3259 que
356 3205 555 3248 testium
576 3204 848 3258 praesentia
869 3215 989 3260 opus
1009 3217 1112 3247 esse
1136 3236 1152 3255 ,
1191 3204 1348 3247 verius
1388 3206 1476 3246 est.
1494 3203 1604 3246 'liis-
1667 3202 1885 3245 clausula
1911 3198 2158 3243 invenitur
2179 3232 2195 3255 ‚
2213 3197 2741 3253 fideicommissorum
2766 3198 2928 3244 verba
2950 3198 3010 3243 ha
3024 3223 3041 3232 -

243 3269 372 3310 sent.
397 3264 453 3310 J.
490 3265 558 3310 Η.
585 3264 846 3311 Boeltmer
862 3268 923 3311 de
942 3266 1371 3326 codicillisabsque
1396 3264 1604 3309 testibus
1670 3264 1804 3306 bere.
1849 3261 1899 3305 t..
1923 3259 2003 3307 29.
2031 3272 2106 3318 pr.
2136 3261 2187 3305 t».
2225 3259 2317 3318 qui
2337 3262 2456 3306 test.
2477 3258 2588 3312 fac.
2612 3282 2671 3291 -
2690 3260 2742 3304 L.
2768 3259 2844 3305 11.
2867 3262 2893 3316 S
2916 3262 2958 3306 1.
2981 3259 3051 3305 de

242 3326 416 3371 validis
435 3327 617 3375 (Exere.
643 3327 703 3372 ad
728 3328 881 3373 Pand.
907 3328 965 3373 V.
989 3327 1067 3372 ΝΡ.
1095 3327 1206 3378 78.)
1227 3329 1279 3372 C.
1309 3327 1343 3371 l.
1366 3330 1416 3369 et
1448 3328 1503 3371 G.
1546 3327 1599 3370 L.
1670 3324 1768 3382 leq.
1794 3324 1876 3369 tlt.

242 3388 555 3434 Boehmerl.
577 3390 609 3433 Ι.
631 3388 657 3442 ς
693 3386 754 3435 14
773 3391 1022 3447 sqq.—Ct¹.
1053 3388 1288 3436 Rasum-t
1310 3391 1344 3435 l.
1372 3389 1405 3433 l.
1437 3400 1487 3445 p.
1511 3385 1605 3433 225
1730 3388 1778 3440 2)
1803 3388 1851 3431 l..
1876 3380 1955 3429 41.
1998 3384 2095 3439 55.
2139 3384 2193 3428 D.
2215 3382 2284 3428 de
2305 3383 2375 3429 V.
2418 3385 2476 3428 ee
2508 3383 2569 3428 P.
2594 3384 2646 3428 S.
2674 3384 2688 3437 (
2715 3383 2931 3437 xxvlll,
2953 3379 3003 3427 6.
3033 3384 3049 3439 )

241 3462 351 3509 sqq.
1672 3449 1807 3493 «ια-ιι
1833 3457 1929 3493 non
1948 3446 2099 3491 valuit
2119 3444 2691 3502 [natristestamentumL
2708 3457 2763 3489 ea
2787 3447 3054 3502 scriptura,

313 3511 391 3567 14)
425 3514 477 3559 1..
500 3511 549 3559 ὃ.
576 3512 625 3558 in
646 3511 682 3557 l'.
708 3513 757 3558 1..
782 3511 860 3559 16.
886 3515 933 3560 in
960 3514 994 3560 l.
1016 3515 1068 3559 D.
1090 3513 1143 3559 Ιι.
1173 3511 1391 3558 t.-Vi«t.
1416 3517 1466 3556 et
1489 3510 1606 3558 1..7.
1670 3522 1817 3569 quam
1843 3514 2188 3554 testamentum
2212 3519 2317 3551 esse
2351 3504 2512 3551 v‘oliut
2531 3539 2547 3562 ‚
2571 3507 2823 3552 codicillos
2850 3519 2946 3552 non
2973 3507 3049 3552 fa·

244 3576 275 3630 ς
294 3574 340 3620 1.
361 3575 414 3621 lt.
439 3579 478 3621 t.
526 3590 552 3617 α
572 3576 823 3621 Praeterea
849 3578 897 3621 in
918 3578 1011 3622 iliis
1036 3608 1051 3631 ,
1072 3586 1197 3633 quae
1217 3586 1314 3620 non
1340 3574 1463 3629 juris
1490 3609 1505 3624 .
1526 3574 1610 3619 sed
1673 3574 1790 3627 ciet,
1809 3570 1917 3617 nisi
1935 3569 2035 3617 hoc
2056 3580 2366 3625 expressum
2392 3574 2523 3614 esta·
2549 3593 2599 3601 —
2620 3570 2668 3613 1..
2701 3570 2743 3613 1.
2772 3570 2824 3614 1..
2852 3567 2928 3614 15.
2953 3569 2978 3623 ς
3005 3568 3048 3614 1.

240 3638 362 3682 facti
384 3641 532 3691 sunt,
558 3649 653 3682 noti
674 3643 748 3682 est
768 3639 970 3694 perinde
992 3639 1297 3689 habendum.
1317 3638 1449 3695 quod
1473 3637 1610 3682 codi-
1676 3635 1730 3681 D.
1756 3634 1809 3680 Ιι.
1837 3637 1873 3679 Ι.
1900 3633 1981 3682 (cf.
2008 3645 2154 3690 supra
2176 3634 2202 3687 ς
2224 3630 2330 3677 114.
2356 3638 2459 3677 not.
2479 3628 2528 3677 7.
2548 3637 2597 3675 et
2617 3631 2790 3677 Sickel
2810 3634 2839 3676 l.
2857 3633 2892 3677 l.
2916 3632 2941 3684 3
2959 3633 3052 3688 5.).

241 3700 372 3744 ciliis
392 3699 638 3755 scribitur,
662 3705 806 3757 atque
833 3713 871 3746 si
892 3702 972 3746 ulii
995 3700 1304 3746 confirmatio
1329 3732 1343 3752 ,
1367 3700 1600 3756 scriptum
1678 3696 1988 3752 —Excipitur
2010 3706 2155 3741 causa
2178 3696 2231 3739 1..
2252 3692 2332 3740 58.
2356 3693 2423 3739 de
2436 3693 2612 3749 fideic.
2638 3692 2808 3740 libert.
2834 3694 2930 3748 (xl.
2946 3727 2960 3750 ,
2984 3691 3057 3748 5.)

241 3760 441 3818 fuisset3
478 3761 626 3807 veluti
671 3762 709 3805 si
752 3764 819 3807 ita
864 3765 912 3808 in
943 3763 1179 3808 codicillis
1203 3766 1438 3819 scriptum
1459 3762 1552 3805 erit
1577 3778 1589 3806 ·.
1664 3764 1714 3804 et
1734 3758 2098 3816 quodammodo
2120 3757 2271 3802 etiam
2314 3757 2366 3802 t..
2393 3755 2470 3801 21.
2516 3756 2540 3809 S
2563 3753 2612 3800 ὃ.
2657 3757 2711 3801 C.
2733 3754 2801 3800 de
2820 3757 2938 3801 teet.
2966 3755 3052 3811 (cf.

236 3828 461 3883 vestem,
487 3834 628 3880 quae
648 3834 766 3869 mea
786 3826 888 3877 em
910 3825 1242 3871 codicillorum
1262 3829 1455 3880 tempus
1490 3835 1597 3878 sue-
1665 3824 1690 3876 S
1711 3820 1826 3867 63⁰.
1853 3831 1927 3864 nr.
1948 3817 2038 3875 5.).
2074 3842 2135 3852 -
2171 3820 2222 3864 ln
2264 3819 2477 3864 militum
2506 3821 2815 3862 testamentis
2835 3819 2920 3863 tali
2948 3828 3047 3862 nou

242 3885 482 3932 ctaudum
504 3918 519 3939 ,
542 3896 638 3932 non
660 3897 759 3943 quo
779 3886 1148 3933 contii-tuantur.
1193 3889 1313 3931 ltem
1338 3900 1350 3931 ι
1375 3887 1413 3929 si
1443 3884 1605 3932 Titius
1674 3888 1785 3939 eget
1824 3883 2196 3938 supplemento:
2217 3906 2276 3915 —
2308 3880 2381 3926 (11.
2427 3881 2478 3925 1..
2498 3880 2547 3930 3.
2587 3880 2641 3924 D.
2683 3876 2752 3926 de
2783 3881 2904 3926 test.
2941 3877 3051 3926 mil.

240 3948 405 3995 vivus
424 3952 528 4008 est,
547 3951 619 3992 vel
644 3960 655 3989 :
681 3949 720 3992 si
745 3951 820 3994 tot
841 3948 999 3995 annis
1017 3948 1360 4008 est‚codicillis
1377 3948 1607 4004 legaverit
1672 3945 1856 4001 (xxix.
1881 3945 1947 3999 1.)
1972 3949 2021 3988 et
2043 3942 2306 3989 Teme-liert
2328 3945 2362 3988 l.
2392 3945 2424 3988 l.
2448 3956 2495 3988 c.
2517 3937 2566 3986 5.
2592 3941 2618 3994 S
2644 3938 2690 3986 1.

250 4012 368 4065 seio
392 4044 407 4061 .
433 4016 622 4067 tempus
661 4012 994 4055 codicillorum
1021 4043 1036 4066 ,
1072 4023 1169 4057 non
1191 4022 1290 4069 quo
1314 4016 1532 4066 tempore
1556 4010 1611 4056 ῆι
1735 4006 1784 4064 ὃ)
1806 4008 1882 4053 Cf.
1914 4005 2165 4053 Auctoris
2208 4004 2470 4050 Reurtheil.
2493 4005 2544 4048 d.
2570 4002 2884 4050 stadelschen
2911 4004 3053 4048 Beer·

251 4077 623 4121 testamentum.
666 4074 1038 4130 spectandam.»
1084 4074 1195 4131 (Vid
1240 4074 1366 4118 Bes!
1384 4077 1476 4117 rat.
1515 4084 1611 4117 em.
1680 4069 1952 4126 bungsi'alls
1995 4081 2041 4126 p.
2067 4066 2159 4114 277
2183 4078 2290 4124 sqq.
2335 4068 2386 4120 (Ν
2398 4079 2438 4112 r.
2461 4067 2558 4124 V.).
2601 4088 2657 4097 —
2693 4065 2972 4111 Zimmern
3006 4066 3057 4110 in

247 4132 484 4191 leg.c.2⁴.
502 4136 585 4180 Νι.
606 4134 864 4188 2.)—Coll.
888 4147 997 4181 cum
1026 4136 1075 4180 l..
1094 4135 1185 4191 λς
1207 4134 1256 4180 2.
1280 4136 1332 4179 D.
1356 4133 1408 4179 Ιι.
1435 4133 1613 4180 t.—ci*.
1678 4134 1873 4188 ephem.
1903 4130 1995 4176 Eri.
2024 4131 2080 4175 Τ.
2106 4131 2206 4177 vit.
2232 4140 2280 4186 p.
2307 4126 2399 4174 275
2421 4140 2527 4186 sqq.
2554 4127 2658 4183 (Νι.
2680 4129 2797 4176 lv.l.
2824 4150 2880 4159 -
2901 4127 3060 4179 Seus-

242 4201 317 4243 A.
340 4197 515 4243 Faber
534 4197 659 4250 conj.
692 4198 793 4253 xv,
820 4196 962 4243 16.--
980 4198 1083 4244 Otii
1114 4194 1324 4245 Aurelii
1341 4198 1401 4240 de
1422 4198 1617 4241 vai-ian·
1677 4192 1789 4247 fert
1812 4193 1972 4248 einige
1997 4193 2358 4247 Demerkungen
2384 4192 2467 4236 ttb.
2505 4192 2584 4234 die
2622 4190 3061 4236 codicillarclausel

249 4260 342 4305 ub.
361 4259 548 4314 cujacii
574 4261 777 4316 interpr.
817 4261 947 4318 Disp.
983 4262 1191 4306 ΧΧΧΙΧ.
1242 4260 1254 4309 (
1275 4270 1354 4314 ap.
1378 4259 1617 4303 ottonem
1683 4268 1729 4313 p.
1752 4253 1815 4301 2ss
1840 4266 1947 4311 sqq.
1971 4253 2071 4308 (ΝΥ.
2096 4255 2193 4309 11.).
2213 4277 2266 4286 -
2290 4254 2543 4298 Caeterum
2565 4253 2739 4297 cadem
2753 4253 2940 4296 ratione
2958 4250 3063 4297 effl-

248 4322 310 4367 Τ.
336 4322 418 4367 llt.
441 4334 489 4378 p.
513 4318 608 4367 785
629 4325 838 4379 sqq.).-
867 4324 972 4368 vid.
996 4328 1046 4368 et
1085 4320 1397 4380 Schultinqtl
1419 4326 1523 4366 not.
1557 4321 1620 4365 ad
1687 4322 1835 4373 citur,
1853 4323 1904 4360 ut
1924 4326 2012 4362 nec
2034 4317 2169 4360 irrita
2193 4314 2319 4360 facta
2345 4320 2632 4360 testamenta
2649 4315 2895 4360 clausulae
2912 4313 3060 4371 hujus

250 4385 359 4441 Dis.
387 4384 675 4429 Smallenb.
704 4384 763 4429 T.
794 4385 851 4429 V.
874 4396 923 4442 p.
951 4382 1059 4431 179.
1688 4379 1966 4435 adjectione
1987 4378 2337 4423 sustineantur.

315 4443 397 4502 15)
417 4448 470 4491 t..
494 4444 576 4492 43.
600 4447 655 4491 D.
684 4445 755 4492 de
772 4457 1007 4493 manum.
1054 4448 1263 4493 testam.
1308 4443 1442 4503 (x1.‚
1461 4441 1531 4501 4.)
1565 4466 1621 4476 -
1751 4440 1800 4498 4)
1820 4440 1895 4486 Cf.
1925 4440 1975 4484 l..
2000 4438 2076 4485 15.
2100 4441 2153 4485 D.
2177 4438 2244 4484 de
2276 4438 2424 4494 inoff.
2450 4439 2566 4485 test.
2599 4439 2678 4494 (v,
2700 4436 2770 4485 2.)
2790 4460 2845 4469 -
2868 4436 2920 4482 1..
2942 4435 2992 4483 ἃ.
3014 4441 3067 4484 et

252 4510 305 4555 1..
322 4506 371 4554 δ.
397 4520 476 4564 pr.
506 4509 561 4553 D.
586 4506 654 4554 de
671 4511 796 4554 teet.
820 4512 922 4555 tut.
946 4510 1134 4569 (xxvi,
1160 4508 1229 4562 Ξ.)
1687 4501 1767 4551 56.
1793 4506 1846 4550 D.
1872 4501 1940 4548 de
1961 4501 2060 4562 leq.
2086 4502 2164 4547 ΙΙΙ.
2201 4524 2258 4534 -
2293 4503 2477 4557 Quibus
2509 4500 2700 4547 accedit
2727 4532 2743 4556 ‚
2766 4501 3064 4546 necessarios

323 4568 402 4628 16)
435 4571 461 4625 ς
483 4568 532 4616 5.
562 4571 598 4615 l.
625 4568 744 4617 1..6.
763 4573 790 4627 s
808 4572 855 4618 1.
879 4573 931 4617 D.
959 4574 1012 4617 t..
1033 4568 1082 4618 ὅ.
1105 4574 1159 4617 C.
1183 4569 1236 4615 Ιι.
1258 4572 1297 4615 t.
1688 4564 1895 4612 heredes
1938 4565 2038 4611 rite
2093 4565 2165 4609 vel
2207 4564 2535 4610 instituendos
2580 4565 2652 4609 vel
2690 4561 3061 4608 exheredandos

1689 4641 1794 4674 esse
1818 4662 1832 4682 ,
1871 4637 1960 4671 nec
1996 4638 2111 4672 vero
2135 4626 2224 4670 rite
2247 4627 2430 4673 factam
2475 4627 2626 4671 videri
2659 4625 3016 4670 institutionem
3041 4657 3059 4681 ,

850 4697 879 4751 s
910 4693 1023 4742 686.
1686 4702 1813 4750 quae
1830 4700 1914 4748 pei·
1933 4689 2294 4735 fideicommissi
2309 4688 2454 4734 verba
2469 4688 2574 4733 flat.
2600 4690 2754 4744 Atque
2774 4685 2889 4732 hinc
2910 4688 3062 4732 ctiam

1687 4755 1850 4810 colligi
1893 4753 2112 4807 poterit,
2146 4751 2263 4807 quid
2304 4752 2364 4795 de
2408 4756 2706 4796 testamento
2729 4761 2813 4807 per
2853 4751 3066 4806 postumi

315 4819 375 4875 Γ)
420 4821 562 4865 Sam.
609 4820 798 4875 Stttrclt
834 4820 895 4865 dc
930 4820 1145 4866 clausula
1180 4817 1465 4865 codicillari.
1492 4814 1619 4861 fret.
1689 4816 1998 4874 agnationem
2066 4818 2213 4869 rupto
2291 4824 2447 4870 eoque
2500 4814 2748 4858 clausulae
2796 4812 3068 4867 adjectione

254 4880 399 4929 1670.
437 4904 496 4913 --
534 4882 585 4929 C.
610 4883 671 4927 F.
700 4881 967 4928 Taua-herc
998 4883 1059 4928 de
1098 4881 1313 4928 clausula
1336 4877 1623 4926 codicillari.
1690 4878 1884 4924 munito
1906 4877 2222 4922 statuendum
2245 4875 2340 4920 sit?
2379 4876 2396 4931 (
2423 4875 2534 4919 vid.
2566 4882 2616 4920 et
2651 4876 2702 4919 1..
2728 4871 2805 4920 24.
2832 4874 2858 4927 S
2893 4874 2971 4920 11.
3009 4876 3063 4920 D.

256 4944 364 4990 liat.
413 4940 556 4989 1823.
595 4965 655 4979 —
705 4947 763 4990 R.
816 4943 989 4992 δίσκοι
1022 4943 1143 5000 (Pr.
1188 4946 1241 4991 C.
1277 4941 1531 4998 Binerto)
1566 4940 1627 4986 de
1691 4939 1757 4989 de
1783 4940 1957 4998 fideic.
1986 4937 2075 4986 lib.
2099 4939 2114 4995 )
2139 4962 2200 4974 —
2225 4939 2480 4985 Caeterum
2521 4937 2639 4984 haec
2673 4948 2748 4984 res
2772 4938 2878 4984 aliis
2897 4948 3031 4983 secus
3056 4969 3070 4994 ‚
