3544 5506
1125 372 1261 416 mr.
1302 374 1375 415 11.
1414 374 1493 417 ne
1530 375 1758 417 mma
1798 376 2141 419 romu-n.
2914 373 3024 429 1527

485 531 679 609 5575.
706 530 770 605 b)
799 529 1091 601 Quatenus
1123 529 1427 591 liberorum
1455 533 1682 591 nominc
1701 533 1766 593 in
1788 534 2030 594 solidum
2043 545 2216 614 pater
2239 539 2531 598 conveniri
2542 543 2746 619 possit.

293 725 379 780 Ac
402 716 833 794 praeterillas,
862 739 1020 794 quas
1037 723 1331 794 diximus,
1358 725 1666 802 actiones,
1689 729 2008 800 quaedam
2036 726 2231 790 etiam
2253 733 2316 791 in
2338 735 2612 795 solidum
2635 742 3020 803 constitutae

211 819 357 878 sunt
386 822 689 902 adversus
719 828 970 895 patrem
1005 841 1022 878 ε
1055 826 1228 895 quod
1251 823 1429 898 jussu
1456 822 1525 898 ¹),
1559 828 1638 884 de
1669 828 1730 885 in
1762 844 1899 886 rem
1926 845 2114 887 verso
2140 827 2212 903 ²),
2256 836 2632 895 exercitoria
2670 835 2741 912 ὅ),
2780 841 3023 901 instito-

212 918 304 976 ria
333 915 402 993 ⁴).
430 917 515 977 Et
535 919 713 992 prior
734 916 988 993 quidem
1025 923 1218 982 datur
1249 939 1323 981 ex
1353 921 1457 981 iiiii
1489 929 1785 998 negotio,
1835 930 2008 1000 quod
2049 938 2162 988 aut
2183 928 2370 1005 jussit
2404 943 2587 1007 pater
2615 942 3021 1003 mandavitve

208 1019 545 1097 contrahi,
594 1026 705 1077 aut
728 1026 952 1092 postea
979 1027 1191 1078 ratum
1221 1018 1446 1080 habuit
1471 1018 1538 1097 ³).
1571 1026 1745 1083 Dein
1775 1042 1912 1085 rem
1943 1042 2129 1087 verso
2156 1030 2207 1088 is
2234 1034 2602 1104 experietur
2624 1079 2640 1106 ‚
2698 1040 2882 1111 cujus
2917 1043 3019 1100 vel

209 1114 482 1186 pecunia
508 1116 608 1173 vel
629 1130 850 1187 opera.
884 1116 1138 1187 negotia
1167 1125 1433 1187 gerente
1464 1135 1543 1177 eo
1572 1162 1588 1186 ‚
1616 1121 1724 1193 qui
1755 1123 1817 1179 in
1845 1128 2161 1194 potestate
2187 1132 2286 1183 est
2320 1174 2335 1196 ,
2372 1129 2432 1185 in
2461 1132 2661 1202 patris
2687 1148 2823 1192 rem
2859 1179 2876 1209 ‚
2914 1138 3015 1195 vel

209 1214 575 1271 necessario
602 1216 703 1272 vel
739 1216 982 1273 utiliter
1002 1231 1317 1274 conversa
1339 1225 1435 1276 est
1447 1215 1511 1283 ⁶).
1541 1221 1853 1296 Quoniam
1877 1229 2092 1280 autem
2117 1240 2265 1283 cum
2289 1226 2449 1287 haec
2470 1231 2552 1287 de
2578 1231 2640 1288 in
2670 1248 2805 1290 rem
2829 1251 3017 1293 verso

207 1312 400 1384 acti0,
429 1319 567 1369 tum
592 1329 754 1371 vero
786 1315 1074 1387 reliquae
1118 1316 1311 1387 duae,
1339 1315 1720 1377 exercitoria
1751 1326 1948 1392 atque
1978 1322 2314 1393 institoria,
2345 1327 2425 1384 ad
2454 1343 2564 1386 eos
2592 1346 2850 1402 quoque
2889 1340 3017 1393 tra-

205 1408 441 1466 ductae
467 1415 616 1465 sunt
634 1452 653 1478 ‚
685 1425 963 1481 quorum
989 1426 1104 1486 per
1129 1411 1364 1471 liberos
1385 1414 1675 1473 homines
1695 1412 1956 1487 negotia
1986 1426 2299 1488 geruntur
2326 1424 2371 1492 ⁷)
2390 1466 2408 1496 ,
2437 1424 2804 1484 uberiorem
2826 1443 3018 1487 accu-

204 1504 644 1575 ratio-remque
667 1504 896 1584 harum
925 1505 1253 1564 actionum
1284 1510 1742 1580 expositionem
1793 1512 1878 1569 ibi
1900 1514 2282 1572 tradendam
2309 1532 2454 1575 esse
2475 1521 2830 1580 censuimus
2856 1565 2873 1596 ‚
2909 1525 3015 1581 ubi

204 1599 286 1657 de
311 1600 628 1658 mandatis
653 1600 862 1672 deque
886 1601 1155 1671 negotiis
1177 1598 1368 1672 gestis
1390 1618 1603 1663 sermo
1632 1612 1778 1664 erat
1800 1607 1818 1679 (
1837 1611 1864 1683 §
1884 1609 2027 1666 451.
2057 1615 2124 1666 et
2153 1611 2359 1684 459.);
2404 1613 2466 1670 id
2517 1616 2710 1672 etiam
2749 1633 3022 1677 monere

204 1696 357 1753 satis
379 1696 709 1764 habentes,
736 1703 831 1767 ut,
856 1699 1404 1770 quemadmodum
1434 1698 1593 1760 dein
1620 1718 1761 1761 rem
1787 1719 1974 1764 verso
1999 1708 2168 1765 actio
2191 1711 2520 1768 concurrit
2546 1727 2694 1770 oum
2720 1729 2822 1784 ea,
2848 1731 3017 1786 quae

205 1800 303 1853 est
334 1796 415 1853 de
442 1796 696 1868 peculio
717 1791 762 1869 ⁸)
789 1836 807 1862 ‚
861 1793 953 1855 sic
972 1799 1168 1856 etiam
1192 1799 1243 1856 is
1275 1841 1293 1867 ‚
1320 1801 1429 1871 qui
1451 1802 1551 1859 vel
1572 1800 1746 1878 jussu
1775 1804 2015 1862 domini
2038 1809 2430 1866 contraxerit
2454 1855 2469 1880 ‚
2502 1810 2601 1867 vel
2636 1810 3015 1870 institoriam

204 1891 440 1949 habeat
472 1899 584 1950 aut
608 1893 1052 1951 exercitoriam
1078 1895 1398 1953 actionem
1416 1939 1434 1969 ‚
1457 1898 1539 1955 de
1566 1894 1826 1970 peculio
1844 1943 1861 1973 ‚
1890 1906 2028 1958 tum
2061 1904 2146 1959 de
2171 1916 2254 1960 eo
2274 1944 2289 1968 ‚
2318 1906 2491 1976 quod
2516 1901 2580 1962 in
2609 1922 2747 1962 rem
2773 1908 3013 1966 domini

204 2001 468 2045 versum
491 1995 589 2045 est
608 2029 626 2056 ,
662 2003 853 2060 agere
879 1989 1076 2059 possit
1106 1988 1177 2063 ⁹).
1204 1986 1364 2047 Erat
1393 1987 1658 2051 olim-et
1684 2009 1760 2051 ex
1791 1995 2138 2054 liberorum
2169 1994 2499 2057 maleficiis
2554 2003 2795 2058 noxalis
2848 2005 3019 2062 actio

208 2093 441 2145 eontra
474 2095 726 2159 patrem
749 2089 1006 2159 prodita
1031 2106 1047 2156 ς
1078 2103 1246 2160 quae
1272 2091 1530 2161 quidem
1552 2107 1699 2150 cum
1718 2101 1951 2165 sponte
1979 2100 2243 2154 recessit
2262 2099 2343 2154 ab
2370 2113 2513 2168 usu,
2541 2105 2677 2155 tum
2708 2114 2863 2158 vero
2901 2117 3016 2174 pe-

200 2182 378 2244 nitus
396 2188 820 2245 exterminata
841 2193 941 2246 est
961 2187 1296 2247 Justiniani
1327 2187 1783 2250 constitutione
1812 2233 1829 2258 ‚
1877 2195 2054 2252 unde
2091 2194 2332 2254 sactum
2381 2203 2478 2255 est
2505 2239 2522 2271 ‚
2568 2204 2643 2255 ut
2687 2199 2850 2271 ipsi,
2907 2202 3016 2273 qui

203 2283 644 2355 deliquerunt,
670 2282 768 2343 his
796 2284 876 2343 de
903 2279 1110 2342 causis
1131 2285 1552 2344 conveniendi
1586 2288 1713 2345 sint
1735 2283 1826 2361 ιο).

198 2482 405 2553 §57⁴-
436 2484 499 2561 c)
523 2485 812 2555 Quomodo
835 2492 1011 2544 extra
1035 2482 1295 2544 ordinem
1313 2494 1690 2545 succurratur
1709 2482 1799 2546 nis
1825 2531 1841 2555 ,
1893 2487 1996 2563 qui
2014 2489 2249 2565 patrias
2271 2490 2548 2566 potestati
2572 2489 2812 2567 wbjocti
2832 2500 2972 2551 sunt
2993 2512 3020 2560 ,⁶

1146 2591 1201 2656 a)
1225 2585 1294 2642 in
1319 2585 1609 2662 inthrum
1633 2585 1993 2646 restitutione
2012 2590 2097 2664 (⁶).
2183 2583 2188 2588 ’

289 2765 699 2823 succurritur
727 2780 1196 2838 nonnunquam
1234 2764 1665 2825 filiusfamilias
1693 2809 1711 2839 ‚
1740 2782 1824 2823 ne
1850 2767 1950 2824 vel
1978 2782 2095 2825 sua
2128 2766 2387 2824 levitate
2410 2768 2508 2824 vel
2545 2763 2816 2826 aliorum
2841 2767 3019 2827 trau-

199 2863 391 2922 dibus
414 2863 817 2937 decipiantur
843 2871 959 2922 aut
985 2864 1308 2924 labantur.
1379 2861 1458 2923 Et
1498 2865 1778 2937 primum
1830 2865 2091 2937 quidem
2131 2866 2197 2922 in
2226 2865 2542 2935 integrum
2566 2863 2967 2925 restitutione
2996 2910 3015 2937 ‚

200 2975 374 3033 quae
400 2959 553 3016 nihil
578 2966 695 3027 est,
726 2960 843 3017 nisi
868 2959 1188 3017 minorum
1211 2959 1275 3016 in
1301 2959 1623 3031 integrum
1656 2961 2076 3021 restitutionis
2103 2961 2364 3032 species,
2405 2976 2525 3019 nec
2556 2956 3015 3034 principiorum

200 3055 456 3112 ratione
470 3055 825 3112 abhorrens
850 3054 931 3110 ab
945 3069 1047 3121 ea,
1074 3069 1241 3126 quae
1264 3054 1537 3128 suijuris
1561 3054 1875 3126 impertiri
1900 3057 2062 3112 solet
2085 3055 2460 3112 minoribus.
2478 3061 2553 3112 At
2573 3056 3013 3127 ipsamhorum

199 3155 670 3227 principiorum
700 3154 1187 3226 explicationem
1215 3154 1280 3210 in
1307 3155 1812 3212 commodiorem
1843 3156 2054 3213 locum
2077 3147 2444 3213 differemus
2472 3194 2488 3222 ,
2518 3169 2666 3211 eum
2694 3150 2957 3225 quidem
2992 3197 3010 3229 ,

202 3244 270 3307 in
294 3264 428 3322 quo
451 3251 551 3306 vel
580 3249 853 3307 maxime
872 3255 1213 3307 versantur
1246 3249 1409 3322 juris
1444 3249 1645 3307 nostri
1690 3256 1989 3306 auctores
2016 3293 2031 3318 ‚
2073 3248 2153 3306 de
2222 3249 2540 3306 minorum
2586 3249 2649 3305 in
2699 3250 3015 3319 integrum

197 3344 610 3404 restitutione
638 3344 1022 3402 disserentes
1044 3344 1091 3421 (ς
1115 3342 1256 3401 605.
1289 3342 1483 3415 604.)
1518 3346 1698 3402 Nunc
1717 3346 1789 3402 ,id
1818 3351 2070 3402 tantum
2119 3358 2400 3414 agemus,
2433 3349 2504 3399 ut
2553 3359 2629 3400 ex
2681 3343 2751 3398 iis
2785 3384 2801 3412 ,
2846 3358 3014 3414 quae

195 3439 469 3513 propius
492 3439 806 3496 accedant
839 3440 920 3495 ad
949 3446 1398 3508 argumentum
1428 3435 1850 3512 propositum,
1884 3439 2198 3516 quaedam
2230 3437 2602 3496 delibemus.
2641 3438 2696 3508 1)
2720 3433 3015 3493 Restitui-

201 3541 318 3592 tur
344 3530 540 3604 igitur
580 3528 1013 3592 filiusfamilias
1040 3533 1253 3591 minor
1283 3580 1300 3606 ‚
1352 3535 1402 3592 si
1431 3535 1623 3607 ipsius
1650 3535 1962 3598 interest„
2011 3549 2139 3592 non
2165 3533 2358 3590 etiam
2386 3575 2403 3601 ‚
2447 3533 2497 3589 si
2525 3532 2724 3604 patris
2750 3572 2766 3598 ‚
2809 3547 3014 3603 usque

199 3630 404 3697 ade0,
436 3636 547 3703 ut,
577 3628 693 3686 nisi
724 3631 859 3699 ipse
893 3626 1316 3686 conveniatur
1341 3672 1357 3699 ‚
1392 3645 1474 3686 ne
1502 3631 1566 3686 in
1599 3645 1793 3688 causa
1827 3630 2083 3702 quidem
2114 3630 2194 3686 ad
2224 3623 2653 3701 profectitium
2688 3627 3010 3699 peculium

195 3730 536 3796 spectante
559 3718 710 3781 huic
734 3723 965 3781 auxilio
990 3725 1167 3781 locus
1188 3724 1297 3793 sit,
1333 3725 1483 3782 licet
1503 3727 1892 3797 quandoque
1916 3726 1992 3782 ad
2018 3726 2215 3782 illium
2243 3724 2564 3797 pertinere
2589 3716 2785 3795 possit
2816 3736 3012 3793 pecu-

198 3816 361 3878 lium
394 3817 459 3892 ¹).
486 3817 546 3893 Ξ)
581 3819 812 3895 Quodsi
835 3818 899 3875 in
926 3835 1026 3889 re,
1056 3835 1223 3892 quae
1244 3821 1326 3878 ad
1346 3821 1681 3893 proprium
1704 3817 1897 3894 ipsius
1925 3828 2167 3894 spectat
2206 3815 2657 3892 patrimonium
2679 3860 2694 3887 ‚
2721 3818 2899 3873 velut
2927 3817 3009 3873 ad

831 4033 858 4086 S
879 4030 988 4080 575.
1704 4032 1754 4090 8)
1779 4035 1934 4090 Quid?
1953 4034 2083 4092 quod
2108 4047 2201 4079 una
2218 4035 2486 4090 eademque
2507 4034 2623 4078 olim
2651 4032 2745 4078 l'uit
2760 4029 3012 4089 utriusque

1642 4098 1847 4142 actionis
1868 4097 2101 4152 formula,
2123 4098 2235 4142 licet
2256 4095 2377 4140 duas
2401 4098 2484 4141 illa
2502 4096 2700 4140 liaberet
2718 4091 3011 4140 condemna-

271 4157 322 4213 1)
339 4156 448 4213 Dig.
468 4157 589 4212 (XV,
612 4152 1035 4213 4.)quoa1ussu.
1644 4159 1822 4210 tiones..
1844 4159 1961 4214 Gaji
1984 4163 2095 4205 inst.
2120 4160 2196 4203 lv.
2221 4152 2341 4211 874.
2369 4159 2417 4202 iu
2442 4157 2477 4202 i.
2507 4179 2561 4188 -·
2583 4158 2608 4211 S
2631 4153 2677 4200 4.
2706 4158 2739 4200 Ι.
2764 4155 2815 4201 lt.
2838 4158 2872 4200 t.
2899 4156 2976 4211 (lv
2992 4187 3008 4214 ‚

264 4222 317 4275 a)
341 4220 447 4275 mg.
471 4217 765 4277 (xV,3.)de
788 4219 844 4263 tn
882 4227 992 4263 rem
1028 4226 1202 4263 verso.
1641 4218 2191 4277 7.).-ct.1,.1.s1.9.
2220 4217 2645 4274 u.1a.t.(xv‚⁴.).

263 4284 316 4339 3)
341 4282 447 4336 vig.
473 4281 697 4340 (ΚΝΑ.)
720 4287 770 4324 et
792 4279 908 4325 cod.
934 4275 1572 4337 (1v‚25.)deexerce·toae·ia
1681 4280 1750 4389 ἃ)
1785 4283 1811 4335 ς
1842 4281 1891 4329 5.
1928 4286 1964 4330 l.
2001 4284 2053 4329 Ιι.
2089 4286 2128 4328 t.
2164 4282 2242 4337 (lv
2267 4314 2282 4337 ‚
2305 4278 2393 4338 7.).
2432 4305 2492 4314 -
2526 4282 2600 4325 ct.
2638 4277 2753 4334 caji
2784 4278 2898 4324 inst.
2926 4279 3003 4323 lv.

191 4349 437 4391 actione.
1635 4344 1662 4398 ς
1752 4377 1763 4387 .

259 4404 312 4460 4)
346 4408 454 4463 vig.
474 4407 617 4462 (xlv,
638 4401 714 4459 ὅ.)
735 4406 785 4450 et
808 4404 928 4451 cod.
956 4402 1074 4462 (lv,
1092 4402 1154 4451 25
1177 4402 1281 4458 >de
1303 4402 1571 4452 institoria
1698 4402 1779 4461 10)
1797 4405 1824 4459 s
1856 4407 1944 4452 ult.
1968 4407 2003 4452 1.
2027 4405 2095 4452 de
2115 4401 2350 4450 noxalib.
2375 4404 2480 4450 act.
2507 4403 2797 4460 (Ztmmern
2821 4402 3008 4459 system

188 4467 432 4515 actione.
1635 4466 1722 4511 der
1734 4468 2065 4527 Noxalklagen
2085 4479 2133 4525 p.
2156 4463 2445 4522 tis-120.)
2489 4488 2548 4498 —
2584 4465 2656 4511 Cf.
2684 4465 2735 4509 t..
2756 4462 2838 4511 55.
2865 4466 2919 4510 D.
2940 4463 3009 4509 de

265 4530 318 4586 5)
340 4533 393 4576 ι..
420 4531 467 4574 1.
502 4530 529 4584 s
557 4529 603 4573 1.
625 4531 674 4576 3.
696 4526 746 4575 4.
769 4525 817 4574 6.
842 4527 895 4573 Ιι.
921 4534 956 4573 ι.
984 4529 1103 4585 (xv,
1121 4526 1212 4581 4.).
1248 4550 1307 4561 --
1341 4530 1397 4576 1..
1422 4526 1470 4575 5.
1494 4540 1568 4585 pr.
1640 4528 1876 4576 noxalia.
1903 4534 2012 4577 act.
2036 4531 2139 4589 (lx,
2162 4526 2251 4585 4.).

190 4591 593 4639 eod—muter
607 4593 800 4638 civilist.
824 4589 1064 4637 Abhandl.
1081 4593 1161 4636 Nr.
1188 4594 1204 4636 l
1214 4592 1268 4637 V.

263 4653 315 4709 6)
356 4654 409 4699 L.
435 4654 479 4698 1.
525 4666 599 4712 pr.
637 4655 686 4699 L.
733 4652 780 4698 3.
815 4656 841 4709 ς
886 4652 1002 4700 1.2.
1026 4650 1075 4699 5.
1114 4651 1238 4700 5.6.
1274 4655 1326 4698 L.
1353 4650 1427 4698 10.
1463 4652 1488 4706 S
1520 4650 1569 4698 6.
2261 4649 2419 4708 5574.

188 4713 360 4762 1,.17.
405 4727 481 4772 pr.
525 4717 578 4761 D.
603 4716 657 4763 Ιι.
683 4721 720 4762 t.
753 4717 849 4772 (xv
872 4748 889 4775 ‚
908 4713 998 4773 5.).
1035 4738 1090 4747 -
1128 4718 1181 4764 L.
1202 4715 1253 4762 5.
1275 4727 1348 4772 pr.
1366 4714 1486 4761 eod.
1510 4738 1571 4748 —·

188 4778 256 4823 1..
278 4779 327 4822 3.
342 4778 369 4831 S
387 4775 436 4823 4.
455 4778 574 4823 eod.
1704 4776 1760 4833 (⁶)
1792 4776 1909 4825 Cod.
1932 4777 2012 4832 (ΙΙ,
2029 4777 2132 4832 25.)
2150 4776 2217 4821 de
2234 4774 2575 4831 filiofamilias
2593 4772 2818 4819 minore.

264 4836 315 4893 7)
338 4841 364 4893 S
384 4839 434 4884 2.
460 4839 512 4886 in
528 4840 567 4887 f.
592 4839 629 4888 1.
649 4838 702 4888 ιι.
727 4838 766 4887 t.
788 4834 885 4897 (ιν,
908 4835 1000 4895 7.).
1022 4864 1079 4875 --
1103 4841 1154 4885 ι..
1175 4836 1225 4886 7.
1262 4842 1288 4895 s
1312 4838 1431 4886 1.C.
1453 4837 1505 4889 Ιι.
1531 4841 1570 4884 t.
1700 4840 1743 4894 1)
1779 4840 1898 4884 1,.s.
1921 4837 2015 4893 §⁴-
2039 4840 2092 4884 υ.
2117 4838 2184 4883 de
2205 4837 2444 4885 minoret».
2465 4832 2634 4895 (ινφ)
2656 4835 2700 4891 (s
2719 4831 2828 4881 567.
2855 4835 2903 4879 tn
2925 4832 3006 4889 t).

187 4901 301 4958 (tv,
327 4898 414 4949 eo.
1643 4901 1783 4948 —cn
1810 4902 1861 4950 ι..
1887 4898 1966 4947 58.
1992 4903 2018 4955 ς
2038 4901 2083 4946 t.
2108 4900 2224 4947 eod.
