3544 5506
2963 316 3069 374 501

249 432 635 509 exceptione
670 449 740 495 se
765 436 1051 494 tuebitur
1084 432 1157 512 Β).
1194 433 1421 513 Neque
1446 454 1601 498 vero
1628 440 1804 511 quod
1846 435 2079 498 dicitur
2101 485 2118 512 ‚
2147 439 2286 513 ipso
2307 439 2457 513 jure
2483 439 2720 498 nullius
2761 453 2899 500 esse
2936 456 3072 502 mo-

246 535 493 605 menti,
521 551 688 608 quae
718 534 885 594 inter
911 535 1120 593 virum
1162 542 1228 594 et
1263 551 1528 596 uxorem
1562 539 1926 597 donationis
1953 554 2148 597 causa
2186 545 2496 610 gerantur
2533 535 2578 612 ⁸)
2600 585 2616 610 ‚
2647 554 2727 597 eo
2755 541 3069 618 pertinet,

250 633 435 705 quasi
460 648 726 706 prorsus
749 633 998 692 nullum
1022 635 1104 692 sit
1129 642 1470 694 constante
1517 634 1930 696 matrimonio
1953 638 2055 710 jus
2080 639 2144 696 in
2175 640 2370 697 rebus
2413 638 2666 696 donatis
2702 639 2792 706 ei,
2831 641 2934 697 eui
2962 643 3073 700 do-

249 737 476 787 natum
502 737 622 788 est.
657 732 809 788 Nam
835 736 903 787 et
931 731 1389 802 possessionem
1416 733 1610 791 habet
1630 779 1646 804 ‚
1676 741 1946 791 eatenus
1969 740 2147 792 certe
2166 775 2184 805 ,
2206 740 2279 790 ut
2303 733 2653 791 interdictis
2675 733 2768 791 uti
2792 742 2989 807 queat
3001 733 3068 811 ⁹),

248 845 374 889 nec
421 833 568 904 plus
613 832 891 888 reddere
919 845 1180 889 necesse
1224 832 1450 903 habet,
1494 850 1690 907 quam
1716 834 1781 892 in
1824 839 2138 907 quantum
2183 834 2564 907 locupletior
2606 833 2812 893 factus
2844 841 2943 893 est
2971 833 3065 909 ¹⁰).

250 930 414 1006 Quid
437 936 462 987 ἲ
512 932 687 1005 quod
718 929 1087 989 omnimodo
1119 931 1415 989 lucratur
1442 939 1507 991 et
1550 949 1780 992 usuras
1810 941 1876 992 et
1915 933 2162 992 fructus
2183 976 2198 1005 ,
2219 933 2329 1006 qui
2358 929 2617 1006 quidem
2646 933 2839 1006 ipsius
2870 948 3072 1007 opera

247 1029 545 1102 percepti
583 1035 735 1086 sunt
765 1027 856 1102 ¹¹).
893 1029 942 1085 E
985 1029 1216 1102 quibus
1255 1031 1447 1089 etiam
1492 1032 1869 1106 intelligitur
1894 1074 1911 1100 ‚
1949 1048 2209 1102 eorum,
2244 1048 2413 1106 quae
2446 1034 2547 1091 vel
2582 1029 2929 1106 perierint,
2970 1035 3070 1092 vel

246 1134 592 1187 consumta
621 1123 745 1186 sint
763 1170 780 1196 ‚
808 1130 890 1186 ad
909 1129 1257 1188 donantem
1283 1132 1608 1204 pertinere
1631 1135 2088 1192 detrimentum
2124 1129 2225 1206 ¹2);
2251 1134 2340 1191 sic
2357 1140 2606 1201 tamen,
2630 1138 2704 1190 ut
2728 1129 2789 1189 id
2814 1147 3072 1207 quoque

247 1225 428 1298 quod
476 1240 551 1283 ex
603 1225 794 1282 rebus
821 1223 1083 1283 donatis
1117 1225 1590 1299 comparaverit
1632 1230 1867 1304 conjux
1906 1230 2105 1305 alter,
2151 1231 2253 1289 vel
2295 1230 2463 1289 idem
2509 1230 2607 1287 vel
2652 1230 3066 1300 tantundem,

245 1324 481 1397 utique
507 1324 979 1383 restituendum
1008 1325 1087 1383 sit
1115 1326 1355 1400 petenti
1386 1323 1472 1402 ¹³).

1174 324 1309 368 cu.
1353 326 1401 368 1.
1441 326 1519 368 ΒΕ
1556 325 1711 369 mun
1747 325 2153 371 mmtnonn.

326 1532 355 1602 Β
383 1533 533 1593 545.
580 1533 638 1607 c)
686 1532 900 1604 Quibus
929 1549 1004 1591 ea:
1040 1532 1225 1592 causis
1250 1531 1389 1614 fiat,
1417 1541 1485 1592 ut
1512 1534 1688 1592 etium
1727 1541 1864 1592 ante
1889 1530 2164 1591 donantis
2204 1540 2444 1591 mortem
2483 1539 2649 1592 ratae
2676 1532 2993 1592 habeantur

1487 1631 1843 1694 donationes.

333 1813 817 1890 Saepenumero
857 1823 924 1875 et
963 1822 1116 1874 ante
1159 1815 1488 1874 donatoris
1521 1821 1794 1873 mortem
1826 1816 1962 1874 fleri
1998 1823 2247 1890 potest,
2292 1825 2368 1875 ut
2404 1818 2502 1876 vel
2533 1818 2743 1876 statim
2783 1821 2864 1877 ab
2892 1814 3072 1877 initio

248 1914 517 1972 valeant
546 1913 926 1976 donationes
951 1914 1119 1971 inter
1142 1928 1351 1970 virum
1373 1918 1440 1970 et
1458 1927 1726 1994 uxorem
1747 1953 1763 1980 ,
1798 1913 1896 1971 vel
1923 1920 2143 1986 postea
2166 1915 2644 1973 convalescant.
2672 1917 2757 1973 Ac
2786 1916 3073 1987 singulae

245 2010 516 2084 quidem
550 2027 820 2085 causae,
852 2017 1104 2069 tantum
1151 2026 1281 2070 non
1331 2025 1588 2082 omnes,
1624 2012 1705 2069 ad
1743 2027 1946 2068 unum
1986 2008 2142 2070 illud
2187 2009 2570 2086 principium
2603 2030 2639 2072 a
2664 2014 2825 2088 juris
2867 2015 3071 2073 nostri

246 2113 637 2171 auctoribus
677 2113 886 2170 solent
918 2112 1210 2170 revocari
1238 2128 1253 2167 ε
1280 2112 1469 2170 toties
1495 2112 1713 2168 valere
1745 2111 2158 2188 donationes,
2198 2113 2447 2186 quoties
2490 2119 2829 2185 appareat,
2859 2120 2933 2170 ut
2969 2114 3068 2171 vel

247 2208 606 2282 pauperior
651 2209 798 2265 inde
828 2223 962 2266 non
999 2206 1133 2266 tere
1164 2208 1451 2265 redditus
1495 2207 1575 2266 sit
1617 2208 1866 2265 donans
1887 2252 1905 2277 ,
1932 2210 2029 2266 vel
2060 2216 2236 2268 certe
2264 2225 2394 2268 non
2431 2210 2813 2282 locupletior
2841 2210 2889 2267 is
2911 2252 2930 2284 ,
2962 2211 3070 2282 qui

245 2309 575 2381 acceperit
608 2306 674 2381 ¹).
715 2303 823 2366 Cui
868 2321 1269 2379 consequens
1299 2312 1429 2378 est,
1462 2311 1535 2364 ut
1567 2313 1746 2364 ratae
1778 2307 1904 2364 sint
1931 2308 2309 2370 donationes
2339 2309 2494 2366 haez
2531 2306 2588 2379 1)
2622 2304 2674 2366 si
2712 2311 2778 2366 in
2810 2309 3071 2367 alterius

247 2409 540 2481 conjugis
587 2408 1000 2465 commodum
1048 2409 1299 2465 lucrum
1350 2408 1514 2465 alter
1563 2406 1862 2480 repudiat
1905 2403 1990 2483 ²);
2029 2408 2090 2480 2)
2140 2408 2188 2465 si
2233 2424 2373 2466 rem
2413 2409 2721 2479 alienam,
2762 2409 2942 2483 cujus
2988 2421 3072 2465 ne

247 2503 559 2576 usucapio
576 2502 839 2575 quidem
867 2504 947 2559 ad
971 2503 1317 2561 donantem
1336 2508 1593 2574 poterat
1618 2503 1967 2578 pertinere,
1993 2505 2074 2561 ad
2099 2505 2372 2562 alterum
2393 2502 2723 2572 transfert,
2749 2519 2878 2576 quo
2900 2501 3071 2562 facto

257 2603 326 2660 id
363 2604 559 2661 etiam
589 2602 755 2661 effici
786 2609 1031 2675 potest,
1066 2610 1140 2659 ut
1167 2603 1435 2660 civiliter
1472 2603 1797 2675 possidere
1827 2602 2087 2676 incipiat
2121 2604 2204 2668 is,
2236 2599 2341 2661 cui
2369 2603 2678 2661 donatum
2707 2607 2803 2659 est
2829 2598 2902 2676 ’ὃς
2929 2601 2990 2674 5)
3019 2601 3071 2659 si

248 2702 523 2763 invicem
551 2698 666 2763 sibi
701 2704 1089 2762 donaverint
1116 2703 1216 2762 vir
1242 2709 1307 2762 et
1333 2718 1495 2762 uxor
1514 2698 1557 2779 ⁴)
1585 2719 1604 2775 ;
1628 2703 1687 2780 4)
1721 2702 1770 2761 si
1797 2709 1910 2760 aut
1939 2718 1976 2761 a
2009 2696 2331 2762 creditore
2360 2702 2586 2777 pignus
2616 2700 2967 2760 remittitur
2992 2697 3068 2812 ⁵),

252 2986 304 3032 D.
417 2988 582 3034 solut.
602 2990 780 3045 (XLVI,
797 2986 932 3044 33)-
946 2990 998 3035 L.
1018 2984 1099 3033 39.
1124 2990 1177 3035 D.
1196 2988 1248 3034 Ιι.
1271 2991 1307 3034 t.
1324 2990 1531 3045 (Caeter.
1554 2990 1622 3035 ef.

254 3048 303 3095 L.
361 3083 372 3097 .
400 3052 427 3104 S
451 3049 530 3097 12.
552 3056 602 3097 et
626 3052 676 3097 L.
700 3049 782 3096 26.
802 3064 877 3109 pr.
894 3052 949 3096 D.
967 3051 1020 3096 Ιι.
1043 3053 1233 3107 t.)—De
1250 3052 1624 3109 acceptilatione

254 3111 687 3160 donationiscausa
709 3112 837 3159 facta
864 3113 959 3159 vid.
982 3114 1032 3159 L.
1050 3112 1103 3159 5.
1124 3120 1144 3172 ς
1166 3113 1210 3160 1.
1238 3115 1292 3159 D.
1315 3113 1367 3159 11.
1395 3115 1432 3159 t.

310 3170 361 3230 8)
386 3176 439 3219 L.
466 3172 516 3221 3.
543 3176 569 3230 S
591 3175 668 3221 10.
696 3172 774 3221 11.
797 3177 852 3221 D.
877 3176 928 3221 Ιι.
949 3177 986 3220 t.

311 3233 361 3292 9)
380 3237 433 3283 L.
460 3238 508 3282 1.
531 3236 656 3294 310.
682 3238 738 3283 D.
759 3236 829 3283 de
846 3239 916 3284 vi.
939 3238 1121 3293 (XLIII,
1141 3235 1239 3294 16.)
1276 3258 1337 3268 --
1372 3238 1424 3284 L.
1449 3238 1495 3283 1.
1521 3238 1547 3291 ς
1571 3234 1625 3293 4.,

257 3296 308 3342 D.
328 3297 397 3344 de
416 3311 472 3343 a.
501 3310 554 3345 v.
578 3311 632 3346 a.
652 3312 707 3355 p.
730 3299 1020 3355 (xL1‚2.)—
1045 3300 1095 3345 L.
1121 3298 1166 3345 1.
1194 3299 1220 3353 ς
1239 3297 1285 3344 2.
1310 3300 1359 3344 in
1385 3300 1420 3344 t.
1449 3300 1504 3344 D.
1526 3312 1624 3355 pro

257 3357 377 3405 don.
402 3362 544 3416 (xm,
566 3360 866 3419 D.)—Neque
886 3362 1127 3407 contraria
1151 3366 1225 3406 est
1247 3363 1299 3407 L.
1321 3358 1401 3408 46.
1429 3364 1482 3407 D.
1506 3361 1556 3407 Ιι.
1583 3366 1621 3408 t.

261 3438 284 3462 ι
304 3422 432 3467 luter
453 3424 614 3469 virum
630 3429 680 3469 et
702 3435 906 3470 uxorem
952 3435 1040 3469 nec
1082 3424 1396 3479 possessionis
1420 3424 1514 3470 ulta
1537 3425 1628 3470 do-

257 3486 387 3529 natio
408 3491 505 3531 est.
532 3501 559 3527 n
598 3509 659 3517 —
688 3485 800 3531 Vid.
824 3485 1058 3545 Saviyny·
1070 3486 1228 3531 Besilz
1250 3485 1276 3539 S
1298 3484 1346 3531 7.
1373 3499 1448 3532 nr.
1475 3485 1553 3532 lb.
1577 3486 1625 3533 in

257 3550 356 3592 not.
381 3546 465 3601 (cf.
496 3547 729 3593 Thibaut
743 3549 840 3593 civ.
863 3548 985 3597 Abh.
1030 3547 1110 3592 ΝΡ.
1154 3548 1294 3604 XV.).
1332 3571 1389 3580 ——
1422 3549 1627 3595 Civilem

259 3610 611 3663 possessionem
637 3613 922 3667 pierumque
933 3622 1030 3656 non
1043 3609 1193 3655 habet
1215 3612 1273 3667 is,
1291 3611 1368 3656 cui
1391 3611 1627 3657 donatum

259 3675 346 3715 est.
385 3673 434 3716 L.
460 3669 545 3718 26.
574 3684 648 3729 pr.
676 3673 729 3717 D.
753 3671 805 3717 Ιι.
832 3675 868 3719 t.
902 3697 957 3705 -
995 3674 1046 3718 L.
1085 3670 1131 3717 1.
1170 3671 1196 3725 S
1225 3670 1275 3717 2.
1302 3674 1355 3719 D.
1376 3686 1477 3730 pro
1498 3673 1625 3720 don.

256 3731 387 3788 (ΧΗ,
409 3732 482 3790 6.)
507 3734 624 3788 (vid.
648 3735 674 3787 S
691 3746 793 3791 seq.
821 3739 923 3780 not.
944 3732 1032 3792 5.).
1320 3781 1327 3789 ,

318 3794 393 3855 10)
416 3797 469 3840 L.
490 3794 540 3841 5.
567 3798 593 3851 3
613 3795 691 3841 18.
719 3796 766 3841 in
790 3796 827 3841 f.
852 3797 906 3841 D.
929 3796 978 3841 Ιι.
1004 3795 1163 3843 t.-L.
1188 3792 1237 3841 8.
1262 3797 1315 3842 L.
1342 3795 1417 3844 17.
1440 3799 1492 3844 C.
1516 3797 1566 3842 Ιι.
1584 3799 1625 3842 t.

259 3859 384 3905 -L.
404 3857 456 3903 7.
481 3860 508 3913 ς
531 3856 578 3904 1.
605 3860 656 3902 D.
682 3858 735 3903 Ιι.
764 3860 801 3903 t.
830 3883 886 3891 —-
922 3860 972 3904 L.
998 3862 1046 3904 7.
1068 3871 1142 3915 pr.
1162 3860 1217 3904 D.
1241 3858 1290 3903 Ιι.
1318 3861 1354 3905 t.
1392 3883 1452 3892 —-
1476 3861 1551 3906 Cf.
1576 3864 1627 3905 et

259 3925 355 3965 not.
382 3932 489 3977 seq.

320 3981 396 4037 11)
420 3984 474 4028 L.
501 3978 584 4027 15.
607 3982 634 4035 S
658 3978 702 4026 1.
729 3983 783 4028 L.
810 3979 991 4029 16.17.
1014 3983 1068 4029 D.
1091 3983 1141 4028 Ιι.
1166 3986 1204 4030 t.
1224 4008 1278 4016 —
1305 3984 1355 4028 L.
1375 3980 1426 4029 7.
1451 3983 1543 4038 33.
1573 3984 1627 4028 D.

258 4043 369 4089 eod.
391 4068 451 4076 —
478 4044 533 4089 L.
553 4041 635 4090 ⁴5.
661 4045 715 4092 D.
737 4044 809 4091 de
828 4043 1026 4090 usuri-t.
1054 4048 1070 4102 (
1091 4048 1239 4104 xxti,
1262 4046 1309 4091 1.
1338 4048 1351 4101 3
1376 4060 1403 4087 ιι
1422 4046 1629 4092 Fructus

261 4106 577 4164 percipiendo
617 4118 738 4153 uxor
759 4139 773 4155 .
796 4108 866 4150 vel
896 4109 967 4152 vir
990 4119 1046 4152 ex
1074 4121 1125 4154 re
1139 4110 1317 4153 donata
1342 4119 1453 4153 suos
1477 4109 1592 4153 tacit
1612 4120 1626 4168 ;

260 4168 362 4212 illos
398 4174 571 4213 tamen
594 4201 609 4222 ,
653 4179 776 4226 quos
798 4169 898 4214 suis
918 4170 1077 4226 operis
1097 4170 1381 4229 adquisierit
1405 4184 1431 4211 ιι
1454 4194 1532 4215 —.
1556 4170 1629 4217 Cf.

260 4230 476 4275 Polliier
498 4232 561 4276 ad
584 4229 637 4275 h.
662 4236 766 4278 t.—
788 4233 867 4279 Nr.
890 4229 970 4279 66.
998 4238 1100 4280 not.
1125 4244 1170 4279 a.
1198 4234 1246 4279 b.
1274 4257 1329 4265 --
1358 4232 1467 4278 vid.
1490 4243 1635 4291 supra

264 4292 289 4344 S
306 4289 414 4338 254.
436 4297 549 4337 not.
574 4290 625 4337 5.

325 4353 399 4410 12)
425 4355 477 4399 L.
501 4352 583 4400 28.
601 4367 679 4411 pr.
696 4356 749 4400 D.
769 4356 822 4403 Ιι.
838 4359 996 4403 1.—L.
1019 4358 1098 4405 29.
1122 4368 1195 4414 pr.
1219 4357 1267 4402 L.
1289 4356 1397 4411 3⁰-S
1414 4355 1457 4403 1.
1476 4356 1635 4403 ndat.

323 4417 472 4473 13)L.
495 4414 545 4462 7.
571 4414 677 4473 ς’δ.
700 4423 750 4463 et
771 4415 818 4465 4.
846 4420 898 4464 L.
924 4416 1003 4466 50.
1031 4432 1106 4478 pr.
1133 4422 1183 4466 L.
1207 4416 1287 4465 55.
1313 4421 1368 4465 D.
1389 4419 1441 4465 Ιι.
1467 4422 1508 4464 t.

897 4544 924 4598 S
957 4540 1071 4590 545.

329 4662 372 4720 1)
395 4665 446 4709 L.
467 4661 517 4711 5.
541 4666 568 4721 S
592 4662 643 4710 8.
668 4669 714 4710 et
739 4664 815 4712 16.
840 4668 895 4712 D.
922 4667 975 4713 Ιι.
993 4667 1170 4714 t.—ct.
1195 4672 1244 4713 et
1261 4670 1368 4713 not.
1392 4678 1528 4726 seqq.

326 4725 371 4777 2)
398 4729 447 4773 L.
470 4725 519 4773 5.
546 4727 673 4783 313.
703 4725 774 4774 14.
804 4725 1401 4783 15.1..51.s7.o.1a.t.

326 4790 373 4845 5)
398 4792 449 4834 L.
470 4791 521 4835 5.
549 4792 605 4835 D.
631 4801 732 4844 pro
750 4790 948 4838 donato
967 4792 1062 4840 ΧΗ
1090 4824 1104 4850 ,
1129 4789 1178 4838 6.
1214 4794 1230 4848 (
1257 4807 1281 4832 ιι
1324 4793 1372 4838 Si
1395 4793 1467 4837 vir
1489 4790 1628 4836 uxori

269 4854 338 4895 vel
363 4864 483 4897 uxor
504 4852 612 4897 viro
632 4852 904 4911 donaverit,
926 4855 966 4900 si
986 4857 1144 4901 aliena
1170 4866 1245 4900 res
1256 4857 1438 4900 donata
1459 4853 1629 4910 tuterit,

268 4922 431 4960 verum
450 4921 548 4974 est,
567 4914 705 4972 quod
724 4915 979 4964 Trebatius
1001 4917 1205 4977 putabat
1227 4950 1242 4977 ,
1276 4915 1323 4963 si
1339 4916 1631 4975 pauper-ior

308 2921 359 2980 7)
377 2926 431 2973 L.
453 2925 505 2972 5.
527 2923 656 2981 310.
680 2925 760 2972 11.
782 2927 832 2972 L.
857 2923 904 2972 5.
927 2926 953 2982 S
975 2922 1083 2972 5.4.
1106 2927 1160 2973 D.
1178 2925 1407 2973 lae—1..
1428 2923 1623 2983 31131.

324 3050 355 3094 3

1690 2925 1755 2988 is,
1780 2925 1876 2985 qut
1895 2927 2183 2987 donasset,
2207 2938 2314 2972 non
2333 2926 2519 2988 fieret,
2548 2925 2891 2984 usucapionem
2918 2923 3073 2982 possi-

1688 2990 1825 3035 denti
1857 2991 2190 3047 procederem)
2214 3013 2270 3023 --
2294 2992 2448 3047 Atque
2470 2990 2642 3036 eodem
2665 3000 2807 3033 sensu
2830 2988 3072 3044 accipien·
3127 3038 3134 3045 ¹

1686 3052 1749 3097 da
1768 3063 1873 3096 esse
1922 3052 2113 3098 videtur
2134 3055 2182 3098 L.
2209 3049 2290 3097 25.
2314 3052 2368 3096 D.
2389 3051 2444 3097 Ιι.
2470 3051 2652 3098 t.—-Cf.
2684 3049 3074 3097 Unterltolznet·

1685 3113 1907 3165 Ver-ianr.
1948 3114 1974 3167 S
2013 3110 2094 3159 27.
2128 3116 2231 3160 not.
2274 3112 2456 3158 t.—ct.
2499 3113 2665 3159 Glticlc
2711 3112 2867 3158 Pand.
2907 3112 3068 3156 xxvi.

1688 3176 1714 3230 S
1737 3173 1878 3221 1253.
1903 3175 1959 3220 V.
1996 3187 2044 3232 p.
2070 3172 2132 3222 40
2155 3186 2261 3233 sqq.
2303 3179 2352 3218 ct
2406 3174 2800 3222 Unterltotzner
2818 3171 3063 3218 ausruhri.

1687 3237 2197 3293 Verjahrungs-Lehre
2223 3239 2258 3281 l.
2283 3247 2331 3293 p.
2352 3232 2449 3282 594
2474 3249 2622 3293 sq.—
2648 3239 2711 3283 De
2733 3248 2788 3281 ea
2814 3246 2884 3292 re,
2909 3245 3059 3291 quae,

1687 3310 1799 3345 curn
1821 3300 1882 3344 ad
1905 3299 2062 3344 virum
2087 3300 2329 3357 pertineat
2355 3330 2369 3354 ,
2409 3298 2472 3343 ab
2512 3304 2748 3345 extraneo
2770 3299 2956 3343 donata
2998 3300 3073 3342 est

1688 3362 1910 3414 mulieri,
1951 3360 2070 3406 haec
2112 3359 2348 3419 praecipit
2390 3360 2611 3405 Neratius
2637 3376 2648 3406 :
2693 3376 2717 3402 «ι
2738 3360 2784 3405 Si
2805 3364 3070 3404 extraneus

1692 3435 1797 3469 rem
1821 3424 1907 3469 viri
1930 3456 1945 3478 ,
1971 3423 2219 3479 ignorans,
2241 3422 2347 3477 ejus
2368 3433 2474 3467 esse
2498 3454 2512 3479 ,
2539 3422 2783 3479 ignoranti
2806 3421 2945 3468 uxori
2970 3455 2986 3477 .,
3014 3431 3073 3465 ac

1693 3498 1754 3531 ne
1775 3486 1880 3531 viro
1900 3485 2099 3544 quidem
2120 3488 2321 3538 sciente,
2345 3494 2453 3530 eam
2475 3496 2614 3530 snam
2639 3496 2765 3540 esse,
2785 3485 3072 3537 donaverit,

1692 3550 1864 3593 mulier
1885 3553 2015 3592 recte
2036 3559 2145 3593 eam
2168 3546 2434 3602 usucapiet.
2464 3548 2694 3604 idemque
2714 3547 2830 3602 juris
2855 3551 2949 3591 erit
2983 3579 2997 3600 ,
3032 3545 3072 3589 si

1692 3610 1755 3663 is,
1775 3612 1861 3668 qui
1886 3611 1935 3655 in
1957 3612 2200 3667 potestate
2222 3609 2310 3654 viri
2333 3614 2461 3665 erat,
2483 3609 2707 3665 credens,
2729 3620 2778 3653 se
2800 3608 3074 3665 patremfa-

1693 3673 1850 3718 milias
1867 3682 1971 3716 esse
1994 3704 2010 3727 ,
2057 3673 2195 3718 uxori
2219 3670 2369 3729 patris
2392 3672 2667 3717 donaverit.
2716 3672 2808 3717 Sed
2831 3672 2868 3715 si
2896 3670 2968 3714 vir
2992 3679 3073 3715 re·

1690 3736 1888 3789 scierit,
1909 3745 2045 3780 suam
2086 3746 2189 3780 rem
2230 3745 2336 3779 esse
2357 3766 2372 3785 .
2398 3734 2682 3791 priusquam
2723 3733 3036 3789 usucapiatur
3058 3765 3074 3787 .,

1693 3798 2032 3853 vindicareqne
2056 3808 2162 3842 earn
2190 3796 2388 3855 poterit,
2413 3807 2500 3840 nec
2524 3797 2671 3853 volet,
2699 3801 2748 3840 et
2770 3795 2861 3840 hoc
2884 3798 2934 3839 et
2957 3805 3067 3839 mu-

1690 3860 1782 3904 lier
1809 3861 2020 3909 noverit,
2043 3857 2428 3916 interrumpetur
2450 3859 2710 3915 possessio,
2733 3858 2847 3915 quia
2874 3858 3075 3901 transiit

1693 3922 1742 3967 in
1779 3932 1976 3967 causam
1996 3919 2058 3965 ab
2081 3931 2139 3966 eo
2165 3922 2324 3966 factae
2344 3920 2636 3964 donationis.
2682 3922 2831 3976 ipsius
2852 3919 3072 3963 mulieris

1691 3982 1897 4029 scientia
1920 3983 2115 4039 propius
2135 3991 2204 4027 est
2226 4016 2241 4040 ‚
2260 3988 2313 4027 ut
2355 3983 2545 4027 nullum
2567 3982 2888 4039 adquisitioni
2911 3980 3072 4026 domi-

1694 4046 1762 4091 nii
1802 4044 1910 4099 eius
1949 4043 2144 4090 adferat
2179 4045 2580 4102 impedimentum
2604 4057 2615 4089 :
2640 4055 2738 4089 nou
2758 4045 2891 4089 enim
2913 4043 3073 4088 omni-

1695 4108 1840 4154 modo
1862 4117 2036 4152 uxores
2058 4141 2073 4161 ,
2099 4119 2157 4152 ex
2184 4107 2323 4152 bonis
2347 4107 2589 4161 virorum,
2612 4107 2698 4152 sed
2724 4117 2781 4151 ex
2816 4116 2966 4151 causa
2986 4105 3072 4151 do·

1696 4168 1911 4215 nationis
1931 4169 1993 4213 ab
2007 4168 2122 4224 ipsis
2136 4168 2291 4213 factae
2314 4169 2595 4225 adquirere,
2609 4166 2886 4223 prohibitae
2905 4172 3071 4213 sunta·

1701 4233 1754 4277 L.
1794 4228 1875 4279 44.
1921 4232 1973 4275 D.
2019 4230 2070 4276 Ιι.
2095 4234 2132 4276 t.
2169 4232 2319 4285 Quem
2360 4231 2559 4287 quidem
2599 4230 2765 4275 locum
2802 4231 2867 4276 ita
2911 4231 3070 4275 solent

1699 4294 1843 4339 editt.
1869 4292 2167 4349 distinguere
2196 4308 2207 4337 :
2236 4309 2257 4333 u
2292 4314 2351 4324 —
2381 4314 2440 4323 —
2481 4315 2537 4323 -
2583 4292 2677 4338 Sed
2699 4294 2738 4338 si
2763 4293 2834 4336 vir
2857 4291 3075 4337 rescierit

1699 4380 1759 4389 —
1800 4380 1855 4388 --
1893 4382 1953 4389 —
1989 4379 2047 4389 —-
2084 4355 2195 4412 quia
2221 4352 2485 4399 transiitin
2509 4364 2707 4399 causam
2745 4354 2888 4399 abeo
2913 4354 3074 4399 factae

1705 4417 1984 4464 donationis
2007 4416 2156 4473 ipsius
2177 4416 2392 4462 mulieris
2414 4417 2617 4460 scientia
2647 4431 2657 4461 :
2684 4417 2881 4474 propius
2902 4420 2997 4471 est,
3021 4421 3073 4462 ut

1701 4482 1890 4525 nullum
1910 4498 1931 4519 n
1964 4480 2217 4524 rea—Sed
2241 4479 2337 4522 vid.
2363 4476 2592 4535 Saviqny
2614 4478 2664 4523 in
2686 4481 2772 4525 der
2795 4478 3075 4526 zeitschrift

1702 4542 1739 4589 t.
1760 4542 1935 4587 histor.
1965 4542 2019 4585 R.
2045 4542 2121 4587 W.
2143 4542 2182 4586 l.
2208 4540 2288 4585 Nr.
2316 4539 2390 4585 10.

1764 4601 1814 4658 4)
1839 4604 1888 4649 L.
1919 4600 1969 4648 7.
1993 4606 2017 4659 s
2039 4603 2085 4647 2.
2130 4605 2180 4649 L.
2204 4601 2283 4649 67.
2313 4601 2365 4648 D.
2391 4602 2445 4648 Ιι.
2471 4607 2509 4650 t.
2545 4627 2606 4636 -
2637 4601 2709 4650 Cf.
2732 4598 2897 4650 Glic'ck
2918 4602 3069 4651 Pand.

1700 4668 1863 4712 xxvl.
1892 4663 2079 4721 §1252
2105 4677 2151 4722 p.
2179 4662 2271 4710 198
2294 4675 2396 4721 sqq.

1762 4727 1811 4782 5)
1831 4729 1882 4772 L.
1911 4726 1988 4773 18.
2014 4729 2065 4773 D.
2087 4738 2231 4787 quae
2254 4727 2308 4772 in
2330 4725 2518 4779 fraud.
2541 4726 2730 4775 credit.
2752 4728 2912 4785 (XLli.
2933 4725 3068 4783 8.)-

1699 4792 1749 4838 L.
1772 4790 1851 4836 11.
1872 4791 1922 4835 C.
1947 4789 2228 4836 adJCtum
2252 4788 2442 4845 Veetej.
2467 4791 2543 4843 (lv
2563 4823 2577 4845 ,
2599 4788 2702 4846 29.)
2727 4813 2786 4824 -
2808 4792 2940 4836 Caet.
2968 4790 3069 4836 vid.

1695 4856 1745 4900 L.
1771 4866 1857 4899 un.
1898 4849 2087 4907 §15.C.
2119 4852 2186 4900 de
2207 4851 2287 4898 rei
2309 4864 2403 4898 ux.
2427 4853 2538 4899 aet.
2563 4851 2701 4899 etde
2725 4852 2898 4901 Loelu·
2921 4853 3066 4899 Arcti.

1694 4918 1730 4963 t.
1753 4917 1846 4963 civ.
1873 4915 1948 4962 Pr.
1975 4915 2033 4961 T.
2057 4917 2177 4961 le.
2206 4916 2288 4961 Nr.
2316 4915 2373 4962 tt.
2399 4926 2445 4973 p.
2470 4912 2566 4962 2⁴2
2587 4926 2694 4974 sqq.
