3544 5506
1011 345 1146 389 CAP.
1188 347 1278 389 tv.
1320 347 1394 391 DE
1431 348 1730 395 nmmum
1770 349 2327 427 outoswlouluus„
2962 339 3067 396 571

256 457 472 525 potest
493 447 977 527 adjici-negotiis
1006 448 1077 529 ²).
1104 456 1258 513 Cum
1285 460 1500 513 autem
1521 456 1709 514 certis
1731 458 2135 530 negotiorum
2172 457 2392 517 formis
2419 459 2591 519 haud
2613 461 3075 541 contineretur,

259 551 624 625 precarium
647 594 663 620 ‚
711 552 1002 625 adeoque
1032 568 1154 611 nec
1184 554 1351 612 actio
1388 554 1553 612 illius
1595 553 1858 615 nomine
1898 565 2064 616 esset
2089 551 2171 624 ³),
2218 554 2335 617 nisi
2365 560 2413 617 si
2458 561 2539 617 de
2577 561 2974 637 restituenda
2998 553 3071 621 re

261 652 636 709 nominatim
682 659 848 711 esset
885 659 1147 711 cautum
1170 649 1212 728 ⁴)
1238 697 1254 724 ,
1286 654 1561 726 primum
1610 659 1940 715 Praetores
1982 658 2429 729 instituerunt,
2478 665 2553 716 ut
2600 660 2950 718 interdicto
2977 650 3071 719 uti

260 750 485 810 liceret
514 751 809 824 precario
855 752 1033 810 danti
1076 754 1262 826 eique
1299 770 1436 813 rem
1466 755 1753 828 recipere
1795 757 2034 816 volenti
2081 758 2391 815 adversus
2443 760 2862 831 accipientem
2890 754 3073 817 here·

260 849 450 931 desve
479 849 616 923 ejus
634 846 699 921 ⁵).
740 854 958 910 Postea
981 854 1373 915 Prudentum
1396 854 1926 925 interpretatione
1958 850 2150 915 etiam
2175 858 2580 930 praescriptis
2613 859 2824 916 verbis
2854 859 3022 916 actio
3045 901 3063 933 ‚

263 944 477 1025 similis
502 946 608 1004 illa
647 947 1033 1006 commodati
1077 949 1385 1019 actionis,
1435 945 1648 1008 addita
1691 958 1831 1019 est,
1877 967 2042 1025 quae
2083 952 2342 1024 quidem
2385 960 2451 1011 et
2481 953 2706 1011 incerti
2753 949 3072 1012 condictio

262 1051 535 1130 jocatur
559 1041 627 1118 ⁶).
682 1045 953 1104 Omnino
982 1053 1197 1105 autem
1246 1049 1374 1106 lata
1403 1052 1852 1111 tantummodo
1880 1053 2071 1124 culpa
2110 1054 2498 1124 praestanda
2542 1060 2637 1113 est
2673 1055 2762 1111 ab
2793 1069 2907 1123 eo,
2957 1056 3073 1138 qui·

264 1140 561 1215 precario
605 1141 854 1214 accepit
879 1137 924 1211 ⁷)
955 1184 971 1209 ,
1017 1138 1257 1207 scilicet
1299 1149 1647 1217 antequam
1687 1147 2011 1206 redditum
2061 1147 2141 1206 sit
2180 1143 2587 1207 interdictum
2634 1152 2735 1208 vel
2788 1150 2961 1207 actio
2984 1147 3064 1224 ὅ).

264 1237 610 1305 Caeterum
652 1258 803 1301 cum
853 1250 1149 1315 tempus,
1199 1259 1329 1317 quo
1356 1245 1615 1318 quidem
1653 1262 1755 1304 res
1796 1248 2001 1320 repeti
2046 1254 2359 1320 nequeat,
2399 1244 2699 1323 adjicitur
2742 1246 3071 1321 precariae

265 1339 690 1404 concessioni.
738 1354 775 1400 e
811 1340 1043 1399 nostris
1085 1342 1342 1416 quidem
1375 1342 1660 1401 moribus
1701 1343 1901 1403 instar
1940 1351 2037 1405 est
2082 1345 2467 1407 commodati
2512 1346 2839 1418 negotium
2885 1346 3071 1404 aesti-

261 1436 570 1507 mandum
590 1433 659 1507 ⁹).

1370 1663 1472 1698 rtr.
1506 1664 1584 1699 nt.
1618 1663 1680 1701 ΒΕ
1701 1664 1955 1701 utronno.

264 1840 369 1902 Dlg.
409 1841 556 1904 (xvl‚
588 1840 679 1904 3.).
712 1842 830 1893 Cod.
865 1843 966 1902 (lv,
999 1842 1102 1904 54.)
1141 1844 1365 1903 depositi
1394 1844 1482 1895 vel
1509 1848 1701 1894 contra
1732 1869 1794 1879 —
1816 1846 1938 1893 Jac.
1973 1857 2081 1893 van
2113 1842 2429 1900 Assendelst
2461 1848 2515 1892 D.
2549 1848 2611 1893 de
2641 1847 2880 1906 deposito.
2918 1848 3067 1904 bugd.

327 1924 430 1971 Bat.
466 1920 920 1987 1752.—Potlzier‚
946 1925 1115 1971 Traite
1147 1924 1212 1971 du
1257 1928 1540 1977 conti-atde
1568 1927 1733 1987 depot.
1771 1929 1913 1987 (opp.
1948 1928 2028 1974 ed.
2064 1927 2258 1985 Dupin.
2292 1929 2352 1975 T.
2384 1928 2463 1974 lv.
2497 1940 2545 1987 p.
2583 1924 2881 1982 149-206.)

1153 2121 1298 2180 587.
1332 2117 1383 2180 1.
1415 2096 1674 2199 Deposita·
1695 2118 1884 2197 forma
1913 2126 2195 2179 consueta.

348 2328 712 2403 Depositum
752 2346 873 2391 nos
912 2332 1170 2405 quidem
1221 2334 1629 2407 intelligimus
1656 2331 1699 2408 ¹)
1745 2340 2184 2405 contractum,
2228 2347 2359 2407 quo
2396 2348 2499 2391 res
2535 2332 2782 2391 mobilis
2823 2346 2902 2390 ea
2930 2333 3067 2403 lege

265 2430 544 2487 traditur
568 2473 588 2502 ,
635 2437 707 2488 ut
752 2432 946 2503 gratis
995 2448 1140 2491 eam
1188 2433 1511 2507 accipiens
1551 2435 1870 2495 custodiat
1896 2440 1960 2492 et
1991 2426 2511 2507 quandocunque
2553 2427 2867 2505 repetenti
2895 2431 3075 2490 resti-

269 2529 413 2582 tuat
430 2520 494 2600 2).
523 2522 723 2598 Igitur
751 2527 810 2601 1)
835 2544 939 2587 res
961 2572 979 2604 ‚
1018 2546 1184 2605 quae
1212 2530 1334 2589 hac
1360 2533 1498 2602 lege
1540 2531 1836 2588 tradatur
1857 2574 1874 2600 ‚
1904 2546 1979 2588 ex
2006 2529 2337 2588 mobilium
2364 2543 2598 2600 genere
2623 2544 2760 2587 esse
2789 2528 2982 2585 debet
3000 2524 3067 2601 ³).

269 2618 333 2692 2)
359 2618 733 2695 Depositarii
760 2624 1062 2696 obligatio
1091 2641 1170 2685 eo
1195 2627 1594 2695 continetur,
1628 2626 1905 2698 primum
1926 2666 1942 2695 ,
1966 2633 2038 2683 ut
2067 2640 2204 2683 rem
2226 2624 2541 2683 custodiat
2563 2620 2609 2698 ⁴)
2637 2624 3072 2696 damnumque

266 2719 417 2779 dolo
443 2721 538 2780 vel
558 2722 687 2781 lata
710 2724 898 2797 culpa
921 2725 1141 2785 datum
1163 2727 1468 2786 resarciat
1491 2723 1538 2800 ⁵)
1561 2747 1578 2800 3
1604 2726 1834 2786 deinde
1862 2768 1877 2795 ‚
1892 2733 1966 2784 ut
1988 2725 2329 2799 deponenti
2356 2740 2499 2783 eam
2515 2763 2531 2792 ‚
2556 2724 3074 2798 quandocunque

265 2817 369 2877 hic
399 2815 708 2889 voluerit,
750 2820 885 2879 siue
912 2823 1264 2882 cessatione
1298 2824 1527 2882 reddat
1551 2816 1621 2898 ὅ),
1647 2823 1772 2883 hoc
1814 2828 2006 2897 pacto
2029 2867 2046 2894 ,
2092 2829 2164 2881 ut
2202 2838 2325 2882 nee
2356 2828 2620 2895 propter
2646 2837 2757 2893 ea,
2791 2836 2960 2895 quae
2983 2821 3074 2876 vi-

331 3042 470 3101 2)Cf.
504 3043 559 3090 1..
581 3042 663 3092 20.
688 3046 744 3096 1).
768 3045 820 3093 Ιι.
847 3050 886 3094 t.
912 3072 972 3081 -
997 3048 1113 3105 Gaji
1146 3049 1260 3095 inst.
1299 3049 1362 3096 n.
1398 3050 1424 3106 S
1456 3048 1536 3096 60.
1576 3075 1638 3083 -
1701 3062 1794 3096 nae
1819 3051 2083 3098 immobilis
2123 3062 2219 3096 non
2250 3051 2501 3107 deposito,
2540 3048 2624 3095 sed
2659 3045 2907 3095 mandato.
2945 3047 3069 3106 Lips‘.

271 3103 529 3164 interpret.
553 3107 616 3153 ad
636 3109 814 3158 Paulli
835 3117 960 3159 sent.
976 3122 1076 3158 rec.
1099 3114 1137 3159 V
1161 3145 1178 3171 ‚
1198 3110 1248 3160 6.
1271 3113 1298 3168 S
1315 3109 1365 3158 7.
1390 3118 1441 3158 et
1460 3112 1638 3172 Saviq·
1704 3109 1845 3159 ¹752.
1865 3139 1921 3146 —
1943 3110 2103 3160 Git's‘clc
2127 3114 2279 3159 Pand.
2304 3114 2402 3157 xv.
2422 3109 2577 3168 9839.
2603 3112 2806 3158 Dissent.
2832 3123 2945 3156 cum
2965 3112 3071 3156 aliis

269 3179 347 3227 m·
364 3170 399 3215 l.
423 3170 458 3215 1.
485 3172 537 3216 in
562 3169 598 3215 f.
1704 3174 1983 3231 Hoepfner
2002 3178 2274 3224 comment.
2296 3177 2322 3229 s
2343 3171 2457 3220 779.
2998 3213 3003 3221 .

330 3229 378 3288 5)
400 3232 452 3277 1,.
478 3230 557 3280 u.
577 3232 633 3277 1).
658 3232 710 3278 lt.
732 3236 768 3281 t.
1767 3233 1815 3292 4)
1838 3237 1945 3283 Obs.
1965 3248 1993 3283 a
2017 3238 2034 3294 )
2057 3237 2313 3283 Custodiae
2336 3236 2627 3281 vocabulum
2647 3234 2743 3284 hoc
2765 3235 2815 3280 in
2839 3237 2945 3281 loco
2964 3247 3067 3281 non

333 3291 381 3352 4)
398 3294 474 3342 Cf.
500 3296 552 3342 1,.
577 3293 656 3343 15.
676 3298 701 3351 S
721 3297 771 3344 5.
793 3300 848 3345 1).
873 3298 925 3344 lt.
951 3301 989 3346 t.
1701 3301 1895 3357 proprie
1928 3312 2030 3344 esse
2078 3299 2414 3356 accipiendum
2436 3332 2451 3354 ‚
2492 3297 2573 3344 sed
2618 3297 2803 3355 vulgari
2841 3296 3070 3354 loquendi

331 3353 380 3414 5)
401 3356 452 3401 1..
477 3356 527 3405 Ξ.
554 3360 609 3405 D.
632 3357 683 3404 Ιι.
710 3363 747 3409 1.
764 3386 823 3395 —
849 3362 1086 3420 Ct.supra
1114 3361 1141 3416 S
1159 3358 1272 3409 244.
1298 3364 1400 3407 not.
1425 3356 1629 3409 14—17.
1699 3373 1788 3406 usu
1825 3361 1935 3416 (vid.
1958 3359 2112 3417 5552.
2135 3367 2236 3408 not.
2261 3362 2338 3406 12.
2363 3358 2482 3419 15.).
2520 3386 2579 3393 —
2614 3361 2645 3406 b
2668 3365 2683 3419 )
2708 3360 2885 3416 Quodsi
2919 3360 3068 3406 invito

271 3419 399 3465 etihi
420 3425 636 3467 context.
1699 3423 1898 3471 domino
1918 3436 1968 3470 re
1992 3429 2158 3470 utatur
2180 3424 2524 3485 depositarius,
2543 3425 2732 3470 furtum
2755 3422 2881 3480 fieri,
2903 3424 2928 3478 ς
2949 3420 2997 3468 6.
3024 3425 3061 3470 1.

332 3480 383 3539 6)
404 3482 454 3528 1,.
480 3481 557 3529 19.
581 3485 607 3539 ς
626 3482 674 3529 2.
699 3483 823 3531 uk.
841 3486 1024 3533 t.-cr.
1049 3486 1103 3533 1..
1129 3487 1176 3531 1.
1200 3483 1294 3543 §5-
1319 3486 1437 3533 eod.
1465 3489 1515 3531 et
1535 3485 1635 3531 Sa·
1700 3484 1767 3531 de
1790 3486 1891 3532 obl.
1908 3521 1923 3546 ,
1948 3497 2090 3544 quae
2104 3498 2175 3532 ex
2194 3485 2295 3532 del.
2324 3497 2475 3534 naso.

249 3541 436 3608 =vimis
451 3546 606 3592 Besitz
628 3545 743 3600 sta.
767 3557 816 3595 a.
842 3559 917 3594 nr.
937 3546 986 3595 5.
1006 3548 1074 3607 (p.
1091 3545 1182 3602 179
1205 3560 1280 3609 sq.
1302 3549 1384 3595 ed.
1409 3547 1488 3605 V.)
1510 3549 1536 3605 ς
1555 3546 1633 3594 ⁴2.
1762 3545 1812 3605 5)
1834 3546 1924 3604 33.
1950 3552 1985 3596 1.
2008 3547 2150 3608 quib.
2176 3547 2313 3594 mod.
2336 3561 2397 3595 re
2416 3551 2590 3599 contr.
2612 3547 2714 3595 obl.
2736 3571 2792 3581 -—-
2816 3545 2870 3594 1..
2896 3549 2943 3592 1.
2969 3550 2995 3604 ς
3017 3549 3065 3594 1.

272 3605 339 3664 (p.
362 3602 474 3654 501.
500 3612 603 3654 not.
628 3608 674 3652 1.
695 3613 810 3666 etp.
831 3607 923 3657 513
946 3613 1077 3670 sqq.)
1699 3609 1806 3657 et8.
1835 3614 1888 3657 D.
1909 3612 1960 3657 Ιι.
1982 3616 2018 3658 t.
2047 3636 2101 3644 —
2140 3608 2252 3658 1..5.
2274 3613 2299 3666 5
2331 3610 2379 3657 2.
2405 3616 2458 3660 D.
2487 3609 2817 3658 commodati.
2838 3609 2980 3668 (xm,
2999 3608 3069 3668 6.)

331 3667 380 3726 7)
400 3671 453 3715 1,.
476 3667 566 3725 8.ς
584 3666 634 3715 5.
660 3670 714 3715 D.
736 3670 789 3717 Ιι.
816 3676 852 3719 t.
889 3697 949 3707 —
986 3675 1093 3721 vid.
1129 3676 1304 3721 Hasse
1330 3674 1480 3730 Culpa
1504 3672 1530 3726 S
1552 3668 1632 3716 96.
1701 3674 1785 3727 (cf.
1811 3676 1836 3729 S
1858 3673 1969 3722 555.
1991 3680 2096 3721 not.
2121 3670 2309 3731 5.)-1..
2332 3676 2379 3719 1.
2400 3678 2425 3731 s
2446 3677 2538 3722 ult.
2566 3676 2619 3720 D.
2645 3673 2695 3720 Ιι.
2716 3672 3072 3731 l.—-Exceptio-

271 3741 348 3778 nr.
383 3732 430 3777 1.
465 3757 527 3766 -
573 3731 648 3778 Cf.
681 3737 732 3778 et
767 3736 975 3783 Weber
1032 3738 1095 3784 ad
1148 3734 1425 3794 Hoepsnee·
1463 3735 1488 3789 S
1518 3730 1631 3780 771.
1700 3748 1785 3780 nes
1807 3737 1904 3782 vid.
1928 3739 1979 3782 L.
2009 3736 2053 3783 1.
2075 3736 2163 3794 9-6.
2201 3735 2352 3784 1,.55.
2379 3741 2434 3785 D.
2474 3740 2525 3783 1,.
2555 3737 2599 3783 1.
2624 3737 2677 3782 C.
2700 3736 2750 3781 Ιι.
2776 3737 2813 3780 t.
2840 3733 2920 3790 (cf.
2948 3739 3064 3780 item

272 3798 375 3839 1²⁰²·
402 3795 450 3840 1·
1699 3797 1859 3853 3:555.
1893 3805 1997 3845 not.
2042 3797 2090 3846 5.
2129 3803 2176 3846 in
2210 3799 2288 3854 1.).
2325 3825 2386 3834 --
2419 3802 2673 3846 Caeterum
2714 3798 2900 3854 Aquilia
2924 3800 3065 3855 eulpa

334 3853 383 3914 8)
406 3857 457 3903 1,.
479 3854 561 3908 Ξ5.
578 3861 604 3915 ς
622 3856 672 3905 6.
693 3859 747 3905 D.
767 3858 821 3906 Ιι.
845 3864 884 3907 1.
920 3885 976 3895 -
1011 3862 1064 3908 1..
1087 3860 1166 3910 1⁴.
1190 3861 1313 3915 811.
1339 3861 1394 3906 D.
1415 3857 1484 3907 de
1502 3856 1633 3911 furt.
1699 3862 1869 3920 utique
1912 3867 1984 3906 est
2025 3873 2051 3907 a
2086 3862 2381 3918 depositario
2403 3896 2418 3916 .,
2453 3867 2703 3919 tamquam
2738 3859 2800 3904 ab
2834 3864 3065 3905 extraneo

272 3917 474 3978 (XLVII,
497 3919 567 3977 2.)
1698 3925 2007 3982 praestanda.
2043 3925 2094 3969 L.
2120 3921 2197 3970 42.
2218 3925 2272 3969 D.
2296 3924 2371 3970 ad
2386 3926 2503 3984 Ley.
2538 3921 2713 3981 Aquil.
2733 3922 2834 3980 (lx,
2853 3921 2921 3978 2.)
2943 3921 3061 3977 (vid.

333 3979 366 4028 9
408 3982 485 4029 Cf.
510 3994 657 4041 supra
688 3985 715 4040 S
747 3980 860 4032 342.
884 3985 946 4034 ad
965 3990 1068 4033 not.
1092 3983 1140 4032 9.
1164 3990 1214 4032 et
1239 3984 1464 4032 Thibaut
1479 3982 1633 4031 Pand.
1698 3984 1857 4040 3355.
1880 3992 1980 4032 not.
2008 3984 2186 4043 1-5.).
2207 3987 2337 4040 Quae
2362 3999 2474 4032 vero
2492 3988 2552 4034 de
2575 3987 2745 4042 culpae
2764 3984 2814 4028 in
2836 3983 3059 4042 deposito

272 4043 299 4099 3
319 4041 352 4091 8
421 4078 436 4092 .
458 4056 536 4091 nr.
560 4047 616 4092 C.
1707 4049 2024 4106 praestandae
2045 4049 2336 4106 obligatione
2361 4061 2515 4106 nuper
2554 4048 2601 4093 in
2634 4046 2847 4092 medium
2872 4048 3073 4102 protulit

1707 4110 1949 4158 Kritzius
1982 4110 2135 4167 (tiber
2171 4113 2248 4157 die
2272 4110 2421 4166 Culpa
2446 4109 2571 4157 nach
2591 4115 2714 4155 rum.
2738 4106 2913 4153 Rechts
2940 4111 2966 4164 S
2990 4109 3066 4155 12.

851 4172 879 4227 S
908 4169 1019 4219 587.
1710 4171 1790 4219 15.
1817 4175 1868 4219 S.
1888 4171 1946 4218 71
1982 4198 2042 4207 -
2074 4170 2174 4229 95.)
2200 4207 2214 4228 ,
2249 4183 2307 4217 eo
2328 4174 2489 4218 omnia
2516 4172 2717 4217 redeunt
2748 4185 2759 4215 2
2790 4170 2894 4214 fieri
2920 4172 3068 4217 etiam

1708 4247 1868 4294 posse,
1893 4242 1947 4279 ut
1964 4269 1978 4286 .
2002 4242 2193 4293 praeter
2214 4235 2280 4279 rei
2304 4236 2592 4292 custodiam,
2613 4235 2707 4279 alia
2726 4243 2920 4290 quoque
2944 4235 3069 4280 circa

336 4291 384 4350 1)
402 4293 524 4339 Nam
542 4292 667 4349 juris
685 4295 837 4341 nostri
855 4303 1078 4343 auctores
1112 4297 1266 4353 ipsam
1310 4307 1414 4341 rem
1449 4295 1638 4354 deposi·
1710 4309 1815 4344 rem
1837 4299 2105 4354 depositam
2130 4296 2489 4342 demandentur
2510 4297 2553 4342 ei
2569 4329 2584 4352 ‚
2607 4296 2689 4353 qui
2710 4297 2844 4342 illam
2869 4299 3068 4353 accepe-

272 4358 377 4402 tam
396 4356 491 4402 boc
513 4358 710 4403 nomine
731 4358 980 4415 appellant
1003 4360 1056 4405 L.
1078 4360 1125 4405 1.
1151 4371 1225 4415 pr.
1248 4360 1300 4404 D.
1323 4358 1374 4403 Ιι.
1398 4361 1435 4403 t.
1701 4361 1782 4405 rit.
1819 4361 1924 4414 Quo
1947 4366 2110 4405 tamen
2131 4360 2259 4404 tacto
2276 4392 2291 4410 .
2315 4368 2413 4403 non
2432 4360 2639 4418 amplius
2660 4360 2708 4403 in
2730 4358 2935 4415 depositi
2955 4358 3067 4403 fini·

241 4475 244 4478 ¹
338 4415 390 4475 2)
410 4418 486 4464 Cf.
508 4420 561 4466 1..
588 4420 633 4465 1.
668 4416 760 4475 38.
782 4418 830 4467 9.
858 4422 916 4468 D.
940 4420 993 4467 Ιι.
1020 4426 1058 4472 e.
1094 4422 1295 4467 Observ.
1320 4432 1347 4466 a
1370 4419 1387 4475 )
1427 4419 1638 4477 Depositi
1704 4422 1796 4468 bus
1838 4429 2055 4467 versatur
2084 4433 2187 4474 res,
2211 4422 2294 4466 sed
2331 4421 2495 4477 utique
2531 4423 2578 4466 in
2612 4422 2744 4466 aliud
2778 4419 3070 4466 transfertur

268 4481 406 4530 velut
419 4482 782 4542 pretium‚quod
802 4494 899 4529 non
923 4483 1060 4542 quasi
1083 4495 1285 4542 merces,
1307 4480 1391 4530 sed
1416 4494 1643 4529 remune-
1705 4485 1953 4542 negotium
1978 4518 1993 4538 ,
2014 4490 2070 4530 ut
2101 4489 2185 4529 aut
2218 4483 2432 4528 mandati
2453 4518 2468 4541 ‚
2501 4486 2584 4528 aut
2606 4483 2748 4528 locati
2770 4517 2784 4538 ,
2816 4488 2899 4530 aut
2925 4493 3066 4540 prae·-

267 4542 416 4590 tandi
458 4544 625 4591 animo
665 4551 836 4603 sponte
868 4546 1014 4591 datur
1041 4579 1055 4600 ,
1100 4558 1194 4591 non
1239 4551 1395 4593 mutat
1435 4544 1642 4602 depositi
1704 4548 1892 4604 scriptis
1926 4548 2081 4592 verbis
2117 4544 2307 4592 actione
2340 4546 2705 4592 conveniendus
2746 4546 2807 4590 sit
2848 4546 2954 4596 ille.
2989 4547 3068 4591 cui

269 4604 622 4662 obligationem
645 4608 775 4666 (Arg.
800 4608 850 4655 1..
888 4609 936 4653 2.
957 4609 982 4665 ς
1001 4606 1080 4654 2⁴.
1104 4609 1158 4653 D.
1184 4609 1252 4656 de
1274 4606 1326 4654 υἱ
1346 4608 1466 4654 bon.
1503 4609 1639 4663 rapt.
1707 4612 1883 4656 tradita
1909 4621 1983 4655 res
2001 4615 2092 4654 est.
2127 4611 2198 4654 Cr‘.
2227 4610 2277 4654 l..
2306 4607 2348 4655 1.
2374 4609 2400 4663 S
2420 4605 2593 4654 8-14.
2617 4608 2671 4652 D.
2699 4608 2750 4653 Ιι.
2778 4607 2992 4653 t.—V·d.
3019 4615 3068 4653 et

267 4665 488 4724 (ΧΙΝΙΙ,
509 4666 662 4726 2.).-
685 4668 717 4716 b
739 4670 754 4728 )
778 4671 985 4727 Depositi
1021 4676 1245 4716 naturam
1273 4683 1369 4716 non
1395 4670 1577 4726 babet,
1601 4669 1641 4714 si
1708 4672 1760 4718 1..
1803 4670 1881 4719 17.
1915 4673 1942 4728 S
1978 4673 2025 4717 2.
2060 4673 2107 4716 in
2142 4672 2177 4716 l‘.
2210 4672 2262 4716 D.
2300 4670 2625 4727 depr-aecer.
2662 4671 2807 4718 verb.
2832 4671 2980 4727 (xlx,
3001 4668 3071 4728 5.)

268 4730 393 4792 quid
418 4732 511 4777 alia
534 4743 594 4778 ex
616 4731 932 4789 obligationis
967 4744 1108 4778 causa
1141 4733 1511 4778 custodiendum
1537 4738 1610 4777 est
1630 4765 1647 4786 ‚
1711 4734 1767 4791 (u
1791 4759 1845 4767 —
1871 4760 1924 4766 —
1948 4735 1986 4779 si
2010 4746 2122 4779 vero
2161 4735 2254 4779 mei
2294 4735 2546 4780 dumtaxat
2586 4744 2730 4780 causa
2760 4735 2927 4779 «latum
2961 4739 3072 4790 est,

269 4793 515 4851 siquidem
539 4793 734 4840 initium
763 4798 1043 4841 contractus
1077 4807 1267 4854 semper
1304 4800 1375 4840 est
1415 4799 1640 4854 spectau-
1711 4796 1888 4843 dolum
1928 4797 2093 4843 solum
2114 4828 2130 4855 ,
2173 4796 2301 4856 quia
2329 4808 2496 4854 prope
2527 4796 2816 4854 depositum
2850 4797 2947 4843 hoc
2979 4808 3071 4842 oc-

266 4855 407 4904 dum.
433 4856 489 4901 1..
513 4854 564 4904 8.
589 4868 664 4914 pr.
681 4858 738 4903 1).
757 4855 1010 4905 mandati.
1026 4858 1187 4914 (xvii,
1209 4859 1275 4915 1.)
1712 4858 1870 4908 cedit.
1887 4858 1932 4914 n)

335 4917 387 4975 3)
407 4917 519 4967 vid.
548 4921 600 4966 C.
640 4921 694 4964 G.
725 4918 993 4968 Weidliclt
1013 4921 1069 4966 D.
1094 4919 1155 4966 de
1175 4919 1396 4967 custodia
1430 4919 1500 4964 rei
1538 4920 1653 4966 alie·
1777 4920 1891 4981 6)1..
1909 4922 1955 4969 1.
1981 4918 2100 4976 322.
2124 4926 2170 4967 et
2191 4918 2271 4968 59.
2298 4922 2351 4967 D.
2383 4920 2436 4968 Ιι.
2461 4923 2616 4970 t.-1..
2641 4919 2686 4970 1.
2708 4923 2734 4978 s
2753 4917 2831 4969 ⁴5.
2854 4918 2935 4969 46.
2949 4918 3068 4967 eod.
