3544 5506
1096 425 1231 466 car.
1277 426 1322 466 1.
1377 426 1450 467 un
1488 427 1698 469 usuum
1741 428 2049 470 musione
2091 430 2223 472 erc.
2948 427 3049 481 211

626 570 823 643 ςΞΞό.
873 580 944 636 D.
991 577 1100 634 Res
1126 573 1404 653 simplices
1423 582 1478 634 et
1502 576 1845 654 compositae
1872 577 1969 647 (⁴¹).
2000 579 2212 637 Rerum
2233 579 2656 641 universitates.

311 757 636 831 Simplices
656 773 792 832 res,
822 743 981 833 quas
1012 755 1273 831 quidem
1300 758 1513 818 unitas
1548 759 1826 833 (ἡνωμένα)
1864 764 2131 821 Romani
2159 771 2512 834 vocarunt,
2555 771 2708 824 sunt
2727 810 2744 833 ‚
2772 783 3049 840 quarum

239 859 333 911 est
353 850 634 926 partium
666 854 835 913 inter
858 869 925 913 se
952 870 1086 914 non
1116 850 1476 914 intermissa
1506 853 1914 931 conjunctio,
1962 863 2034 916 ut
2074 858 2301 930 homo,
2334 857 2619 937 tignum,
2650 862 2840 936 lapis,
2886 871 2949 922 et
2973 865 3054 923 si-

238 953 433 1012 milia.
455 955 964 1028 compositarum
986 962 1206 1014 autem
1238 958 1370 1014 duo
1399 961 1548 1013 sunt
1563 972 1839 1027 genera:
1875 974 2076 1015 unum
2102 966 2198 1017 est
2218 1004 2233 1029 ‚
2267 962 2440 1033 quod
2467 977 2545 1019 ex
2582 962 2867 1034 pluribus
2888 963 3054 1022 inter

236 1067 306 1111 se
337 1050 840 1114 cohaerentibus
881 1056 1073 1114 rebus
1113 1062 1365 1115 constat
1407 1055 1752 1128 (συνημμένα)
1774 1100 1792 1134 ,
1829 1057 2046 1130 qualia
2073 1065 2224 1116 sunt
2257 1054 2620 1118 aedificium
2643 1103 2661 1134 ‚
2707 1051 2915 1130 navis,
2946 1078 3052 1120 ar—

234 1154 545 1223 marium3
576 1156 854 1214 alterum
875 1198 891 1230 ‚
925 1156 1101 1228 quod
1147 1152 1447 1214 distantia
1470 1154 1760 1215 continet
1782 1199 1801 1230 ,
1830 1159 1942 1215 uni
1970 1164 2190 1215 tamen
2220 1154 2465 1216 nomini
2495 1159 2782 1233 subiecta
2800 1203 2817 1230 ‚
2845 1175 3054 1233 eaque

235 1264 368 1307 non
411 1266 490 1309 ex
515 1245 802 1324 singulis,
839 1266 1007 1324 quae
1042 1246 1468 1328 ipsis'insunt,
1504 1248 1841 1326 speciebus
1867 1247 2299 1329 aestimanda3
2339 1269 2534 1327 quam
2565 1250 2825 1327 quidem
2856 1271 3052 1312 rerum

233 1347 669 1407 universitatem
696 1349 732 1417 ¹)
760 1366 917 1424 prae
947 1348 1218 1411 caeteris
1237 1348 1280 1418 ²)
1304 1368 1630 1412 vocamus.
1671 1354 1848 1412 Solet
1874 1360 2090 1411 autem
2115 1349 2457 1412 discrimen
2484 1355 2674 1412 statui
2702 1354 2870 1413 inter
2892 1353 3051 1432 juris

235 1452 300 1506 et
320 1443 468 1523 facti
491 1466 542 1509 s.
576 1447 820 1508 hominis
855 1446 1300 1512 universitates
1326 1455 1396 1525 ³).
1431 1447 1577 1511 ideo
1594 1495 1610 1518 .
1659 1454 1835 1526 quod
1866 1452 2028 1511 aliae
2049 1468 2126 1511 ex
2153 1447 2327 1512 omni
2357 1469 2575 1512 rerum
2599 1468 2837 1524 genere
2866 1469 3050 1514 com-

236 1548 486 1622 positae
517 1564 654 1608 esse
689 1558 990 1622 possunt,
1025 1558 1164 1610 tum
1195 1568 1347 1612 vero
1390 1539 1528 1613 sine
1559 1553 1692 1612 ulla
1717 1567 1790 1610 re
1833 1547 1990 1629 juris
2013 1567 2250 1611 nomen
2281 1559 2476 1625 atque
2504 1547 2904 1612 intellectum
2935 1553 3049 1613 ha-

239 1643 435 1714 bent,
467 1652 540 1703 ut
565 1641 890 1706 hereditas
913 1642 992 1723 ⁴),
1024 1645 1350 1722 peculium
1380 1644 1451 1720 ⁵),
1476 1650 1591 1708 dos
1618 1647 1701 1721 θ),
1720 1644 1921 1716 aliae,
1955 1656 2029 1707 ut
2053 1649 2190 1708 sine
2221 1648 2412 1707 rebus
2436 1692 2452 1720 ‚
2496 1663 2664 1722 quae
2693 1643 2813 1708 illis
2851 1644 3047 1709 insint

237 1740 505 1812 cogitari
530 1757 793 1815 prorsus
818 1750 1180 1818 nequeunt,
1211 1744 1302 1803 sic
1326 1759 1401 1803 ex
1431 1760 1648 1802 rerum
1678 1744 1796 1802 sibi
1837 1738 2135 1803 similium
2155 1788 2172 1820 ‚
2197 1739 2471 1802 maxime
2496 1759 2958 1817 corporearum
2981 1741 3053 1822 ⁷),

235 1834 801 1912 conjunctionibus
820 1880 835 1905 ‚
893 1841 1093 1915 iisque
1135 1843 1238 1899 vel
1293 1835 1706 1900 dominorum
1758 1840 2098 1899 voluntate
2144 1840 2245 1898 vel
2292 1854 2412 1897 usu
2459 1839 3056 1915 consuetudineque

235 1930 405 1996 vitae
434 1935 620 1997 sactis
639 1981 656 2007 ‚
686 1947 984 1999 constant
1005 1980 1023 2010 ,
1047 1941 1261 2014 qualia
1286 1946 1436 1998 sunt
1462 1956 1637 2014 grex,
1669 1940 1977 2009 taberna,
2005 1940 2502 1998 instrumentum
2532 1934 2712 1997 fundi
2738 1982 2756 2013 ‚
2801 1935 3056 2013 aliaque

236 2029 604 2106 hujusmodi
631 2031 699 2109 ⁸).
736 2037 1070 2096 Enimvero
1107 2031 1370 2095 omnino
1417 2035 1540 2094 hoc
1578 2031 1644 2093 in
1687 2036 1828 2093 loco
1873 2029 2345 2108 providendum
2367 2078 2383 2106 ‚
2417 2049 2500 2092 ne
2532 2048 2794 2106 prorsus
2842 2029 3051 2094 aliena

234 2125 561 2191 miscendo
584 2133 650 2192 in
678 2133 1082 2206 gravissimos
1118 2135 1544 2208 prolabamur
1586 2150 1867 2195 errores.
1897 2131 2095 2207 igitur
2121 2129 2401 2208 primum
2433 2133 2719 2193 omnium
2748 2149 2783 2191 a
2826 2149 3045 2193 rerum

234 2226 795 2305 universitatibus,
847 2251 1007 2309 quas
1058 2232 1316 2310 quidem
1366 2236 1471 2295 hic
1510 2231 1949 2307 intelligimus,
1995 2233 2239 2308 sejungi
2289 2248 2551 2292 necesse
2594 2240 2690 2292 est
2738 2231 3051 2311 coniunc-

230 2325 437 2386 tiones
468 2329 804 2402 ejusmodi‚
839 2327 1069 2405 quibus
1098 2348 1200 2391 res
1224 2327 2034 2418 continenturcorporibus
2051 2347 2129 2390 ac
2154 2325 2483 2406 speciebus
2499 2336 2697 2390 certo
2718 2325 3043 2400 definitae,

235 2422 363 2483 hoc
392 2434 580 2499 pacto
601 2472 617 2496 ‚
663 2436 738 2486 ut
763 2445 895 2489 non
925 2432 1005 2489 ad
1041 2438 1248 2490 totam
1291 2427 1815 2502 universitatem,
1868 2432 1980 2491 sed
2026 2431 2108 2488 ad
2135 2429 2413 2501 singulas
2441 2443 2543 2487 res
2567 2472 2584 2498 ‚
2624 2444 2791 2502 quae
2820 2424 2884 2486 in
2912 2424 3047 2502 ipsa

240 2520 461 2581 insunt
479 2563 496 2589 ‚
514 2524 616 2598 ius
637 2570 654 2595 ,
682 2528 763 2586 de
791 2543 923 2600 quo
949 2523 1286 2601 quaeritur
1306 2572 1322 2597 ‚
1356 2528 1770 2587 referendum
1794 2523 1877 2587 sit
1904 2527 1979 2596 ⁹).
2007 2521 2246 2585 Deinde
2276 2526 2478 2598 probe
2500 2527 2854 2583 notandum
2874 2570 2890 2597 ,
2915 2540 3048 2583 non

238 2619 451 2675 omnia
487 2635 688 2694 aeque
731 2618 887 2698 juris
918 2629 1266 2697 praecepta
1301 2630 1413 2681 aut
1460 2624 1524 2681 in
1550 2638 1778 2682 omnes
1808 2638 2026 2682 rerum
2048 2622 2495 2680 universitates
2520 2627 2634 2678 aut
2672 2617 2736 2677 in
2768 2621 3047 2693 singulas

234 2728 311 2773 ex
336 2717 564 2776 eodem
592 2733 831 2792 genere
861 2719 1074 2779 valere
1111 2721 1178 2792 ¹⁰)
1198 2766 1214 2789 ‚
1257 2725 1395 2780 tum
1419 2734 1573 2779 vero
1603 2718 2023 2780 statuentium
2052 2718 2385 2778 voluntate
2423 2710 2560 2775 fieri
2588 2731 2768 2790 posse
2786 2760 2805 2794 ,
2837 2722 2909 2776 ut
2931 2715 3045 2777 de-

1681 2933 1953 2979 commeut.
1971 2931 2038 3039 gr.
2062 2932 2162 2987 ll.s
2184 2929 2277 2978 172
2292 2931 2661 2979 a.—Auctorls
2681 2928 2889 2978 diatribe
2900 2932 3049 2980 modo

1682 2996 1817 3041 laud.
1841 3008 1889 3052 p.
1906 2993 1970 3040 32
2031 3007 2140 3053 sqq.

290 3054 354 3112 (³)
372 3057 584 3104 Seneca
616 3067 697 3114 ep.
721 3054 831 3104 los.
855 3058 942 3106 Id.
967 3059 1158 3104 natural
1181 3062 1369 3117 quaest.
1395 3061 1464 3109 ll.
1486 3061 1602 3105 9.-
1728 3055 1780 3115 4)
1802 3058 1854 3103 1..
1877 3055 1958 3103 50.
1982 3068 2055 3114 pr.
2082 3059 2135 3105 l).
2156 3056 2224 3104 de
2244 3051 2427 3101 lter-ed.
2448 3058 2557 3111 pet.
2581 3056 2659 3114 (V,
2678 3055 2748 3112 3.)
2772 3079 2828 3088 —-
2850 3060 2902 3104 1..
2933 3055 3043 3106 178.

233 3120 283 3165 l..
306 3116 386 3163 50.
410 3132 489 3177 pr.
514 3120 569 3165 D.
588 3118 656 3164 de
694 3131 882 3178 usurp.
903 3121 1038 3177 (xm.
1055 3122 1126 3177 3.)
1151 3145 1202 3153 —-
1233 3122 1607 3181 Warnltoeniq
1669 3121 1695 3174 S
1731 3118 1776 3166 l.
1817 3121 1871 3165 1..
1899 3117 2010 3164 908.
2046 3120 2100 3165 D.
2126 3119 2194 3166 de
2226 3119 2296 3167 V.
2315 3119 2370 3165 S.
2389 3140 2452 3153 —-
2487 3119 2544 3163 Et
2566 3118 2767 3163 Romani
2806 3121 3003 3178 quidem
3027 3155 3044 3178 ‚

232 3183 284 3228 in
306 3181 450 3229 Arch.
471 3182 511 3227 f.
535 3181 630 3227 civ.
646 3181 725 3227 Pr.
748 3183 805 3227 T.
831 3184 910 3229 xl.
935 3184 1017 3229 Nr.
1040 3184 1157 3237 lx.3
1181 3185 1227 3229 1.
1670 3193 1781 3228 cum
1802 3181 2076 3228 accuratius
2092 3188 2141 3227 et
2160 3183 2291 3227 velut
2316 3192 2376 3227 ex
2397 3181 2515 3227 artis
2551 3181 2733 3236 regulis
2757 3182 3041 3240 loquuntur,

297 3241 1117 3302 l)Haueul›e1-Uuiversitasjnris
1140 3248 1240 3292 und
1266 3246 1603 3303 rerummrch,
1671 3244 1998 3290 universitatis
2026 3255 2205 3291 nomen
2229 3254 2324 3288 non
2347 3243 2439 3288 nisi
2463 3243 2523 3288 de
2545 3242 2897 3290 hereditatibus
2913 3243 3045 3303 ejus-

233 3308 269 3353 i'.
295 3306 390 3352 civ.
415 3308 495 3353 Pr.
521 3307 580 3353 Τ.
603 3309 663 3353 V.
686 3308 766 3354 Nr.
793 3308 869 3363 l.).
896 3332 957 3342 --
984 3308 1352 3368 ll'arnkoeniq
1373 3310 1495 3356 uber
1516 3313 1611 3358 «ιω
1671 3319 1766 3366 que
1808 3306 2047 3351 similibus
2084 3305 2457 3364 acquisitionum
2507 3305 2763 3364 generibus
2811 3319 3047 3366 usurpare

233 3367 425 3425 aegris.
445 3382 496 3416 u.
522 3371 602 3417 die
632 3370 798 3425 jurist.
818 3371 1135 3427 Wichtigkeit
1161 3373 1250 3417 der
1268 3383 1308 3416 s.
1331 3384 1381 3428 g.
1410 3373 1611 3419 Univer-
1671 3373 1969 3415 consuerunt
1990 3368 2058 3423 (l..
2083 3367 2163 3414 20.
2188 3370 2213 3423 ς
2236 3365 2311 3413 10.
2344 3369 2400 3416 l).
2420 3368 2490 3414 de
2508 3369 2623 3416 lter.
2653 3370 2891 3424 pet—ct.
2920 3371 3047 3417 lurra

235 3433 350 3477 sitas
362 3444 528 3479 rerum
550 3433 692 3490 (ibid.
715 3434 774 3481 Τ.
799 3435 877 3479 xl.
900 3435 982 3480 Nr.
1007 3433 1122 3490 lx.).
1150 3458 1206 3466 —
1226 3434 1602 3496 Spanqenberq
1674 3436 1776 3478 not.
1801 3430 1903 3488 25.)
1920 3465 1934 3488 ‚
1958 3432 2063 3476 scil.
2084 3436 2281 3487 propter
2303 3433 2668 3478 universitatem
2689 3434 3005 3479 successionis
3029 3450 3046 3494 ;

232 3493 283 3540 in
303 3492 543 3542 Themide
565 3498 624 3543 ιι.
647 3496 728 3541 ur.
761 3496 862 3542 xli.
890 3518 950 3526 —
973 3498 1042 3542 H.
1076 3497 1146 3541 K.
1186 3494 1475 3550 Hoffmann
1521 3499 1606 3545 ub.
1672 3494 1698 3547 s
1719 3492 1769 3540 6.
1790 3495 2095 3551 1,pe›·quas
2113 3503 2329 3550 person.
2355 3494 2508 3542 nobls
2531 3493 2736 3552 aequtr.
2754 3518 2809 3530 -
2832 3492 3042 3555 1..5.pr.

233 3557 329 3603 den
370 3557 575 3604 Einfluss
616 3559 926 3615 allgemeiner
956 3558 1275 3604 Pfandrechte
1294 3560 1385 3605 aui·
1401 3558 1481 3604 die
1500 3562 1608 3607 ein·
1672 3558 1726 3603 D.
1749 3555 1818 3602 de
1837 3554 1957 3603 bon.
1975 3566 2203 3612 possess.
2225 3555 2470 3615 (xxxvii,
2501 3556 2568 3613 1.)

232 3622 405 3667 zelnen
438 3621 627 3667 Sacbeu
666 3626 750 3665 «les
788 3620 1087 3667 Schuldners
1128 3620 1290 3679 (vers.
1335 3621 1420 3668 llb.
1467 3624 1605 3670 Rom.
1732 3616 1782 3676 5)
1821 3620 1873 3664 1..
1915 3619 1994 3665 30.
2045 3630 2119 3675 pr.
2163 3619 2217 3663 1..
2255 3618 2334 3663 32.
2377 3631 2451 3677 pr.
2498 3619 2549 3666 in
2592 3615 2626 3662 f.
2673 3620 2724 3665 1..
2767 3615 2849 3665 ⁴0.
2885 3620 2941 3665 D.
2978 3619 3045 3666 de

235 3681 290 3727 lt.
326 3685 363 3729 l.
387 3685 598 3729 Darmst.
620 3681 778 3740 1830.)
798 3684 825 3739 S
848 3680 878 3729 ⁴
899 3694 1005 3741 sqq.
1030 3708 1084 3716 —-
1109 3695 1157 3729 v.
1179 3683 1464 3733 Rue-liliola
1488 3686 1608 3732 Ver·
1665 3680 1839 3736 pecul.
1868 3681 1995 3738 (xv.
2017 3680 2084 3739 1.)
2127 3706 2189 3716 -
2231 3681 2283 3727 1..
2309 3679 2352 3727 1.
2379 3694 2454 3740 pr.
2489 3683 2542 3728 L.
2565 3681 2615 3728 3.
2644 3683 2699 3727 D.
2739 3679 2957 3739 quando
2979 3683 3050 3728 de

232 3746 380 3793 suche
408 3746 490 3791 Νι·-
511 3746 594 3791 lll.
617 3768 678 3777 —
698 3743 937 3792 Rossltirt
967 3745 1090 3791 uber
1119 3747 1420 3795 Universitas
1442 3759 1606 3797 rerum
1662 3743 1841 3799 pecul.
1866 3746 1972 3791 acl.
1994 3741 2213 3792 annalis
2232 3746 2317 3791 est
2347 3744 2468 3803 (XV,
2489 3746 2676 3804 2.)-1..
2698 3745 2780 3791 33.
2801 3740 2881 3790 34.
2906 3745 2961 3790 D.
2980 3743 3052 3792 de

234 3807 283 3852 in
301 3807 478 3863 ejusd.
499 3806 733 3854 zeitschr.
753 3808 810 3852 T.
833 3811 871 3854 l.
898 3820 948 3866 p.
973 3805 1063 3854 11⁴
1088 3833 1145 3841 —
1167 3805 1274 3854 117.
1298 3832 1362 3844 -
1403 3814 1606 3857 cesten-
1664 3807 1841 3862 pecul.

232 3868 358 3930 aino
378 3871 502 3917 tlber
519 3871 733 3915 univers.
758 3881 852 3917 rer.
875 3871 927 3916 iu
945 3870 1424 3931 Nachrorsehungen.
1449 3873 1507 3919 T.
1524 3875 1604 3921 lV.
1732 3867 1781 3926 6)
1804 3869 1912 3914 VM·
1934 3880 1979 3915 ⁷·
1995 3880 2039 3914 0·
2061 3869 2114 3914 Β·
2137 3865 2218 3915 49·
2240 3869 2295 3914 D·
2315 3868 2523 3923 dssjw'ss
2542 3869 2648 3917 dol·
2673 3869 2834 3925 (xxm
2856 3900 2872 3925 9
2895 3866 2966 3924 3·)
2987 3894 3047 3903 -

233 3931 312 3977 Nr.
337 3936 395 3980 li.
419 3956 483 3965 —
502 3931 756 3979 Auctoris
772 3932 982 3979 diatriba
999 3934 1122 3980 uber
1140 3933 1219 3979 die
1242 3946 1282 3982 s.
1304 3948 1352 3993 g.
1385 3936 1513 3991 juris
1551 3949 1600 3983 u.
1669 3931 1779 3978 vid.
1798 3933 1957 3980 Auel.
1980 3931 2129 3978 diatr.
2151 3932 2283 3977 laud.
2307 3943 2356 3989 p.
2375 3928 2470 3978 57⁴
2490 3944 2597 3991 sqq.

232 3993 349 4042 faeti
382 3995 745 4051 universitates,
770 3995 822 4040 in
853 3995 998 4042 Arch.
1040 3996 1076 4042 f.
1113 3997 1209 4041 civ.
1243 3999 1324 4046 Pr.
1363 4000 1423 4045 Τ.
1458 4000 1602 4045 xvii.
1729 3991 1781 4051 7)
1802 3993 1938 4049 Quod
1959 3993 2158 4051 quidem
2182 4005 2281 4039 non
2302 3997 2377 4039 est
2404 4001 2711 4054 perpetuum.
2734 3993 2855 4038 Nam
2879 3996 2931 4038 et
2952 3993 3044 4039 Ca-

823 2931 992 2991 5223.

234 4057 310 4102 Ur.
339 4061 441 4105 xu.

295 4121 345 4177 2)
365 4121 569 4167 Romani
590 4118 723 4164 enim
743 4118 871 4165 idem
890 4119 1181 4165 vocabulum
1214 4122 1276 4168 ad
1309 4121 1512 4180 quodvis
1535 4127 1611 4169 to-

231 4188 334 4229 tum
355 4196 395 4229 s.
419 4184 681 4229 indivisum
724 4193 898 4237 corpus
941 4182 1236 4230 referebant.
1270 4186 1391 4231 Hinc
1425 4186 1563 4231 fundi
1587 4220 1604 4246 ‚

230 4246 458 4303 aedilicii,
476 4246 673 4291 aedium
695 4244 985 4290 universitas
1005 4245 1201 4293 dicitur.
1236 4248 1288 4293 L.
1306 4249 1387 4295 30.
1412 4246 1605 4300 uram.

229 4321 340 4356 erc.
364 4308 533 4367 (list.)
558 4332 613 4341 -
641 4308 694 4351 t..
717 4304 766 4352 7.
791 4306 817 4360 S
850 4304 924 4354 ll.
963 4309 1016 4353 D.
1053 4306 1121 4353 de
1164 4320 1284 4367 aeq.
1321 4321 1428 4356 rer.
1467 4309 1605 4355 dom.

228 4371 367 4427 (xm,
391 4373 458 4430 1.)
477 4397 540 4406 -
563 4372 617 4416 1..
640 4367 722 4415 23.
739 4380 815 4426 pr.
838 4370 893 4416 D.
914 4369 985 4416 de
1004 4371 1346 4429 usurp.(xl,1,
1366 4370 1436 4429 3.)
1460 4372 1606 4418 —Cfi

228 4437 404 4481 Basse
423 4437 457 4481 l.
483 4438 518 4482 l.
541 4447 593 4494 p.
610 4429 734 4477 4.-
756 4430 1046 4486 Hoffmann
1068 4435 1101 4478 l.
1122 4435 1156 4480 l.
1180 4431 1270 4489 35.
1296 4448 1344 4493 p.
1361 4432 1410 4482 8.
1426 4433 1542 4491 (vid.
1563 4439 1614 4481 et

225 4498 356 4546 infra
376 4502 481 4544 not.
504 4494 595 4556 4.).

285 4559 335 4619 3)
353 4562 490 4616 Quae
510 4560 715 4618 quidem
738 4558 984 4613 distinctio
1005 4559 1243 4617 originem
1266 4558 1410 4605 debet
1432 4560 1609 4617 glossa·

225 4625 343 4671 toris
360 4621 696 4670 observationi
721 4655 737 4681 ‚
775 4622 894 4669 haec
916 4623 1131 4668 notantis
1153 4637 1163 4667 :
1189 4637 1215 4664 κ
1250 4622 1498 4678 peculium
1537 4625 1612 4667 est

225 4684 557 4733 universitas
577 4687 899 4742 incorporea
938 4685 992 4728 et
1005 4685 1168 4745 juris,
1204 4686 1254 4730 in
1275 4695 1372 4743 qua
1393 4685 1609 4731 actiones

222 4752 568 4808 continentum
595 4749 682 4794 sed
702 4748 823 4794 illud
842 4752 916 4793 est
934 4756 1101 4793 verum
1119 4748 1181 4794 de
1200 4758 1402 4803 corpore
1423 4748 1608 4805 aliquo,

223 4814 293 4858 vel
323 4820 600 4869 corporea
629 4809 1008 4863 universim,
1032 4813 1092 4855 ut
1126 4807 1340 4868 equitio.
1366 4824 1391 4852 n
1427 4810 1504 4857 (ι’-1.
1544 4810 1607 4857 ad

224 4873 273 4921 1..
297 4875 341 4924 1.
364 4875 393 4930 ς
415 4873 469 4920 8.
497 4874 559 4919 D.
582 4872 803 4929 qnando
822 4871 890 4918 de
898 4873 1073 4929 pecul.
1096 4874 1202 4918 acl.
1223 4872 1443 4919 annalis
1464 4872 1481 4926 (
1499 4872 1608 4927 xv,

222 4936 286 4993 2.)
305 4961 366 4971 —
388 4937 471 4984 cf.
498 4934 837 4982 Mutet-baele
858 4936 1014 4992 eclog.
1036 4935 1195 4982 theor.
1218 4940 1373 4993 praet.
1398 4933 1502 4980 Lib.
1527 4930 1608 4980 28.

222 4999 314 5047 Tit.
339 5003 376 5048 1.
403 5002 433 5057 ς
456 4999 481 5044 1
495 5031 509 5045 .
536 5016 603 5030 -
624 4995 897 5056 Hoeprner
913 4998 1184 5046 comment.
1203 4997 1229 5054 s
1250 4993 1361 5049 278.
1379 5021 1432 5031 --
1454 4995 1613 5046 Gttick

1673 4056 1947 4103 lendarium
1969 4054 2178 4101 hominis
2198 4089 2213 4111 ,
2236 4068 2277 4102 s.
2299 4056 2554 4104 nominum
2587 4055 2876 4103 universitas
2899 4088 2915 4112 ‚
2948 4067 3046 4103 non

1667 4118 1818 4174 juris,
1840 4120 1924 4165 sed
1948 4117 2064 4163 facti
2086 4118 2477 4165 universitatibus
2498 4117 2920 4165 adnumerandum
2938 4122 3046 4178 est;

1675 4180 1726 4225 L.
1747 4180 1828 4229 64.
1854 4184 1909 4228 D.
1934 4179 2000 4227 de
2032 4180 2128 4239 loy.
2153 4181 2233 4225 ill.
2265 4204 2321 4213 -
2344 4183 2506 4229 Auct.
2542 4182 2698 4227 diatr.
2725 4192 2775 4238 p.
2824 4177 2919 4226 5⁴9
2940 4192 3049 4239 sqq.

1732 4241 1782 4301 8)
1805 4242 2188 4300 Warnkoem'q.
2212 4244 2244 4288 l.
2268 4244 2302 4289 l.
2321 4243 2347 4297 ς
2368 4245 2416 4291 3.
2445 4257 2493 4300 p.
2516 4240 2608 4289 185
2625 4256 2731 4302 sqq.

1733 4303 1787 4362 9)
1803 4309 1859 4351 At
1875 4306 2154 4361 exemplum
2173 4304 2372 4350 minime
2389 4312 2559 4365 aptum
2580 4308 2639 4352 ad
2664 4306 2790 4353 hanc
2807 4315 2911 4348 rem
2934 4316 3046 4361 pro-

1671 4369 1833 4426 posuit
1859 4364 2309 4426 Warnltoenlqius
2333 4368 2366 4412 l.
2393 4371 2425 4415 l.
2450 4381 2499 4427 p.
2516 4366 2625 4415 ¹85.
2647 4371 2765 4415 Nam
2788 4367 2899 4411 licet
2919 4366 3048 4414 haud

1677 4429 2205 4487 diffitemur‚multum
2243 4429 2473 4477 interesse
2507 4432 2634 4477 inter
2677 4428 3049 4485 bibliopolarum

1678 4493 1906 4539 tabernas
1950 4497 2000 4538 et
2042 4490 2361 4538 bibliothecas
2399 4494 2702 4551 privatorum
2726 4525 2742 4551 ,
2784 4498 2947 4537 tamen
2998 4492 3049 4539 in

1676 4561 1906 4613 utrasque
1928 4555 2175 4611 convenit,
2194 4552 2325 4612 quod
2354 4559 2482 4602 velut
2511 4557 2764 4615 proprium
2783 4558 2857 4599 est
2886 4564 3050 4601 rerum

1672 4617 2074 4664 universitatibus
2102 4649 2117 4671 ‚
2149 4621 2205 4662 ut
2242 4615 2598 4671 adiectionibus
2636 4627 2896 4676 corporum
2919 4616 3050 4663 idem

1674 4681 1821 4727 etiam
1859 4683 2094 4727 maneant
2114 4679 2168 4735 (l.
2206 4676 2287 4724 30.
2307 4681 2333 4735 s
2366 4680 2415 4729 2.
2441 4683 2497 4727 D.
2518 4681 2587 4726 de
2609 4692 2795 4738 usurp.
2831 4678 2897 4724 cf.
2922 4678 3049 4725 infra

1671 4747 1772 4790 not.
1798 4744 1914 4801 13.).
1944 4765 2004 4779 -
2025 4742 2215 4788 caeter.
2255 4742 2681 4803 'Varnkoeniqio
2716 4742 3049 4798 adstipulatur

1669 4806 2060 4866 Spanqenbenq.
2080 4804 2113 4850 l.
2140 4805 2302 4852 l.—At
2325 4807 2430 4853 vide
2449 4806 2703 4854 Auctoris
2714 4807 2858 4853 diatr.
2874 4802 3046 4861 [2578.

1673 4893 1733 4901 —-
1752 4868 2039 4915 Buchholtz
2061 4867 2095 4913 l.
2119 4868 2151 4913 l.
2176 4881 2225 4926 p.
2248 4862 2314 4913 35
2331 4880 2405 4927 sq.

1735 4932 1815 4988 10)
1856 4932 2030 4978 Haste
2069 4931 2102 4976 l.
2146 4932 2180 4977 l.
2226 4943 2274 4988 p.
2321 4928 2353 4978 0
2403 4943 2510 4990 sqq.
2551 4955 2607 4964 —
2673 4926 3051 4986 Warnlcoeniq

1676 4994 1757 5041 1.1.
1774 4992 1796 5045 S
1812 4990 2165 5045 4.-1losslai1·t
2185 4995 2218 5042 l.
2231 4992 2583 5044 l.-Auceoris
2592 4992 2735 5043 dialr.
2756 5006 2809 5053 p.
2826 4985 2919 5039 571
2941 5001 3047 5048 sqq.
