3544 5506
479 351 550 407 58
1224 359 1375 403 raas
1410 359 1552 403 ceu.
1593 359 1708 401 un.
1751 359 1799 402 t.
1838 359 1914 401 ne
1938 356 2108 401 smus
2135 354 2436 401 fominus.

480 480 804 546 tituamus,
854 488 1122 546 eamque
1163 489 1355 546 quam
1404 472 1669 533 diximus
1713 478 2009 529 naturam
2058 472 2366 531 imitando
2407 472 2881 545 quodammodo
2913 489 3264 550 consequa-

480 595 625 646 mur
662 573 728 648 2).
758 574 932 634 Unde
974 574 1282 646 sequitur,
1316 573 1611 646 primum,
1641 578 1713 628 ut
1737 572 2137 642 societatum,
2184 586 2342 644 quas
2374 572 2508 644 ipsa
2535 578 2765 629 natura
2793 573 2959 632 inter
2986 573 3267 636 homines

480 672 868 750 conjugavit,
902 673 1075 730 velut
1117 671 1519 741 familiarum,
1557 671 1903 744 praecipua
1952 672 2269 742 quaedam
2301 672 2362 728 in
2417 670 2770 729 officiorum
2824 673 3264 735 distributione
3321 742 3328 747 ,

478 776 641 834 ratio
664 771 954 830 habenda
984 771 1062 830 sit
1098 767 1168 852 δ).
1200 773 1458 841 Deinde,
1488 776 1559 827 ut
1587 785 1625 827 a
1645 769 1922 827 naturali
1941 776 2054 826 aut
2078 785 2493 841 personarum
2521 777 2633 828 aut
2658 785 2873 829 rerum
2893 773 3263 834 conditione

480 876 778 944 petantur
796 881 1279 939 nonnumquam
1313 865 1642 939 principia,
1670 880 1836 937 quae
1864 864 2310 923 controversiis
2354 865 2771 923 distrahendis
2792 868 3128 925 commode
3167 870 3261 926 in—

478 944 752 1029 serviant
790 963 854 1033 ⁴).
903 967 1207 1038 Denique,
1237 966 1286 1024 si
1315 982 1441 1038 qua
1485 966 1621 1035 lege
1646 964 1974 1021 hominum
2005 964 2263 1021 libertas
2289 964 2595 1022 naturalis
2625 970 2689 1022 et
2729 964 2930 1023 libera
2956 966 3265 1040 cujusque

480 1073 590 1127 aut
603 1067 727 1126 suis
754 1066 945 1123 rebus
976 1072 1083 1123 aut
1107 1065 1392 1123 omnium
1419 1063 1859 1122 communibus
1880 1062 2098 1121 utendi
2118 1062 2382 1120 facultas
2404 1063 2704 1135 impedita
2725 1079 2800 1120 ac
2826 1071 3259 1136 coangustata,

484 1163 688 1220 aliove
708 1161 899 1218 modo
928 1166 1190 1232 propter
1209 1157 1452 1217 civilem
1482 1157 1797 1215 rationem
1823 1174 1863 1214 a
1888 1156 2162 1214 naturali
2187 1159 2507 1230 aequitate
2529 1174 2846 1217 recessum
2877 1160 2976 1230 sit,
3003 1174 3145 1217 eam
3174 1162 3265 1219 le-

485 1276 648 1333 gem,
675 1260 796 1318 nisi
823 1265 1042 1331 aperte
1076 1258 1210 1332 ipsa
1264 1266 1493 1316 contra
1536 1257 1779 1314 nitatur
1811 1252 1879 1326 ⁵),
1913 1256 2000 1314 ita
2041 1256 2476 1327 interpreteris
2511 1273 2770 1317 necesse
2800 1264 2917 1331 est,
2962 1265 3037 1316 ut
3075 1274 3265 1331 quam

478 1356 805 1414 minimum
829 1370 866 1412 a
896 1355 1166 1412 naturali
1187 1354 1437 1413 ratione
1460 1358 1706 1411 remota
1731 1366 1866 1409 esse
1888 1351 2175 1409 videatur
2196 1349 2263 1423 ⁶).
2292 1353 2474 1428 Quod
2508 1360 2725 1411 autem
2757 1355 3050 1413 nonnulli
3080 1370 3263 1428 prae-

492 1452 753 1524 cipiunt,
781 1449 1040 1508 omnino
1066 1450 1170 1524 jus
1209 1451 1502 1508 naturale
1555 1448 1796 1519 legibus
1838 1462 1974 1505 esse
2015 1447 2326 1520 superius,
2363 1449 2478 1521 ad—
2513 1448 2802 1524 illiusque
2832 1466 3088 1508 normas
3103 1451 3265 1525 juris

486 1549 975 1608 civilisinstituta
986 1550 1287 1623 exigenda
1307 1565 1441 1608 esse
1466 1541 2009 1621 moderandaque,
2034 1546 2119 1616 id,
2144 1551 2362 1603 utrum
2387 1553 2563 1606 recte
2581 1563 2663 1605 an
2678 1564 3019 1621 perperam
3031 1557 3264 1609 statua·

482 1656 611 1719 tur,
630 1648 762 1722 jam
792 1662 867 1706 ex
894 1649 1222 1723 superiore
1245 1649 1352 1707 illa
1377 1650 1457 1706 de
1479 1648 1651 1706 bono
1675 1652 1741 1703 et
1768 1659 1977 1718 aequo
1998 1645 2426 1717 disputatione
2453 1646 2709 1720 intelligi
2728 1649 2962 1721 poterit
2983 1644 3053 1723 ⁷).

1694 1936 1920 1995 CAPUT
1960 1939 2032 1994 11.

1245 2160 1319 2202 DE
1337 2158 1538 2203 mount
1579 2157 1830 2200 NATURA
1851 2158 2042 2210 ATQUB
2081 2160 2511 2205 AuctontrATE.

722 2361 749 2431 ς
788 2359 880 2414 45.
932 2354 1309 2433 Quibusnam
1349 2354 1692 2426 praeceptis
1740 2356 1891 2427 qut‘s
1930 2366 2150 2411 nomen
2188 2359 2657 2429 auctoritasque
2697 2359 3035 2417 conveniat.

568 2567 779 2625 Solent
802 2566 1176 2636 interpretes
1220 2558 1417 2618 verba
1459 2560 1668 2630 legum
1711 2561 2103 2619 ,enuntiativa
2139 2579 2177 2621 a
2198 2563 2600 2636 delsposz‘tz‘vz's,
2635 2573 2709 2622 ut
2744 2574 3017 2635 vocant,
3049 2568 3271 2627 distin-

490 2677 703 2734 guere.
736 2663 822 2720 Ad
844 2662 947 2717 illa
989 2658 1299 2724 referunt,
1324 2658 1462 2713 tum
1505 2671 1753 2726 eorum,
1803 2670 1969 2725 quae
1998 2660 2395 2717 occasionem
2426 2662 2671 2732 legibus
2713 2662 3025 2731 dederint,
3052 2680 3275 2723 narra-

487 2763 712 2832 tiones,
732 2769 881 2819 -tum
908 2761 1209 2828 cautelas,
1237 2758 1473 2829 siquae
1503 2757 1706 2815 causis
1730 2756 2124 2829 negotiisque
2154 2761 2570 2833 providenter
2594 2764 2850 2833 agendis
2875 2780 2912 2821 a
2933 2765 3095 2838 juris
3123 2780 3276 2824 auc-

488 2861 729 2918 toribus
757 2863 1206 2932 proponuntur
1248 2851 1314 2928 ¹),
1344 2856 1624 2927 itemque
1645 2854 2123 2914 enuntiationes
2147 2859 2495 2931 ejusmodi,
2536 2875 2703 2931 quae
2731 2861 2926 2931 magis
2958 2863 3041 2918 ad
3070 2870 3277 2921 artem

493 2966 775 3018 nostram
796 2956 1252 3030 explanandam
1288 2970 1479 3026 quam
1499 2955 1576 3012 ad
1598 2954 1757 3027 juris
1781 2955 2065 3025 regulam
2090 2958 2593 3017 constituendam
2627 2965 2936 3031 spectant.
2952 2962 3125 3035 Quae
3146 2962 3282 3034 qui-

489 3061 633 3117 dem
647 3059 881 3131 omnia,
899 3056 1205 3126 licetlegis
1222 3053 1570 3112 sententiae
1584 3054 1908 3111 eruendae
1926 3056 2174 3126 egregie
2191 3057 2693 3132 inserviant‚ipsa
2705 3063 2918 3115 tamen
2936 3074 3051 3130 per
3063 3074 3132 3117 se
3149 3076 3280 3119 non

492 3160 769 3229 gaudent
799 3158 860 3214 in
906 3156 1045 3214 foro
1070 3154 1449 3211 auctoritate
1490 3151 1562 3223 2).
1597 3154 1828 3210 Contra
1854 3169 2031 3220 vero,
2059 3155 2122 3212 in
2151 3165 2640 3230 praeceptorum
2667 3158 2961 3228 legalium
3009 3174 3281 3219 numero

490 3267 620 3311 non
641 3253 835 3311 modo
866 3250 1182 3310 censenda
1208 3253 1376 3314 sunt,
1419 3263 1583 3320 quae
1611 3246 1884 3305 formula
1924 3252 2202 3319 generali
2255 3254 2630 3310 sanciuntur
2652 3301 2667 3322 ,
2700 3267 2928 3310 verum
2951 3253 3148 3311 etiam
3180 3272 3286 3313 ra-

492 3353 695 3411 tiones
733 3350 858 3410 huc
902 3348 1275 3409 referendae
1298 3391 1313 3415 ,
1357 3348 1582 3420 quibus
1621 3347 1944 3419 legislator
1985 3350 2367 3420 singularum
2401 3352 2844 3425 quaestionum
2886 3347 3286 3413 definitiones

493 3446 947 3521 superstruxit3
1001 3443 1268 3516 (vocant
1313 3442 1590 3500 rationes
1642 3439 2013 3519 decidendi)
2082 3441 2162 3509 ις).
2245 3449 2444 3524 Quid?
2491 3449 2664 3521 quod
2720 3447 2979 3521 quaevis
3046 3462 3282 3515 causa,

495 3559 620 3615 qua
683 3542 963 3614 proxime
1013 3538 1374 3597 continetur
1424 3537 1523 3594 lex
1567 3583 1579 3606 ,
1668 3538 2139 3612 consiliumque
2211 3551 2458 3602 certum
2481 3585 2496 3611 ,
2574 3545 2748 3616 quod
2824 3543 2889 3601 in
2941 3543 3046 3601 ina
3125 3560 3291 3603 con-

498 3638 707 3695 denda
767 3635 1042 3693 maxime
1101 3638 1354 3692 secutus
1422 3639 1519 3689 est
1578 3632 1904 3703 legislator
1969 3634 2173 3706 (quac
2219 3640 2476 3711 quidem
2520 3640 2774 3711 proprie
2815 3644 3085 3697 vocatur
3128 3642 3291 3714 qur‘s

497 3734 688 3799 ratio)
706 3774 722 3800 ‚
748 3732 811 3790 in
829 3733 900 3790 iis
932 3736 1108 3790 certe
1128 3773 1144 3801 ,
1187 3743 1353 3802 quae
1397 3733 1544 3785 sunt
1578 3727 1738 3800 juris
1766 3731 2122 3788 communis
2148 3774 2162 3799 ‚
2189 3750 2305 3806 pro
2326 3740 2463 3810 lege
2486 3735 2960 3806 quodammodo
2988 3734 3286 3795 habetur.

561 3908 606 3964 2)
651 3904 752 3954 Cic.
775 3905 835 3951 de
849 3905 995 3965 legib.
1016 3905 1039 3952 l
1059 3939 1073 3964 ,
1093 3905 1141 3952 5.
1165 3903 1241 3951 17.
1268 3905 1285 3961 (
1326 3919 1348 3945 α
1372 3927 1427 3936 -
1451 3907 1624 3949 natura
1650 3925 1704 3933 —
1727 3902 1850 3956 juris
1973 3901 2026 3960 7)
2051 3906 2115 3950 Α.
2131 3907 2194 3951 D.
2230 3906 2435 3953 lVeber
2454 3921 2546 3956 von
2569 3910 2659 3957 der
2675 3911 2853 3960 naturl.
2875 3908 3295 3959 Verbindlichkcit

502 3994 555 4002 —-
580 3970 642 4015 ab
655 3967 865 4016 hominis
905 3967 1165 4027 repetenda
1199 3971 1372 4013 natura
1395 3981 1419 4008 n
1446 3967 1480 4021 ).
1504 3987 1558 3997 —-
1602 3965 1680 4011 W
1680 3964 1856 4012 ele-lter
1916 3969 1942 4022 3
1959 3964 2037 4013 57.
2061 3965 2141 4014 58.
2166 3967 2329 4026 ibique
2342 3970 2448 4016 citt.
2472 3973 2562 4018 Dd.

501 4033 628 4089 Syst.
651 4036 745 4078 etc.
768 4033 804 4076 Ι.
829 4044 876 4089 p.
902 4029 965 4076 73
983 4055 1037 4064 --
1062 4026 1143 4075 80.

565 4091 612 4148 5)
652 4093 752 4141 Cic.
774 4091 834 4137 de
849 4092 978 4140 offic.
1002 4093 1050 4147 l,
1070 4089 1150 4137 17.
1175 4087 1252 4136 18.
1279 4114 1333 4122 -
1359 4089 1433 4137 cf.
1454 4087 1505 4134 L.
1528 4085 1577 4134 7.
1600 4097 1673 4145 pr.
1709 4089 1762 4147 D.
1786 4088 1854 4133 de
2496 4092 2523 4145 3
2546 4084 2622 4134 ⁴5.

501 4154 649 4200 bonis
665 4155 968 4202 damnator.
989 4153 1204 4209 (XLVlll,
1226 4150 1326 4208 20.)

564 4214 610 4272 ⁴)
634 4218 686 4262 L.
710 4218 788 4263 24.
810 4217 861 4262 D.
886 4217 952 4262 de
970 4220 1116 4262 statu
1136 4214 1327 4260 homin.
1343 4209 1478 4270 (1,5.)
1500 4212 1626 4258 «Lex
1651 4216 1854 4258 naturae
1983 4207 2027 4265 1)
2050 4210 2193 4256 Velut
2237 4211 2286 4256 in
2312 4212 2361 4256 L.
2386 4209 2466 4258 2⁴.
2487 4214 2543 4259 D.
2565 4213 2634 4258 de
2651 4210 2731 4259 ret·
2749 4211 2891 4260 vind.
2913 4213 3010 4270 (Vl,
3037 4212 3101 4271 1.)

503 4278 622 4323 haec
638 4283 742 4334 est,
762 4283 816 4324 ut
842 4311 856 4330 ,
878 4279 960 4336 qui
1004 4277 1220 4322 nascitur
1240 4277 1344 4321 sine
1368 4275 1582 4330 legitimo
1604 4275 1856 4320 matrimo-
1980 4270 2027 4328 2)
2051 4273 2114 4318 A.
2138 4275 2201 4318 D.
2251 4272 2454 4320 Weber
2474 4277 2840 4332 Bemcrkungen
2853 4288 2940 4322 zur
2954 4276 3290 4335 Beforderung

505 4342 615 4394 nio,
640 4346 846 4386 matrem
863 4345 1105 4396 sequatur.
1127 4355 1151 4380 n
1174 4340 1287 4384 —L.
1308 4335 1358 4384 7.
1378 4338 1398 4388 S
1416 4334 1465 4383 7.
1489 4339 1542 4381 D.
1566 4336 1634 4382 de
1650 4338 1856 4394 acquir.
1921 4334 2054 4380 einer
2099 4336 2291 4390 grundl-
2339 4335 2543 4382 Theorie
2583 4337 2668 4383 der
2701 4338 3017 4395 Anwendung
3040 4340 3128 4384 des
3152 4340 3292 4385 Rom.

506 4415 612 4448 rer.
635 4400 977 4458 domin.(xLl,
999 4402 1102 4456 1.)ιι
1118 4425 1170 4433 -
1196 4425 1248 4433 --
1274 4399 1479 4446 Sabinus
1492 4400 1736 4444 etCassius
1749 4411 1857 4445 ma·
1920 4396 2092 4441 Rechts
2108 4398 2370 4450 (Versuche
2394 4400 2514 4444 uber
2539 4400 2624 4446 das
2642 4399 2902 4446 Civilrecht
2919 4402 3000 4446 Nr.
3036 4402 3094 4456 l.)
3117 4397 3208 4456 58.
3237 4425 3290 4433 --

502 4462 581 4522 qis
600 4465 901 4510 naturalem
919 4464 1173 4510 rationem
1198 4460 1405 4517 effluere
1428 4464 1633 4519 putant,
1658 4466 1711 4505 ut
1727 4497 1742 4516 ,
1776 4461 1860 4519 qui
1923 4461 1986 4502 De
2018 4458 2353 4505 definitionum
2373 4470 2399 4504 a
2419 4462 2547 4514 juris
2561 4463 2842 4507 auctoribus
2884 4464 3187 4520 prolatarum
3211 4475 3296 4508 au-

507 4528 738 4573 materiae
757 4525 979 4571 dominus
998 4525 1174 4584 fuerit,
1194 4526 1323 4571 idem
1355 4522 1455 4579 ejus
1478 4533 1670 4583 quoque
1688 4556 1701 4582 ,
1729 4523 1861 4580 quod
1924 4519 2145 4565 ctoritate
2170 4521 2265 4567 vid.
2293 4521 2512 4579 inprimis
2537 4522 2612 4577 (C.
2637 4525 2695 4571 G.
2731 4524 2968 4582 Hu'bner)
2989 4527 3193 4570 Zusatze
3240 4538 3292 4571 u.

509 4600 569 4632 ex
588 4591 755 4635 eadem
786 4587 985 4633 materia
1011 4589 1193 4633 factum
1212 4588 1299 4646 sit,
1339 4587 1561 4632 dominus
1583 4591 1725 4630 esset.
1754 4602 1778 4627 l»
1807 4610 1860 4618 -
1927 4582 2323 4638 Berichtigungen
2349 4595 2407 4629 zu
2429 4587 2520 4631 den
2546 4586 2705 4632 lustit.
2721 4586 2774 4631 d.
2800 4588 2938 4632 Rom.
2961 4587 3136 4632 Rechts
3161 4599 3208 4642 p.
3231 4585 3296 4633 57

510 4650 585 4694 Cf.
610 4652 660 4696 L.
681 4648 727 4697 5.
750 4652 803 4696 D.
828 4650 945 4695 eod.
966 4675 1021 4682 —
1041 4651 1092 4695 L.
1112 4649 1189 4696 15.
1219 4652 1273 4696 D.
1293 4649 1360 4694 de
1372 4650 1517 4695 statu
1529 4648 1665 4693 hom.
1686 4673 1735 4679 —
1753 4645 1864 4693 1..5‚
1932 4646 2200 4701 stup—(Cf.
2225 4647 2276 4690 L.
2292 4645 2403 4691 202.
2426 4650 2479 4695 D.
2498 4646 2564 4693 de
2587 4652 2821 4706 re9.jur.
2848 4665 2871 4690 ιι
2893 4649 3297 4695 Omnisdeflnilio

512 4711 561 4756 in
581 4712 618 4758 f,
642 4714 696 4758 Ι),
720 4711 763 4758 ,η’
780 4723 911 4769 pars
932 4710 1154 4758 hep-edit,
1170 4714 1338 4767 petat,
1362 4710 1439 4768 (v,
1460 4709 1534 4766 4,)
1934 4705 2108 4759 injure
2141 4708 2268 4753 civili
2299 4708 2570 4766 periculosa
2594 4717 2697 4770 est3
2742 4720 2914 4768 parum
2937 4717 3011 4757 est
3031 4711 3166 4756 euim
3192 4743 3207 4768 ,
3240 4717 3298 4759 ut

575 4771 621 4828 5)
643 4776 784 4820 Velut
824 4774 875 4820 L.
899 4770 976 4822 40.
1011 4786 1086 4832 pr.
1111 4775 1165 4819 D.
1190 4772 1256 4817 de
1274 4771 1430 4820 cond.
1453 4770 1627 4819 indeb.
1654 4773 1775 4825 (ΧΠ,
1796 4768 1864 4826 6.)
1930 4780 2026 4815 non
2046 4769 2254 4814 subverti
2278 4771 2444 4827 possit.
2463 4775 2505 4829 n)

577 4834 624 4892 0)
664 4836 713 4881 L.
740 4835 924 4893 1.§20.
969 4839 1021 4881 D.
1056 4834 1123 4882 de
1165 4835 1389 4881 exercit.
1419 4838 1525 4881 act.
1554 4834 1693 4889 (XlV,
1718 4834 1785 4890 1.)
1812 4859 1862 4864 -
1990 4828 2038 4887 5)
2061 4831 2167 4877 vid.
2199 4832 2412 4879 Tlu‘bcmt
2434 4834 2530 4890 tog.
2557 4836 2828 4893 Auslegung
2847 4836 2932 4880 des
2951 4836 3087 4881 Ram.
3112 4833 3291 4882 Rechts

561 4931 571 4940 .
598 4900 671 4944 19.
695 4911 766 4957 pr.
792 4901 844 4943 D.
871 4896 1104 4943 decond.
1130 4894 1304 4942 indeb.
1933 4894 2024 4948 (ed.
2046 4892 2114 4942 2.)
2134 4906 2179 4951 p.
2197 4893 2273 4940 50.
2300 4893 2518 4944 GOffoeCi‘.
2543 4895 2791 4954 infcsffl.
2815 4901 2913 4943 not.
2939 4895 2986 4944 ὅ.
3011 4900 3037 4953 S
3065 4895 3149 4947 66.
3172 4910 3225 4945 n.
3248 4899 3296 4945 Ξ.
