3544 5506
1014 300 1152 344 car.
1193 302 1283 344 ιν.
1323 302 1399 344 ns
1437 302 1837 354 scoummmis
1872 304 2371 350 manta-smus.
2981 293 3088 353 641

288 406 680 477 hereditate,
721 412 965 482 praedo
1003 425 1160 469 vero
1204 426 1332 469 non
1367 411 1480 469 nisi
1511 427 1587 470 ea
1609 455 1625 487 ‚
1672 431 1841 491 quae
1875 413 2134 490 petitori
2171 415 2467 487 expediat
2502 416 2755 477 dissolvi
2794 410 2896 489 ²⁰).
2929 415 3090 482 Item

286 504 346 576 5)
371 520 563 562 onera
594 507 1112 581 obligationesve‚
1139 523 1297 580 quas
1326 523 1544 567 rerum
1561 510 2094 570 hereditariamm
2118 525 2310 571 causa
2332 526 2659 584 possessor
2680 518 2894 592 subiit,
2927 524 3092 593 peti·

285 605 395 657 tor
417 602 739 674 suscipere
765 609 1025 661 tenetur
1050 600 1143 675 ²¹).
1171 605 1454 677 Denique
1478 607 1533 673 4)
1565 609 1741 679 quod
1771 609 1853 665 ad
1876 610 2303 681 impensarum
2331 608 2561 667 attinet
2590 610 3087 690 restitutionem,

285 689 404 754 has
437 698 722 771 quidem,
762 715 928 772 quae
958 700 1283 758 fructuum
1323 703 1425 759 vel
1464 705 2019 774 quaerendorum,
2055 705 2152 763 vei
2193 700 2667 779 cogendorum,
2699 711 2798 769 vei
2827 727 3088 772 conser-

284 797 638 853 vandorum
669 811 861 855 causa
890 797 1094 855 iactae
1123 808 1291 865 sunt,
1320 805 1590 856 eatenus
1617 800 1962 858 refundere
1986 801 2226 872 petitor
2240 814 2501 859 necesse
2522 800 2739 872 habet,
2766 815 3087 878 quatenus

282 890 347 946 in
382 889 847 952 restitutionem
880 895 1134 952 venient
1171 895 1450 970 tructus,
1481 904 1545 953 et
1576 901 1914 968 praeterea
1946 897 2138 954 etiam
2170 896 2235 955 b.
2277 896 2322 955 1.
2363 900 2710 968 possessori
2754 918 2893 971 eas,
2927 922 3087 978 quas

282 990 520 1050 frustra
561 992 666 1053 iiie
724 994 1011 1067 erogavit
1056 992 1119 1053 in
1162 995 1487 1054 fructuum
1531 999 2013 1069 perceptionem
2052 997 2681 1058 conservationemve
2721 998 2812 1076 22).
2852 1008 3085 1064 Eorum

279 1103 475 1164 vero,
507 1093 760 1162 quaein
789 1091 954 1164 ipsas
988 1107 1089 1149 res
1131 1092 1549 1149 hereditarias
1585 1099 1733 1150 sunt
1761 1094 2047 1165 impensa
2071 1136 2086 1162 ‚
2119 1094 2435 1150 restitutio
2475 1110 2551 1152 ex
2580 1096 2650 1153 iis
2681 1097 2814 1157 sere
2849 1102 3085 1173 regulis

276 1190 675 1248 aestimanda
699 1192 820 1249 erit
847 1233 863 1259 ‚
914 1208 1082 1265 quae
1122 1192 1241 1250 hac
1269 1194 1350 1250 de
1384 1208 1453 1249 re
1494 1193 1838 1249 universim
1868 1209 1903 1251 a
1934 1193 2114 1251 nobis
2153 1209 2348 1266 supra
2377 1202 2526 1251 sunt
2564 1194 2803 1255 tradita
2840 1206 2895 1275 (ς
2933 1203 3080 1262 959.

277 1292 412 1343 not.
445 1286 571 1344 5—-
592 1289 650 1346 9.
676 1285 734 1362 ),
766 1296 1222 1363 praeterquam
1245 1291 1416 1361 quod
1449 1289 1760 1361 praedoni
1798 1304 2056 1363 quoque
2082 1288 2265 1347 utiles
2293 1305 2609 1363 expensae
2634 1297 3080 1357 resarciendae

275 1392 449 1457 sunt,
475 1386 712 1445 scilicet
733 1383 785 1446 si
812 1390 1005 1446 etiam
1030 1396 1282 1447 exstant
1310 1404 1443 1458 res,
1473 1404 1639 1462 quae
1665 1389 1813 1446 inde
1838 1390 2134 1447 meliores
2175 1388 2383 1447 factae
2422 1398 2568 1449 sunt
2594 1388 2700 1462 ²³).
2730 1400 2929 1467 Atque
2959 1397 3077 1455 im·

273 1497 616 1553 pensarum
642 1486 895 1543 nomine
917 1486 1343 1543 retentionem
1370 1491 1618 1542 tantum
1644 1500 1967 1557 possessor
1987 1485 2203 1553 habet,
2228 1502 2357 1545 non
2384 1488 2698 1547 actionem
2718 1485 2823 1566 ²⁴);
2850 1493 3077 1564 quodsi

276 1594 436 1637 vero
464 1587 577 1637 aut
608 1576 863 1640 heredis
889 1588 1003 1639 aut
1029 1581 1221 1655 ipsius
1249 1581 1618 1640 hereditatis
1641 1581 1902 1653 gessisse
1934 1582 2188 1654 negotia
2213 1581 2537 1655 videatur,
2575 1586 2768 1644 etia‘m
2800 1588 2967 1647 actio
2987 1585 3075 1647 illi

270 1681 357 1737 ad
386 1687 633 1739 sumtus
652 1683 1039 1755 repetendos
1064 1676 1545 1755 concediturss).

1114 1859 1140 1934 ς
1166 1861 1305 1921 709.
1336 1856 1396 1936 ε)
1430 1856 1620 1935 Ipsius
1643 1855 2056 1915 controversiae
2081 1857 2255 1919 ratio.

349 2058 725 2117 Hereditatis
757 2059 989 2132 petitor
1022 2073 1150 2115 non
1181 2057 1297 2115 nisi
1322 2057 1380 2113 id
1405 2074 1421 2111 ε
1447 2059 1526 2113 ad
1556 2072 1623 2114 se
1656 2056 1981 2129 pertinere
2009 2056 2462 2126 hereditatem,
2491 2059 2769 2131 probare
2806 2074 3066 2119 necesse

260 2153 495 2231 habet,
527 2176 672 2217 cum
703 2160 789 2229 is,
821 2154 930 2232 qui
962 2157 1338 2231 specialibus
1360 2156 1563 2214 utitur
1593 2156 1949 2214 actionibus
1970 2201 1985 2226 ,
2009 2158 2106 2214 vel
2135 2158 2217 2215 de
2244 2173 2362 2216 suo
2394 2157 2587 2229 ipsius
2616 2154 2899 2218 dominio
2925 2204 2941 2230 ‚
2964 2158 3066 2218 vel

258 2254 345 2314 de
366 2257 705 2315 adversarii
734 2257 1151 2328 obligatione,
1176 2254 1374 2329 judici
1415 2255 1646 2312 debeat
1696 2254 1884 2311 fldem
1924 2252 2137 2312 facere
2166 2249 2232 2323 ¹).
2279 2257 2608 2312 Possessor
2636 2270 2793 2313 vero
2828 2256 2922 2314 his
2957 2259 3058 2315 vet

255 2356 534 2415 maxime
555 2363 772 2414 utetur
806 2351 1280 2414 defensionibus
1309 2374 1325 2410 ε
1360 2354 1636 2426 primum
1672 2355 1754 2411 ad
1784 2368 1850 2411 se
1889 2352 2095 2426 ipsum
2139 2356 2347 2427 potius
2386 2358 2710 2427 pertinere
2736 2351 3066 2414 heredita-

253 2457 392 2509 tem
415 2447 497 2526 ²),
530 2453 760 2511 deinde
790 2467 891 2509 res
927 2466 1063 2509 esse
1095 2451 1460 2523 deperditas
1499 2451 1598 2508 vel
1634 2449 1996 2507 deminutas
2018 2495 2034 2522 ‚
2083 2466 2204 2508 nec
2244 2452 2498 2523 cuipam
2534 2466 2614 2509 eo
2647 2452 2905 2509 nomine
2930 2468 2968 2509 a
2992 2467 3062 2512 se

255 2550 709 2620 praestandam
742 2549 760 2624 (
779 2543 924 2604 Vid.
952 2553 977 2625 5
1006 2547 1303 2619 praeced.
1345 2551 1480 2605 not.
1508 2546 1635 2603 9-
1655 2543 1757 2619 6.)
1787 2586 1803 2613 ,
1837 2550 1972 2602 tum
2016 2546 2520 2619 praescriptione
2561 2549 2862 2606 adversus
2909 2564 3060 2607 eum

252 2648 626 2706 exstinctam
656 2664 791 2711 esse
815 2643 1153 2715 actionem,
1178 2661 1344 2720 quae
1366 2646 1625 2719 quidem
1645 2645 1901 2717 triginta
1924 2660 2240 2704 annorum
2267 2642 2474 2718 spatio
2500 2647 2758 2705 finietur
2776 2643 2821 2721 ³)
2839 2689 2855 2714 ,
2883 2648 3060 2705 deni-

249 2760 385 2817 que
411 2745 538 2803 doii
561 2745 956 2818 exceptione,
976 2744 1112 2803 scii.
1137 2758 1362 2802 eorum
1386 2758 1603 2812 causa,
1626 2757 1795 2814 quae
1813 2741 2079 2800 vicissim
2109 2736 2225 2815 ipsi
2251 2743 2633 2816 praestanda
2659 2749 2807 2802 sunt
2832 2760 2870 2801 a
2897 2743 3055 2817 peti-

244 2850 435 2920 tore3
463 2861 629 2918 quae
654 2847 936 2918 quidem,
955 2845 1101 2903 iicet
1124 2860 1258 2902 non
1282 2849 1675 2917 opponatur,
1704 2848 1922 2900 tamen
1946 2838 2399 2916 officiojudicis
2422 2838 2879 2919 continebitur,
2907 2859 3057 2916 pro·

245 2951 477 3016 pterea
523 2946 697 3018 quod
748 2946 956 3003 bonae
1001 2944 1146 3001 [idei
1184 2939 1439 3017 judiciis
1485 2944 1946 3001 adnumeretur
1997 2942 2366 3001 hereditatis
2409 2944 2632 3016 petitio
2678 2939 2745 3016 ⁴).
2788 2947 2863 3001 Et
2901 2945 3053 3002 olim

243 3044 532 3117 quidem,
566 3046 716 3103 dum
742 3040 814 3103 tis
839 3051 981 3102 erat
999 3044 1166 3101 inter
1192 3043 1537 3116 petitorem
1576 3048 1640 3099 et
1666 3056 2099 3114 possessorem
2122 3086 2137 3110 ,
2165 3043 2453 3115 specialis
2478 3044 2781 3100 adversus
2808 3058 3056 3116 posses-

243 3158 461 3202 sorem
493 3139 661 3203 actio
699 3160 828 3203 non
881 3144 1014 3202 sere
1057 3149 1314 3216 poterat
1351 3142 1636 3215 moveri,
1668 3140 1804 3199 scii.
1851 3157 1933 3199 ne
1962 3138 2426 3216 praejudicium
2465 3144 2649 3200 tieret
2684 3139 3054 3202 hereditatis

244 3235 540 3312 petitioni
566 3237 647 3316 ⁵);
684 3241 857 3315 quod
887 3240 1142 3313 quidem
1167 3238 1274 3313 jus
1300 3245 1521 3311 postea
1545 3244 1863 3295 mutatum
1893 3243 1993 3295 est
2014 3253 2054 3295 a
2077 3236 2432 3296 Justiniano
2457 3232 2528 3310 ⁶).

937 3423 963 3495 ς
992 3420 1136 3476 710.
1169 3417 1230 3481 b)
1253 3410 1659 3491 Adipiscendae
1675 3411 2038 3489 possessionis
2059 3412 2391 3473 interdicta.

326 3617 464 3672 Duo
493 3621 641 3673 sunt
669 3615 830 3689 juris
852 3608 1225 3673 hereditarii
1259 3610 1684 3685 persequendi
1712 3626 1906 3669 causa
1928 3607 2380 3684 adipiscendae
2408 3611 2817 3684 possessionis
2848 3609 3047 3667 inter-

230 3709 410 3769 dicta
433 3707 769 3770 heredibus
783 3716 1156 3784 comparata
1177 3707 1245 3784 ¹).
1265 3710 1544 3766 Alterum
1566 3713 1661 3766 est
1680 3722 1925 3784 quorum
1945 3706 2219 3767 bonorum
2249 3706 2622 3767 interdictum
2634 3704 2703 3784 ²),
2726 3711 3047 3767 bonorum

301 3890 383 3948 90)
406 3891 455 3937 1..
479 3891 557 3939 31.
581 3896 606 3950 ς
633 3895 674 3938 1.
702 3899 750 3940 et
766 3891 814 3939 9.
835 3895 887 3939 D.
907 3893 958 3939 Ιι.
985 3896 1023 3942 t.
1052 3919 1108 3927 -
1144 3895 1194 3940 t..
1218 3890 1266 3941 4.
1289 3894 1341 3942 C.
1366 3892 1482 3940 eod.
1510 3891 1597 3948 (ct.
1728 3888 1779 3947 3)
1801 3891 1852 3936 i..
1877 3887 1925 3936 7.
1948 3892 2002 3938 C.
2027 3891 2081 3938 Ιι.
2106 3893 2264 3939 t.-t..
2288 3890 2335 3938 5.
2362 3893 2414 3939 C.
2439 3891 2508 3938 de
2527 3902 2770 3948 praescr.
2796 3890 2859 3938 50
2880 3892 2971 3938 vel
2986 3888 3050 3937 40

225 3960 343 4000 not.
370 3953 604 4011 25.).—1..
632 3955 710 4002 25.
735 3958 761 4012 S
779 3957 856 4001 19.
880 3957 998 4003 eod.
1664 3964 1860 3999 annor.
1887 3953 1903 4007 (
1928 3956 2005 4000 vii
2030 3987 2045 4009 ‚
2066 3952 2146 4001 59.
2174 3959 2189 4009 )
2210 3955 2305 4008 (cf.
2327 3956 2354 4009 ς
2374 3952 2486 4001 695.
2512 3961 2614 4000 not.
2635 3952 2724 4012 5.).
2761 3978 2821 3987 —-
2855 3954 2967 4001 Vid.
2991 3960 3045 3999 et

298 4015 386 4076 91)
429 4018 476 4062 t..
496 4018 579 4065 20.
601 4021 627 4074 S
648 4018 728 4066 90.
751 4021 800 4065 t..
825 4015 906 4065 40.
927 4020 1016 4075 33.
1044 4020 1096 4064 D.
1119 4018 1172 4064 Ιι.
1193 4021 1232 4065 t.
1257 4043 1313 4052 —
1335 4017 1409 4066 Cf.
1434 4018 1486 4066 1..
1510 4014 1590 4064 25.
1671 4015 2063 4063 Unterltolzner
2081 4018 2183 4063 auf.
2208 4018 2338 4072 Verj.
2362 4016 2515 4063 Lehre
2536 4018 2597 4063 Τ.
2623 4018 2683 4063 11.
2722 4018 2749 4072 S
2769 4014 2881 4063 167.
2907 4029 2959 4073 p.
2980 4013 3046 4062 55

226 4078 257 4132 ς
283 4079 363 4126 14.
386 4079 506 4126 eod.
1663 4077 1909 4136 sqq.—de
1930 4078 2219 4125 Buchltoltz
2242 4081 2274 4124 Ι.
2303 4081 2336 4125 1.
2358 4092 2405 4136 p.
2430 4077 2646 4125 23.—ns
2681 4084 2925 4137 tempore,
2945 4090 3046 4135 quo

295 4141 378 4198 22)
400 4144 451 4188 1..
475 4141 556 4188 56.
575 4145 601 4199 ς
620 4140 667 4189 5.
688 4146 741 4191 L.
764 4140 847 4190 37.
871 4145 925 4190 D.
947 4144 1000 4190 Ιι.
1027 4147 1065 4190 t.
1668 4139 1806 4186 inoff.
1854 4145 1962 4186 test.
2004 4153 2145 4198 quer.
2190 4140 2537 4200 praescribitur
2577 4141 2677 4186 vid.
2724 4142 2853 4187 infra
2878 4143 2905 4196 ς
2924 4138 3040 4189 773.

297 4204 379 4260 23)
401 4207 453 4251 L.
477 4202 559 4250 38.
581 4204 664 4252 59.
684 4206 801 4252 eod.
1660 4207 1710 4248 et
1745 4203 1944 4249 munke
1976 4205 2097 4249 Diu.
2132 4204 2218 4249 cit.
2252 4203 2297 4258 (ς
2318 4201 2430 4249 708.
2462 4209 2565 4249 not.
2586 4200 2686 4261 19.)
2710 4214 2818 4261 cap.
2841 4204 2891 4250 3.

293 4265 460 4378 94))ι.
502 4265 582 4313 515.
618 4270 668 4314 iu
711 4269 748 4314 1.
805 4270 860 4315 D.
900 4267 968 4314 de
998 4267 1155 4315 cond.
1209 4265 1320 4312 ind.
1367 4264 1384 4321 (
1411 4266 1436 4321 S
1476 4263 1588 4312 976.
1657 4263 1775 4380 S14)
1796 4262 1953 4371 Iulii&
1980 4267 2035 4311 1).
2059 4267 2110 4312 la.
2134 4268 2243 4374 Δο-ῖι
2261 4266 2312 4311 1..
2335 4264 2412 4312 19.
2433 4266 2459 4320 S
2478 4263 2529 4312 3.
2549 4265 2604 4311 C.
2631 4265 2754 4314 eod.
2773 4266 2863 4322 (cf.
2883 4266 2935 4311 1..
2955 4262 3037 4311 39.

223 4335 341 4376 not.
402 4334 453 4384 .).
1738 4331 1857 4381 .).-
1906 4362 1916 4372 .
1943 4329 2031 4372 uit.
2058 4330 2113 4374 D.
2139 4339 2170 4374 e
2248 4361 2258 4373 .

291 4390 373 4450 25)
392 4393 499 4439 Vid.
523 4392 575 4437 1..
599 4393 689 4438 uit.
710 4393 761 4439 iu
785 4393 822 4439 1.
847 4393 902 4439 D.
931 4393 997 4439 de
1020 4403 1137 4452 neq.
1157 4394 1353 4451 qest.—
1367 4392 1417 4437 L.
1443 4388 1602 4445 5081.
1731 4387 1782 4447 5)
1810 4390 1861 4435 t..
1885 4388 2054 4444 1232.
2076 4390 2129 4435 1..
2152 4389 2202 4436 7.
2229 4393 2284 4436 D.
2308 4389 2362 4435 Ιι.
2387 4393 2424 4436 t.
2448 4389 2531 4444 (ct.
2554 4390 2580 4444 S
2605 4385 2714 4436 138.
2738 4386 2943 4446 not.6.).

224 4455 282 4502 D.
307 4454 362 4501 ls.
390 4454 545 4501 t.-1..
577 4452 649 4502 14.
671 4456 697 4510 S
722 4456 798 4501 11.
827 4457 878 4502 1..
901 4452 983 4503 52.
1009 4467 1084 4514 pr.
1109 4457 1163 4501 D.
1190 4454 1259 4501 de
1277 4453 1431 4513 reliq.
1458 4453 1554 4500 (xi
1587 4487 1602 4512 ,
1728 4451 1778 4501 6)
1803 4453 1851 4498 L.
1878 4454 1967 4497 uit.
1993 4463 2067 4510 pr.
2091 4453 2117 4509 S
2150 4453 2199 4500 1.
2225 4457 2273 4498 et
2298 4451 2345 4496 9.
2368 4452 2421 4498 C.
2442 4451 2495 4497 Ιι.
2521 4454 2558 4497 t.
2596 4476 2652 4485 —
2689 4452 3042 4498 Kaemmerer·

215 4515 416 4576 7.)-t..
445 4518 535 4563 ult.
559 4519 584 4575 ς
608 4519 655 4566 1.
676 4519 731 4565 C.
755 4518 806 4565 Ιι.
832 4521 874 4566 Ι.
1666 4514 1715 4560 in
1756 4514 1992 4562 zeitschr.
2039 4515 2074 4560 f.
2117 4515 2285 4561 Civiir.
2332 4528 2380 4561 u.
2419 4516 2561 4561 Proz.
2604 4515 2663 4560 Τ.
2693 4515 2812 4560 vm.
2856 4526 2903 4573 p.
2943 4512 3043 4562 2⁰0

828 4645 854 4699 ς
883 4639 999 4690 709.
1663 4589 1770 4636 ’qq‘
2256 4640 2282 4694 ς
2313 4637 2426 4684 710.

289 4765 428 4815 1)Ci¹.
465 4766 556 4821 ως
582 4762 688 4813 186.
712 4772 761 4813 et
781 4767 805 4823 ς
826 4764 1009 4815 654.-
1030 4764 1077 4816 1))
1104 4767 1154 4815 i..
1179 4766 1227 4812 9.
1257 4766 1306 4813 in
1329 4766 1366 4812 f.
1394 4766 1443 4812 L.
1464 4762 1516 4812 7.
1544 4765 1593 4811 in
1722 4765 1769 4821 1)
1789 4764 1912 4809 sunt
1936 4763 2134 4822 quidem
2154 4768 2205 4808 et
2240 4763 2333 4808 alia
2356 4761 2592 4808 heredum
2616 4773 2759 4809 causa
2784 4763 3037 4822 proposita

219 4829 260 4876 1.
291 4831 342 4874 t..
368 4830 445 4875 11.
469 4830 522 4875 C.
546 4828 596 4874 Ιι.
624 4832 660 4874 1.
1659 4826 1918 4872 interdicta
1943 4847 1959 4878 4
1978 4827 2080 4871 scit.
2100 4825 2167 4871 de
2200 4824 2395 4871 tabulis
2421 4824 2737 4873 exhibendis
2759 4827 2802 4883 (s
2818 4824 2951 4883 654.)
2973 4838 3040 4884 οι

284 4889 335 4951 9)
355 4892 432 4940 Cf.
455 4892 508 4939 1..
525 4888 606 4939 57.
631 4892 685 4941 D.
708 4889 757 4938 Ιι.
786 4895 824 4938 t.
1658 4888 1808 4947 quod
1820 4889 2109 4947 teqatorum
2132 4888 2175 4946 (S
2191 4884 2326 4947 748.)
2349 4902 2364 4950 3
2387 4899 2595 4947 quorum
2636 4893 2798 4936 tamen
2823 4895 3020 4939 utrum·-

2661 4975 2731 5034 81
