3544 5506
2992 369 3106 426 529

290 487 557 545 interest
579 530 598 561 ,
624 487 886 547 nomine
914 488 1072 546 dare
1099 483 1342 561 aliquid
1376 489 1477 547 vel
1505 494 1838 562 praestare
1873 503 2134 549 necesse
2165 490 2401 550 habeat
2431 494 2518 561 ¹):
2553 502 2787 554 vocant
2825 510 3100 569 poenam

291 584 874 643 conventionalem.
931 588 1147 657 anue
1196 583 1290 643 his
1334 584 1703 643 continetur
1759 583 2004 657 legibus
2037 600 2054 644 ε
2110 588 2167 653 1)
2209 590 2419 648 Potest
2467 590 2640 649 omni
2691 595 3105 658 conventioni

291 680 515 754 adjici,
569 680 920 738 dummodo
979 680 1139 738 haec
1180 694 1314 738 non
1361 681 1440 738 sit
1485 695 1560 739 ex
1591 695 1819 739 earum
1865 696 2102 752 genere
2125 725 2143 757 ,
2194 699 2362 756 quae
2401 685 2552 759 jure
2601 689 3018 760 prohibentur
3032 688 3098 762 ²).

293 776 452 852 Quid
481 781 507 833 ,²
539 777 712 848 quod
745 791 998 848 poenae
1021 771 1434 849 stipulatione
1459 772 1620 835 effici
1665 782 1877 849 potest
1895 820 1913 852 ‚
1946 784 2020 835 ut
2046 775 2216 837 actio
2245 781 2496 839 oriatur
2527 798 2604 842 ex
2634 787 3096 859 conventione,

288 890 456 947 quae
487 876 772 948 alioquin
801 877 1043 933 nullam
1074 875 1373 934 habitura
1401 876 1485 934 sit
1526 876 1654 933 vim
1680 919 1696 945 ‚
1731 882 2079 948 propterea
2100 880 2273 950 quod
2304 880 2456 938 nihil
2497 884 2578 939 ad
2620 887 2758 958 ejus
2782 901 2914 944 rem
2937 929 2954 962 ‚
2990 889 3100 960 qui

285 974 663 1045 stipulatur,
692 975 1016 1046 pertinere
1062 975 1362 1032 videatur
1385 973 1458 1048 ³).
1502 975 1564 1049 2)
1592 971 1727 1032 Etsi
1757 977 1857 1033 vel
1900 977 2172 1036 maxime
2201 987 2469 1052 propter
2511 997 2654 1040 eam
2683 999 2939 1042 causam
2980 989 3098 1044 ad·-

276 1070 385 1144 jici
419 1071 586 1129 solet
618 1084 866 1143 poenae
906 1070 1229 1143 stipulatio
1250 1112 1266 1138 ‚
1298 1077 1371 1127 ut
1400 1086 1482 1128 ne
1504 1071 1898 1144 quandoque
1921 1072 2251 1131 dubitetur
2270 1118 2289 1151 ,
2323 1077 2478 1149 quid
2506 1087 2897 1150 quantumve
2922 1082 3093 1155 ejus,

283 1168 461 1239 quod
481 1166 780 1234 interest,
813 1166 1076 1223 nomine
1102 1165 1229 1238 peti
1254 1166 1453 1240 possit
1485 1164 1563 1244 ⁴),
1591 1172 1812 1224 tamen
1835 1181 1953 1225 nec
1980 1167 2202 1227 iisdem
2232 1171 2461 1231 finibus
2490 1176 2794 1233 conclusa
2819 1183 2915 1234 est
2946 1192 3093 1236 con·

280 1267 659 1325 ventionalis
681 1281 894 1340 poena
910 1310 926 1336 ‚
957 1267 1187 1339 quibus
1211 1265 1410 1339 judex
1430 1308 1446 1336 ,
1479 1268 1559 1325 de
1582 1265 1721 1339 eJus
1745 1312 1760 1340 ‚
1788 1263 1963 1340 quod
1986 1262 2251 1328 interest
2268 1314 2285 1342 ‚
2314 1268 2752 1344 magnitudine
2775 1283 3088 1347 statuens,

280 1369 623 1420 coercetur
650 1360 729 1430 ⁵),
752 1376 873 1419 nec
894 1376 1049 1420 vero
1066 1362 1410 1434 impeditur
1430 1405 1446 1433 ,
1474 1362 1582 1435 qui
1605 1361 1920 1440 majorem
1943 1364 2023 1421 ad
2042 1379 2112 1423 se
2131 1365 2292 1439 ejus,
2312 1370 2488 1440 quod
2514 1364 2796 1442 interest,
2820 1374 3083 1438 nomine

278 1460 706 1530 quantitatem
737 1453 1063 1532 pertinere
1092 1458 1499 1529 probaverit,
1527 1463 1780 1518 tantum
1810 1459 2003 1517 etiam
2028 1467 2249 1532 petere
2275 1505 2291 1532 ,
2324 1470 2638 1536 quantum
2664 1473 2764 1524 est
2791 1468 2997 1528 minus
3020 1471 3087 1530 in

279 1575 515 1632 poena,
547 1563 627 1618 de
657 1575 785 1633 qua
815 1559 1116 1618 convenit
1136 1552 1218 1633 θ).
1245 1559 1307 1633 5)
1342 1563 1553 1617 Poena
1583 1561 1915 1619 commissa
1950 1561 2013 1618 in
2038 1563 2303 1621 arbitrio
2335 1571 2433 1623 est
2462 1563 2799 1626 creditoris
2821 1612 2837 1638 ‚
2862 1575 3083 1630 utrum

279 1667 554 1732 poenam
582 1661 879 1734 persequi
905 1702 922 1735 ‚
966 1675 1048 1717 an
1071 1660 1177 1734 jus
1210 1659 1416 1732 ipsum
1443 1660 1625 1716 malit
1652 1674 1725 1718 ex
1756 1662 2188 1721 conventione
2207 1661 2279 1731 ⁷);
2307 1679 2456 1721 nam
2488 1666 2570 1723 de
2593 1673 2874 1740 utroque
2895 1670 3083 1729 simul

274 1774 468 1830 agere
492 1761 873 1832 plerumque
903 1758 1129 1832 nequit
1147 1753 1217 1832 ⁸).
1242 1758 1673 1817 committitur
1714 1765 1931 1817 autem
1962 1774 2170 1832 poena
2211 1760 2347 1833 ipso
2382 1762 2564 1838 iure,
2600 1764 2650 1822 sl
2685 1764 2921 1823 l'rustra
2948 1767 3084 1828 dies

273 1861 635 1913 transactus
658 1863 752 1913 est
773 1898 791 1928 ,
829 1871 960 1928 quo
998 1850 1154 1913 solvi
1195 1854 1416 1913 debuit
1438 1851 1508 1927 ⁹),
1541 1859 1680 1912 tum
1706 1854 1900 1912 etiam
1920 1897 1937 1929 ‚
1969 1854 2019 1913 si
2045 1871 2192 1928 pars
2225 1860 2673 1918 tantummodo
2701 1860 2839 1933 ejus
2858 1895 2875 1930 ‚
2902 1865 3081 1936 quod

273 1956 583 2024 debetur,
624 1955 805 2029 justo
851 1962 965 2012 aut
1002 1962 1298 2027 tempore
1332 1962 1445 2012 aut
1469 1956 1664 2013 modo
1687 1956 1898 2013 soluta
1936 1961 2032 2012 est
2060 1951 2153 2028 ¹⁰).
2194 1960 2537 2016 Praeterea
2582 1960 2639 2029 4)
2675 1975 2709 2016 a
2748 1961 3074 2037 debitore,

273 2056 445 2127 quod
490 2055 605 2127 ipsi
628 2050 961 2114 solutionis
990 2071 1187 2113 causa
1209 2056 1431 2112 datum
1461 2061 1558 2112 est
1577 2099 1593 2127 ‚
1630 2071 1761 2112 una
1786 2070 1933 2113 cum
1965 2052 2173 2114 usuris
2212 2063 2546 2130 repetetur
2569 2058 2637 2131 ιι)
2658 2100 2675 2125 ,
2706 2066 2841 2116 tum
2883 2061 3077 2120 etiam

270 2153 331 2225 5)
357 2157 439 2212 ad
463 2154 733 2213 heredes
761 2155 1334 2230 transmittiturjus
1353 2155 1616 2228 hujusce
1640 2169 1894 2227 poenae
1921 2157 2407 2229 persequendae
2427 2199 2445 2231 ,
2474 2158 2711 2230 quippe
2736 2161 2910 2231 quod
2940 2176 3073 2220 non

273 2266 348 2307 ex
386 2252 525 2322 lege
554 2251 935 2320 descendat,
970 2252 1083 2309 sed
1115 2266 1190 2309 ex
1233 2250 1659 2309 conventione
1697 2246 1784 2316 ¹²).
1817 2253 1892 2308 At
1926 2267 2082 2311 vero
2112 2250 2173 2324 6)
2205 2252 2373 2310 idem
2417 2250 2615 2324 finiri,
2657 2253 2839 2311 simul
2878 2262 3073 2330 atque

273 2351 570 2426 obligatio
593 2397 608 2421 ‚
643 2353 724 2409 ad
752 2367 946 2425 quam
968 2359 1247 2427 spectat,
1280 2351 1589 2409 exstincta
1622 2346 1737 2427 sit,
1761 2350 1824 2407 id
1848 2351 1944 2408 vix
1963 2357 2091 2420 est,
2122 2351 2295 2426 quod
2320 2365 2693 2410 moneamus
2721 2348 2896 2427 13).---
2923 2356 3071 2413 Cae-

1098 372 1236 415 CAP.
1277 372 1350 415 11.
1391 373 1468 414 DE
1507 371 1969 415 onuoanonum
2008 372 2235 417 csusls.

337 2533 382 2589 1)
414 2536 441 2589 ς
459 2535 548 2580 ult.
573 2536 608 2580 l.
632 2533 780 2582 deV.
809 2538 866 2582 0.
890 2535 975 2593 (cf.
998 2538 1101 2580 not.
1123 2534 1334 2593 5.).-1..
1352 2534 1428 2582 11.
1453 2534 1547 2592 §2-
1570 2537 1626 2582 D.

271 2594 339 2640 de
361 2600 576 2658 recepe„
600 2594 696 2654 qm'
711 2597 899 2644 arbitr.
925 2607 1160 2652 receper.
1185 2599 1285 2658 (lv,
1306 2596 1376 2655 8.)

329 2657 378 2714 2)
412 2658 484 2704 Cf.
509 2660 562 2705 L.
603 2657 683 2705 ot.
707 2660 760 2704 L.
800 2661 909 2707 123.
937 2662 988 2708 L.
1015 2657 1124 2705 134.
1162 2674 1234 2718 pr.
1270 2662 1339 2707 de
1368 2661 1441 2707 V.
1478 2663 1538 2706 0.
1568 2686 1622 2695 —

268 2719 319 2765 1..
344 2720 391 2768 2.
413 2721 467 2767 C.
487 2720 555 2768 de
575 2715 799 2770 inutilib.
823 2722 1059 2781 stipulat.
1086 2723 1226 2782 (Vlll,
1241 2721 1344 2782 59.)

326 2781 376 2839 3)
411 2784 438 2839 S
460 2786 551 2830 ult.
576 2786 614 2831 l.
637 2784 705 2831 de
728 2786 799 2832 V.
825 2788 882 2832 0.
899 2812 958 2820 -
981 2790 1007 2844 ς
1031 2784 1108 2832 19.
1133 2789 1168 2833 l.
1189 2787 1257 2835 de
1276 2784 1501 2834 inutilib.
1525 2784 1619 2833 sti·

258 2846 439 2901 putat.
465 2870 520 2879 -—
541 2847 596 2891 L.
620 2845 701 2894 58.
725 2849 751 2903 S
772 2846 820 2892 2.
845 2853 894 2894 et
914 2851 940 2905 s
961 2848 1042 2895 17.
1068 2848 1122 2895 D.
1155 2850 1223 2898 de
1260 2850 1332 2897 V.
1370 2850 1429 2894 0.
1451 2874 1510 2882 -
1532 2849 1617 2904 (cf.

267 2909 294 2963 s
312 2905 426 2953 332.
446 2913 551 2954 not.
573 2906 622 2954 7.
648 2913 698 2955 et
720 2910 745 2962 Ξ
764 2907 875 2956 533.
901 2918 1004 2958 not.
1028 2910 1101 2968 9.)

325 2968 374 3026 4)
407 2971 538 3024 Sult.
565 2973 603 3017 l.
624 2971 692 3018 de
717 2973 785 3018 V.
810 2975 867 3019 0.

323 3029 373 3089 5)
408 3035 462 3078 L.
484 3030 566 3079 56.
592 3044 667 3091 pr.
709 3033 764 3079 D.
794 3035 864 3082 de
899 3034 1052 3082 evici.
1095 3034 1242 3094 (xxi,
1262 3034 1333 3092 Ξ.)
1353 3059 1414 3068 -
1435 3035 1510 3081 Cl‘.
1550 3036 1617 3080 Η.

262 3094 468 3141 Donell.
491 3108 538 3141 c.
564 3095 606 3151 j,
646 3096 740 3142 civ.
778 3099 945 3156 xxvi,
980 3094 1062 3144 24.
1091 3101 1141 3142 et
1166 3098 1327 3144 Gldek
1362 3098 1512 3144 Paud.
1538 3098 1618 3142 lv.

264 3166 315 3213 p.
339 3155 453 3203 532.
479 3162 584 3203 not.
607 3154 658 3204 ὅ.
682 3182 743 3192 -
763 3159 819 3205 ld
839 3160 1177 3208 tantummodo
1195 3161 1416 3207 additum
1441 3164 1514 3204 est
1534 3170 1619 3203 ve·

259 3216 333 3265 lut
351 3220 748 3278 temperamenti,
770 3224 824 3266 ut
845 3233 907 3268 ne
924 3234 1109 3281 poenae
1125 3223 1508 3270 conventionalis
1530 3233 1618 3267 uo·

261 3282 393 3328 mine
413 3281 550 3328 fraus
573 3282 713 3327 fieret
732 3284 938 3340 legibus,
960 3295 1087 3343 quae
1108 3286 1379 3332 usurariam
1402 3284 1616 3342 pravita-

257 3349 358 3390 tem
376 3346 736 3390 coercereut.L.
755 3347 835 3391 12.
856 3348 882 3401 s
898 3345 977 3394 26.
1000 3350 1054 3393 D.
1079 3347 1148 3395 de
1168 3360 1221 3395 α.
1244 3359 1293 3395 e.
1315 3359 1365 3394 v.
1388 3347 1530 3406 (xlx,
1550 3346 1618 3402 1.)

263 3408 377 3452 —L.
409 3405 461 3452 9.
477 3419 555 3465 pr.
580 3408 636 3452 D.
662 3408 731 3454 de
750 3420 904 3455 neure.
928 3410 1092 3467 (xxn,
1112 3411 1180 3468 1.)

319 3467 368 3526 6)
404 3470 456 3515 L.
481 3469 561 3516 28.
587 3472 644 3515 D.
665 3470 734 3516 de
754 3482 807 3516 a.
829 3482 878 3517 e.
901 3483 951 3518 v.
975 3472 1120 3532 (xlx,
1142 3472 1368 3531 1.)-ΟΕ.
1389 3472 1441 3517 L.
1463 3467 1543 3517 41.
1569 3476 1619 3517 et

256 3529 336 3577 42.
362 3533 417 3578 D.
437 3544 539 3588 pro
557 3543 666 3579 soc.
688 3532 850 3591 (xvll,
869 3535 938 3591 Β.)

318 3591 368 3649 7)
404 3592 551 3640 L.28.
574 3596 630 3640 D.
653 3594 785 3640 dea.
810 3605 859 3641 e.
881 3608 934 3642 v.
954 3598 1094 3656 (xlx,
1120 3596 1327 3654 1.)-Ι..
1352 3592 1401 3641 4.
1423 3591 1515 3649 57.
1559 3596 1613 3642 D.

255 3655 324 3701 de
344 3656 483 3702 ἀπε.
503 3669 622 3705 exc.
646 3656 823 3715 (XLIV,
845 3655 981 3716 4.)-
1004 3660 1056 3703 L.
1081 3659 1158 3706 10.
1180 3660 1207 3716 ς
1226 3659 1271 3703 1.
1295 3660 1350 3704 D.
1374 3657 1443 3702 de
1467 3660 1611 3713 pact.

255 3716 335 3774 (ll,
361 3718 580 3776 14.)-1..
602 3716 681 3765 14.
702 3721 755 3765 C.
775 3721 894 3766 eod.
929 3721 1211 3780 (tt‚5.)—-1..
1237 3719 1314 3767 12.
1339 3722 1365 3775 s
1386 3720 1433 3764 2.
1459 3721 1515 3765 D.
1547 3719 1616 3766 de

250 3785 395 3837 pact.
415 3780 631 3829 dotalib.
653 3782 838 3841 (xxiii,
858 3782 1116 3841 4.)—Qua
1137 3790 1301 3832 tamen
1324 3783 1373 3828 in
1396 3793 1449 3827 re
1470 3792 1612 3840 prae·

255 3847 631 3891 termitteudum
674 3856 769 3890 nou
800 3850 901 3904 est,
941 3848 1109 3893 multis
1135 3858 1196 3893 ex
1226 3845 1382 3892 causis
1416 3845 1613 3890 evenire

253 3916 413 3965 posse,
437 3913 492 3951 ut
527 3914 717 3965 praeter
749 3919 957 3965 poenam
996 3911 1307 3956 commissam
1344 3906 1445 3961 jam
1487 3906 1608 3956 nibil

254 3969 352 4024 peti
377 3970 551 4028 possit,
575 3969 615 4016 si
637 3970 836 4027 quidem
859 3982 1044 4028 poenae
1086 3971 1337 4029 stipulatio
1359 3972 1445 4014 aut
1477 3969 1607 4024 ejus-

251 4032 383 4078 modi
409 4032 673 4087 adjiciatur
693 4034 1248 4091 conventionibus,quae
1258 4031 1470 4088 alioquin
1491 4033 1605 4078 nul-

252 4091 350 4139 lam
390 4094 648 4141 habiturae
687 4094 787 4140 siut
807 4096 906 4141 vim
928 4095 1052 4145 (not.
1075 4096 1174 4149 3.),
1208 4099 1294 4140 aut
1330 4095 1406 4151 iis,
1429 4094 1604 4151 quibus

251 4156 357 4211 quis
368 4157 655 4215 simpliciter
673 4156 986 4218 prohibetur,
1012 4169 1075 4203 ne
1091 4156 1207 4216 quid
1229 4157 1375 4203 faciat
1394 4157 1465 4211 (L.
1489 4156 1599 4203 122.

249 4215 341 4271 ςθ.
366 4218 436 4265 de
459 4219 532 4265 V.
559 4220 761 4266 0.-ct.
791 4221 844 4267 L.
880 4217 956 4264 58.
982 4218 1073 4274 3⁴-
1105 4217 1244 4276 eod.)
1267 4252 1283 4277 ,
1318 4226 1419 4265 tum
1459 4227 1600 4277 vero,

249 4278 599 4327 nihilomnino
619 4294 724 4328 esse
742 4284 1105 4342 praestandum,
1124 4293 1236 4327 cum
1253 4281 1321 4339 id,
1345 4279 1474 4339 quod
1494 4292 1603 4336 pro·

248 4344 355 4399 prie
374 4349 450 4389 est
473 4344 526 4390 iu
548 4343 866 4403 obligatione,
887 4355 1001 4389 casu
1023 4345 1365 4402 exstinguitur,
1388 4345 1463 4389 vel
1480 4344 1601 4388 alio·

247 4404 368 4460 quin
380 4407 503 4452 citra
518 4417 716 4453 omnem
734 4405 966 4453 debitoris
977 4409 1171 4464 culpam
1182 4408 1351 4466 nequit
1365 4406 1600 4463 praestari

246 4465 320 4521 (L.
350 4465 432 4513 69.
458 4470 514 4514 D.
535 4469 604 4514 de
627 4471 697 4517 V.
727 4470 826 4526 0.).
864 4469 996 4523 Quae
1015 4469 1214 4527 quidem
1245 4468 1601 4528 praetermissio

243 4534 320 4575 tot
342 4531 554 4577 subinde
581 4533 813 4579 excitavit
826 4532 1501 4590 controversias,iuutilesque
1522 4530 1599 4576 di-

240 4592 556 4652 stinctiones,
579 4606 705 4653 quae
722 4594 903 4653 ubique
933 4593 1164 4651 leguntur
1191 4595 1241 4640 in
1273 4596 1599 4640 recentiorum

239 4653 399 4701 libris.
424 4654 537 4701 vid.
562 4662 614 4702 et
634 4661 738 4703 not.
762 4669 864 4714 seq.
883 4680 946 4691 -—
964 4659 1221 4703 Caeterum
1240 4668 1385 4715 penes
1404 4657 1598 4703 debito-

241 4727 346 4763 rem
369 4718 549 4773 electio
569 4729 668 4765 non
687 4720 799 4777 erit,
818 4722 985 4765 utrum
1007 4730 1214 4777 poenam
1241 4720 1353 4765 velit
1372 4720 1556 4765 solvere
1573 4751 1592 4779 ‚

240 4788 301 4824 an
326 4792 457 4840 rem,
495 4792 625 4837 quae
659 4781 709 4827 iu
729 4781 1079 4838 obligationem
1117 4782 1324 4828 deducta
1347 4786 1439 4838 est,
1461 4793 1595 4839 prae-

238 4846 366 4889 stare
407 4842 482 4898 (L.
526 4839 608 4888 276.
652 4855 725 4902 pr.
759 4845 821 4891 D.
845 4844 913 4890 de
941 4848 1138 4901 recept.
1163 4845 1242 4901 lv,
1264 4841 1354 4901 8.),
1376 4848 1593 4901 praeter-

236 4914 404 4961 quam,
426 4905 589 4963 quod,
613 4906 653 4951 si
675 4906 914 4953 libertatis
949 4905 1139 4953 dandae
1174 4906 1442 4952 conditioni
1481 4918 1594 4963 poe·

233 4977 322 5015 nae
340 4967 605 5029 stipulatio
649 4967 840 5023 adjecta
879 4972 1014 5029 erat,
1056 4974 1106 5015 et
1129 4979 1284 5028 poena
1317 4967 1590 5028 petebatur,

1725 2535 2031 2583 adversarius
2088 2537 2362 2585 libertatem
2412 2535 2707 2596 praestando
2756 2540 2821 2585 ab
2872 2540 3066 2588 actione

1719 2595 2025 2707 Ιίὸωῗὲεωι·
2060 2602 2112 2650 L.
2158 2598 2266 2648 115.
2299 2601 2326 2656 S
2362 2601 2410 2647 2.
2457 2603 2514 2650 D.
2554 2602 2622 2650 de
2645 2603 2714 2651 V.
2737 2603 2795 2649 0.
2829 2601 2914 2660 (ef.
2936 2603 3062 2651 infra

1715 2665 1819 2707 not.
1907 2663 1960 2716 .).

1777 2722 1825 2782 8)
1862 2725 1971 2772 vid.
1995 2727 2033 2773 l.
2074 2726 2110 2774 l.
2148 2724 2260 2775 init.
2281 2729 2385 2774 not.
2426 2722 2477 2773 7.
2500 2725 2669 2774 laudd.
2691 2730 2742 2771 et
2762 2727 2877 2774 add.
2898 2728 2951 2773 1..
2973 2726 3056 2776 23.

1713 2796 1789 2843 pr.
1810 2788 1860 2834 in
1881 2787 1917 2834 f.
1941 2789 1995 2834 D.
2025 2788 2095 2836 de
2111 2792 2308 2844 recepe.
2335 2788 2436 2846 (lv,
2455 2786 2525 2846 8.)
2544 2815 2604 2823 —
2625 2790 2893 2850 Utrumque
2914 2788 3060 2849 igitur

1712 2850 1813 2904 peti
1838 2854 2028 2896 tantum
2050 2854 2246 2909 poterit,
2265 2851 2303 2895 si
2329 2850 2377 2897 id
2402 2852 2528 2897 inter
2558 2857 2719 2911 partes
2757 2859 2918 2899 actum
2954 2866 3057 2902 esse

1712 2921 1774 2955 ex
1795 2914 2127 2959 conventionis
2167 2916 2238 2960 vel
2277 2914 2433 2959 verbis
2455 2915 2528 2959 vel
2556 2921 2723 2959 tenore
2751 2921 2886 2961 certo
2907 2929 3056 2976 appa·

1711 2979 1837 3018 reat.
1860 2976 1911 3021 L.
1939 2973 2046 3022 115.
2070 2979 2096 3033 ς
2117 2976 2164 3023 2.
2190 2977 2241 3023 ln
2263 2975 2299 3021 Ι.
2338 2979 2390 3022 t).
2413 2975 2484 3022 de
2509 2978 2578 3023 V.
2603 2979 2661 3024 0.
2689 2990 2982 3027 u—-cum
3004 2980 3054 3026 ld

1713 3038 1878 3081 actum
1902 3039 2161 3096 probatur,
2181 3043 2266 3093 ut,
2292 3037 2330 3083 si
2354 3038 2502 3084 homo
2522 3040 2664 3085 datus
2685 3051 2782 3086 nou
2809 3041 2981 3098 suerit,
3001 3050 3054 3089 et

1710 3090 1858 3143 bomo
1890 3104 1940 3145 et
1970 3100 2169 3157 pecunia
2209 3099 2500 3147 debeatur.»
2529 3101 2700 3158 (Atque
2718 3113 2776 3148 ex
2800 3101 2874 3147 his
2897 3104 3054 3151 verbis

1709 3162 1986 3214 generalem
2030 3161 2221 3208 efficere
2257 3163 2417 3208 solent
2443 3163 2661 3219 regulam
2694 3162 2819 3212 hanc
2843 3179 2854 3210 :
2878 3166 3051 3222 quodsi

1710 3226 1909 3279 propter
1924 3235 2110 3270 moram
2135 3225 2184 3272 iu
2205 3224 2436 3270 solvendo
2456 3224 2717 3272 admissam
2742 3237 2892 3283 poena
2914 3239 3051 3275 eom-

1708 3284 1933 3331 mittatur
1955 3318 1971 3345 ,
2012 3298 2204 3344 semper
2234 3290 2498 3343 utrumque
2532 3287 2667 3344 peti,
2706 3292 2756 3333 et
2776 3299 2981 3345 poenam
3001 3295 3053 3338 et

1706 3344 1837 3401 quod
1858 3348 2051 3406 proprie
2071 3350 2135 3395 sit
2159 3350 2206 3394 in
2227 3348 2601 3405 obligatione.-
2621 3350 2694 3397 Cf.
2720 3350 2973 3397 Donellus
2984 3355 3047 3399 ad

1707 3408 1758 3451 L.
1797 3405 1908 3454 115.
1954 3411 2007 3455 D.
2029 3410 2101 3456 de
2122 3412 2193 3457 V.
2220 3413 2278 3457 0.
2303 3422 2380 3456 ur.
2402 3409 2480 3457 31.
2506 3416 2653 3459 etur.
2678 3410 2740 3460 55
2774 3424 2884 3469 sqq.
2903 3426 2951 3470 p.
2976 3427 3044 3462 m.

1704 3466 1803 3515 352
1817 3474 2165 3529 sqq—Glak
2187 3473 2336 3520 Pand.
2358 3474 2437 3519 lv.
2456 3485 2504 3530 p.
2538 3471 2631 3522 537
2651 3488 2723 3533 sq.
2749 3499 2804 3508 —
2825 3474 3050 3526 Tltibmaet

1709 3531 1861 3578 Pand.
1884 3534 1910 3591 S
1935 3531 2044 3581 115.
2067 3537 2148 3581 Nr.
2171 3537 2247 3581 lv.
2265 3535 2313 3581 2.
2340 3537 2415 3591 Α.)
2434 3559 2493 3568 -
2520 3538 2574 3582 L.
2599 3534 2674 3584 to.
2702 3537 3045 3585 adelram-

1706 3592 1952 3643 actionib.
1974 3596 2054 3655 (ll,
2078 3595 2177 3652 15.)
2203 3598 2331 3653 «Qui
2352 3598 2499 3645 fidem
2524 3600 2684 3646 licitae
2707 3602 3044 3649 transactionis

1707 3657 1858 3715 rupit,
1884 3671 1981 3705 uon
2004 3661 2287 3718 exceptione
2313 3665 2504 3706 tantum
2525 3661 2930 3720 summovebitur,
2954 3666 3041 3711 sed

1705 3723 1756 3764 et
1772 3729 1998 3779 poenam,
2018 3734 2187 3781 quam,
2208 3725 2247 3770 si
2270 3728 2437 3769 contra
2453 3725 2683 3781 placitum
2707 3724 2895 3782 fecerit,
2918 3729 3040 3773 rato

1703 3787 1957 3830 manente
1972 3789 2133 3840 pacto
2152 3785 2404 3845 stipulanti
2426 3790 2554 3832 recte
2574 3787 2877 3844 promiserat,
2931 3799 3040 3834 rae—

1701 3848 1832 3890 stare
1852 3848 2103 3903 cogitur.»
2130 3868 2191 3880 —·
2216 3849 2268 3894 L.
2291 3846 2369 3894 17.
2394 3850 2446 3895 L.
2468 3846 2547 3896 ⁴0.
2572 3850 2625 3895 C.
2648 3847 2768 3895 eod.
2786 3848 2864 3904 (ll,
2922 3854 2955 3906 .)
2979 3875 3038 3885 —-

1700 3906 1827 3961 Quos
1846 3910 2043 3965 quidem
2073 3910 2206 3958 locos
2227 3910 2359 3956 varie
2373 3911 2619 3967 explicant
2636 3912 3031 3968 interpp.-—Vid.

1699 3969 1859 4017 Gestck
1878 3972 1911 4017 l.
1937 3972 1970 4017 l.
2002 3972 2082 4019 tv.
2106 3985 2137 4030 p
2180 3971 2275 4019 533
2305 3983 2412 4030 sqq.
2436 3972 2601 4030 ibique
2625 3971 2790 4018 laudd.
2812 3973 3003 4031 scriptt.

1757 4028 1808 4088 9)
1844 4032 1896 4078 Ι..
1922 4031 2031 4080 115.
2056 4039 2083 4093 s
2104 4036 2151 4082 2.
2177 4038 2229 4082 D.
2253 4033 2319 4080 de
2344 4035 2415 4081 V.
2442 4035 2638 4080 0.-—1..
2660 4036 2737 4080 12.
2773 4035 2825 4082 C.
2849 4036 3034 4085 dectr.

1693 4096 1750 4138 et
1776 4096 2022 4143 commin.
2062 4096 2237 4153 stipul.
2260 4096 2401 4152 (Vlll,
2421 4093 2522 4154 59.)
2543 4121 2601 4128 —
2617 4097 3036 4151 Quemadmodum

1692 4159 1855 4201 autem
1876 4157 1925 4202 iu
1950 4158 2007 4205 iis
2029 4161 2207 4218 causis,
2230 4159 2313 4205 ubi
2334 4158 2588 4204 solutionis
2621 4165 2813 4218 tempus
2849 4162 3036 4210 nullum

1693 4218 2033 4273 praestitutum
2053 4227 2146 4279 est,
2168 4234 2265 4268 nou
2283 4220 2375 4265 nisi
2399 4219 2789 4278 interpellatione
2807 4222 3036 4287 efficitur,

1691 4284 1747 4325 ut
1768 4291 1925 4336 poena
1947 4286 2302 4339 committatur,
2325 4283 2392 4327 sic
2414 4283 2560 4330 etiam
2590 4289 2759 4343 sponte
2793 4293 2996 4343 apparet
3019 4321 3036 4346 ,

1691 4352 1794 4387 uon
1818 4346 1960 4390 aliter
2000 4357 2209 4403 poenam
2247 4344 2507 4401 committi,
2536 4345 2626 4392 nisi
2656 4359 2742 4405 per
2762 4346 3036 4397 debitorem

1693 4407 1903 4463 steterit,
1925 4418 2022 4465 quo
2043 4408 2202 4454 minus
2216 4407 2346 4461 justo
2369 4410 2585 4464 tempore
2606 4413 2866 4466 praestatio
2878 4410 3033 4458 fieret.

1693 4490 1753 4498 —
1777 4467 1851 4514 ef.
1890 4470 1942 4515 L.
1976 4467 2055 4515 25.
2095 4472 2150 4516 D.
2171 4470 2239 4516 de
2263 4471 2323 4515 0.
2344 4469 2398 4515 et
2421 4471 2488 4515 A.
2513 4469 2689 4530 (Xle,
2707 4469 2778 4531 7.)
2798 4498 2855 4506 -
2880 4474 2933 4519 L.
2953 4471 3033 4521 23.

1694 4528 1720 4581 S
1743 4527 1789 4575 1.
1810 4529 1860 4576 2.
1882 4528 1931 4577 ὅ.
1957 4531 2006 4576 L.
2030 4531 2109 4579 21.
2131 4534 2157 4587 S
2177 4530 2226 4578 8.
2249 4529 2298 4577 9.
2321 4533 2375 4578 D.
2395 4532 2462 4578 de
2485 4538 2681 4591 recept.
2706 4536 2805 4591 (lv,
2825 4534 2894 4592 8.)

1760 4592 1839 4651 to)
1873 4593 1924 4640 L.
1943 4590 2024 4640 47.
2045 4596 2099 4641 D.
2123 4593 2190 4641 de
2212 4605 2266 4640 a.
2284 4604 2333 4640 e.
2357 4606 2409 4640 v.
2441 4595 2595 4654 (Xlx,
2616 4598 2683 4653 1.)
2704 4621 2766 4632 --
2786 4600 2838 4645 L.
2863 4596 2913 4646 5.
2937 4597 2964 4653 S
2982 4598 3033 4645 3.

1691 4653 1796 4701 inf.
1819 4653 1979 4711 0184.
2007 4660 2057 4704 L.
2079 4656 2157 4705 85.
2181 4653 2276 4714 ςθ.
2301 4656 2442 4704 D.de
2466 4657 2611 4705 V.0.

1755 4718 1832 4776 11)
1868 4719 1921 4765 L.
1939 4716 2020 4767 47.
2043 4722 2097 4767 D.
2119 4721 2188 4767 de
2209 4729 2262 4767 a.
2283 4730 2331 4766 e.
2355 4732 2406 4766 v.
2427 4718 2568 4777 (xlX,
2593 4723 2660 4775 1.)

1753 4781 1918 4900 12⁰1.5
1939 4780 1992 4829 4.
2027 4781 2113 4840 §1-
2150 4785 2203 4828 L.
2226 4781 2276 4831 5.
2298 4783 2324 4837 S
2348 4781 2397 4829 5.
2419 4783 2475 4827 D.
2499 4782 2569 4830 de
2592 4787 2661 4832 V.
2689 4787 2748 4833 0.
2772 4785 3032 4844 (01.8454.

1687 4851 1794 4891 not.
1819 4845 1841 4889 1
1885 4876 1896 4887 .
1925 4878 1938 4890 .

1751 4907 1770 4953 1
1859 4908 1934 4954 Cl'.
1976 4909 2026 4953 L.
2050 4905 2131 4954 21.
2153 4903 2245 4961 88.
2269 4908 2323 4954 D.
2348 4905 2416 4954 de
2433 4911 2747 4966 recept-1..
2776 4910 2818 4957 1.
2848 4912 3036 4959 C.eod.

1687 4970 1768 5032 (tl,
1856 4972 1889 5028 .)
1905 4996 1955 5003 -
1970 4970 2134 5029 Neque
2148 4970 2394 5016 contraria
2416 4974 2491 5016 est
2512 4971 2565 5019 L.
2604 4970 2681 5019 15.
2705 4976 2758 5020 D.
2780 4973 2848 5021 de
2863 4977 3039 5021 trans·

2638 5077 2715 5133 42
