<?xml version="1.0" encoding="UTF-8"?>
<!DOCTYPE html PUBLIC "-//W3C//DTD XHTML 1.0 Transitional//EN"
    "http://www.w3.org/TR/xhtml1/DTD/xhtml1-transitional.dtd">
<html xmlns="http://www.w3.org/1999/xhtml" xml:lang="en" lang="en">
 <head>
  <title>
</title>
<meta http-equiv="Content-Type" content="text/html;charset=utf-8" />
  <meta name='ocr-system' content='tesseract 3.04.00' />
  <meta name='ocr-capabilities' content='ocr_page ocr_carea ocr_par ocr_line ocrx_word'/>
</head>
<body>
  <div class='ocr_page' id='page_1' title='image "./doctrinapandect03mhgoog/doctrinapandect03mhgoog_0295.png"; bbox 0 0 3544 5506; ppageno 0'>
   <div class='ocr_carea' id='block_1_1' title="bbox 1184 342 2984 402">
    <p class='ocr_par' dir='ltr' id='par_1_1' title="bbox 1184 342 2984 402">
     <span class='ocr_line' id='line_1_1' title="bbox 1184 342 2984 402; baseline 0.003 -5"><span class='ocrx_word' id='word_1_1' title='bbox 1184 355 1317 398; x_wconf 70' lang='lat' dir='ltr'><strong>cu.</strong></span> <span class='ocrx_word' id='word_1_2' title='bbox 1358 355 1440 398; x_wconf 71' lang='grc' dir='ltr'><strong>ιν.</strong></span> <span class='ocrx_word' id='word_1_3' title='bbox 1480 354 1558 399; x_wconf 74' lang='lat' dir='ltr'><strong>ns</strong></span> <span class='ocrx_word' id='word_1_4' title='bbox 1593 354 2043 400; x_wconf 64' lang='lat' dir='ltr'><strong>murmanus.</strong></span> <span class='ocrx_word' id='word_1_5' title='bbox 2869 342 2984 402; x_wconf 70' lang='lat'><strong>27³</strong></span> 
     </span>
    </p>
   </div>
   <div class='ocr_carea' id='block_1_2' title="bbox 1476 529 1687 605">
    <p class='ocr_par' dir='ltr' id='par_1_2' title="bbox 1476 529 1687 605">
     <span class='ocr_line' id='line_1_2' title="bbox 1476 529 1687 605; baseline -0.024 -15"><span class='ocrx_word' id='word_1_6' title='bbox 1476 530 1502 605; x_wconf 79' lang='grc' dir='ltr'>ς</span> <span class='ocrx_word' id='word_1_7' title='bbox 1543 529 1687 590; x_wconf 78' lang='lat'><strong>282.</strong></span> 
     </span>
    </p>
   </div>
   <div class='ocr_carea' id='block_1_3' title="bbox 202 727 2987 1294">
    <p class='ocr_par' dir='ltr' id='par_1_3' title="bbox 202 727 2987 1294">
     <span class='ocr_line' id='line_1_3' title="bbox 269 727 2980 806; baseline 0.003 -16"><span class='ocrx_word' id='word_1_8' title='bbox 269 729 324 804; x_wconf 89' lang='lat'><strong>5)</strong></span> <span class='ocrx_word' id='word_1_9' title='bbox 366 731 647 791; x_wconf 84' lang='lat' dir='ltr'><strong>Servitus</strong></span> <span class='ocrx_word' id='word_1_10' title='bbox 685 727 970 787; x_wconf 73' lang='lat' dir='ltr'><strong>luminum</strong></span> <span class='ocrx_word' id='word_1_11' title='bbox 986 771 1004 803; x_wconf 91' lang='lat'>,</span> <span class='ocrx_word' id='word_1_12' title='bbox 1046 743 1214 803; x_wconf 87' lang='lat' dir='ltr'><strong>quae</strong></span> <span class='ocrx_word' id='word_1_13' title='bbox 1242 729 1503 803; x_wconf 89' lang='lat' dir='ltr'><strong>quidem</strong></span> <span class='ocrx_word' id='word_1_14' title='bbox 1540 731 1692 806; x_wconf 73' lang='lat' dir='ltr'><strong>‚iure</strong></span> <span class='ocrx_word' id='word_1_15' title='bbox 1726 730 2097 790; x_wconf 82' lang='lat' dir='ltr'>continetur</span> <span class='ocrx_word' id='word_1_16' title='bbox 2124 728 2437 790; x_wconf 72' lang='lat' dir='ltr'><strong>fenestras</strong></span> <span class='ocrx_word' id='word_1_17' title='bbox 2468 731 2749 794; x_wconf 85' lang='lat' dir='ltr'><strong>habendi</strong></span> <span class='ocrx_word' id='word_1_18' title='bbox 2774 737 2980 800; x_wconf 83' lang='lat' dir='ltr'><strong>autin</strong></span> 
     </span>
     <span class='ocr_line' id='line_1_4' title="bbox 205 827 2984 909; baseline 0.003 -22"><span class='ocrx_word' id='word_1_19' title='bbox 205 830 393 899; x_wconf 82' lang='lat' dir='ltr'><strong>vicini,</strong></span> <span class='ocrx_word' id='word_1_20' title='bbox 429 838 544 890; x_wconf 89' lang='lat' dir='ltr'><strong>aut</strong></span> <span class='ocrx_word' id='word_1_21' title='bbox 573 832 641 889; x_wconf 93' lang='lat' dir='ltr'><strong>in</strong></span> <span class='ocrx_word' id='word_1_22' title='bbox 689 828 1012 891; x_wconf 92' lang='lat' dir='ltr'><strong>communi</strong></span> <span class='ocrx_word' id='word_1_23' title='bbox 1042 828 1286 904; x_wconf 87' lang='lat' dir='ltr'><strong>pariete</strong></span> <span class='ocrx_word' id='word_1_24' title='bbox 1306 871 1324 905; x_wconf 92' lang='lat'>,</span> <span class='ocrx_word' id='word_1_25' title='bbox 1348 830 1554 889; x_wconf 85' lang='lat' dir='ltr'><strong>autin</strong></span> <span class='ocrx_word' id='word_1_26' title='bbox 1585 837 1813 891; x_wconf 82' lang='lat' dir='ltr'><strong>nostro</strong></span> <span class='ocrx_word' id='word_1_27' title='bbox 1837 830 2065 902; x_wconf 88' lang='lat' dir='ltr'><strong>etiam,</strong></span> <span class='ocrx_word' id='word_1_28' title='bbox 2096 830 2232 890; x_wconf 82' lang='lat' dir='ltr'><strong>scil.</strong></span> <span class='ocrx_word' id='word_1_29' title='bbox 2275 827 2625 909; x_wconf 72' lang='lat' dir='ltr'><strong>contraius</strong></span> <span class='ocrx_word' id='word_1_30' title='bbox 2654 832 2812 893; x_wconf 92' lang='lat' dir='ltr'><strong>illud</strong></span> <span class='ocrx_word' id='word_1_31' title='bbox 2833 850 2984 909; x_wconf 91' lang='lat' dir='ltr'><strong>pro·</strong></span> 
     </span>
     <span class='ocr_line' id='line_1_5' title="bbox 205 922 2985 1002; baseline 0.003 -20"><span class='ocrx_word' id='word_1_32' title='bbox 205 925 425 985; x_wconf 78' lang='lat' dir='ltr'><strong>bibendi</strong></span> <span class='ocrx_word' id='word_1_33' title='bbox 451 970 472 1002; x_wconf 88' lang='lat'>,</span> <span class='ocrx_word' id='word_1_34' title='bbox 519 927 697 1002; x_wconf 87' lang='lat' dir='ltr'><strong>quod</strong></span> <span class='ocrx_word' id='word_1_35' title='bbox 726 926 895 997; x_wconf 86' lang='lat' dir='ltr'><strong>leges</strong></span> <span class='ocrx_word' id='word_1_36' title='bbox 921 925 1354 985; x_wconf 77' lang='lat' dir='ltr'><strong>concesserint</strong></span> <span class='ocrx_word' id='word_1_37' title='bbox 1385 922 1605 986; x_wconf 83' lang='lat' dir='ltr'><strong>vicinis</strong></span> <span class='ocrx_word' id='word_1_38' title='bbox 1638 922 1731 1002; x_wconf 55' lang='grc' dir='ltr'><strong>ιε1).</strong></span> <span class='ocrx_word' id='word_1_39' title='bbox 1768 926 1957 1002; x_wconf 74' lang='lat' dir='ltr'><strong>cnjus</strong></span> <span class='ocrx_word' id='word_1_40' title='bbox 1988 928 2165 986; x_wconf 82' lang='lat' dir='ltr'><strong>velut</strong></span> <span class='ocrx_word' id='word_1_41' title='bbox 2195 927 2475 985; x_wconf 88' lang='lat' dir='ltr'><strong>tuendae</strong></span> <span class='ocrx_word' id='word_1_42' title='bbox 2502 935 2569 986; x_wconf 91' lang='lat' dir='ltr'><strong>et</strong></span> <span class='ocrx_word' id='word_1_43' title='bbox 2597 930 2985 992; x_wconf 78' lang='lat' dir='ltr'><strong>confirman-</strong></span> 
     </span>
     <span class='ocr_line' id='line_1_6' title="bbox 204 1018 2981 1104; baseline 0.002 -26"><span class='ocrx_word' id='word_1_44' title='bbox 204 1022 303 1080; x_wconf 82' lang='lat' dir='ltr'><strong>dae</strong></span> <span class='ocrx_word' id='word_1_45' title='bbox 323 1025 526 1096; x_wconf 86' lang='lat' dir='ltr'><strong>gratia</strong></span> <span class='ocrx_word' id='word_1_46' title='bbox 550 1022 825 1083; x_wconf 88' lang='lat' dir='ltr'><strong>servitus</strong></span> <span class='ocrx_word' id='word_1_47' title='bbox 843 1063 862 1090; x_wconf 86' lang='lat'>‚</span> <span class='ocrx_word' id='word_1_48' title='bbox 890 1038 961 1079; x_wconf 79' lang='lat' dir='ltr'><strong>ns</strong></span> <span class='ocrx_word' id='word_1_49' title='bbox 988 1018 1297 1079; x_wconf 61' lang='lat' dir='ltr'><strong>lunzinibus</strong></span> <span class='ocrx_word' id='word_1_50' title='bbox 1328 1019 1616 1104; x_wconf 79' lang='lat' dir='ltr'><strong>officiatur</strong></span> <span class='ocrx_word' id='word_1_51' title='bbox 1632 1063 1649 1093; x_wconf 90' lang='lat'>,</span> <span class='ocrx_word' id='word_1_52' title='bbox 1679 1023 1852 1096; x_wconf 88' lang='lat' dir='ltr'><strong>apud</strong></span> <span class='ocrx_word' id='word_1_53' title='bbox 1876 1025 2192 1082; x_wconf 83' lang='lat' dir='ltr'><strong>Romanos</strong></span> <span class='ocrx_word' id='word_1_54' title='bbox 2215 1020 2516 1083; x_wconf 87' lang='lat' dir='ltr'><strong>constitui</strong></span> <span class='ocrx_word' id='word_1_55' title='bbox 2546 1025 2729 1088; x_wconf 78' lang='lat' dir='ltr'><strong>solita</strong></span> <span class='ocrx_word' id='word_1_56' title='bbox 2753 1032 2852 1088; x_wconf 87' lang='lat' dir='ltr'><strong>est</strong></span> <span class='ocrx_word' id='word_1_57' title='bbox 2880 1023 2946 1101; x_wconf 78' lang='lat'><strong>¹⁶)</strong></span> <span class='ocrx_word' id='word_1_58' title='bbox 2962 1069 2981 1099; x_wconf 91' lang='lat'>,</span> 
     </span>
     <span class='ocr_line' id='line_1_7' title="bbox 202 1113 2979 1198; baseline 0.001 -21"><span class='ocrx_word' id='word_1_59' title='bbox 202 1134 325 1177; x_wconf 90' lang='lat' dir='ltr'><strong>cum</strong></span> <span class='ocrx_word' id='word_1_60' title='bbox 345 1115 747 1195; x_wconf 87' lang='lat' dir='ltr'><strong>simpliciter,</strong></span> <span class='ocrx_word' id='word_1_61' title='bbox 781 1124 916 1176; x_wconf 91' lang='lat' dir='ltr'><strong>tum</strong></span> <span class='ocrx_word' id='word_1_62' title='bbox 948 1116 1228 1193; x_wconf 76' lang='lat' dir='ltr'><strong>formula</strong></span> <span class='ocrx_word' id='word_1_63' title='bbox 1256 1117 1540 1177; x_wconf 89' lang='lat' dir='ltr'><strong>adhibita</strong></span> <span class='ocrx_word' id='word_1_64' title='bbox 1563 1136 1580 1175; x_wconf 70' lang='grc' dir='ltr'><strong>ε</strong></span> <span class='ocrx_word' id='word_1_65' title='bbox 1604 1113 1849 1177; x_wconf 88' lang='lat' dir='ltr'><strong>lumina</strong></span> <span class='ocrx_word' id='word_1_66' title='bbox 1867 1164 1884 1190; x_wconf 87' lang='lat'>‚</span> <span class='ocrx_word' id='word_1_67' title='bbox 1910 1133 2079 1193; x_wconf 90' lang='lat' dir='ltr'><strong>quae</strong></span> <span class='ocrx_word' id='word_1_68' title='bbox 2099 1135 2274 1180; x_wconf 86' lang='lat' dir='ltr'><strong>nunc</strong></span> <span class='ocrx_word' id='word_1_69' title='bbox 2299 1126 2481 1194; x_wconf 89' lang='lat' dir='ltr'><strong>sunt,</strong></span> <span class='ocrx_word' id='word_1_70' title='bbox 2512 1127 2588 1180; x_wconf 88' lang='lat' dir='ltr'><strong>ut</strong></span> <span class='ocrx_word' id='word_1_71' title='bbox 2622 1117 2712 1180; x_wconf 80' lang='lat' dir='ltr'><strong>ita</strong></span> <span class='ocrx_word' id='word_1_72' title='bbox 2730 1122 2855 1181; x_wconf 87' lang='lat' dir='ltr'><strong>sint</strong></span> <span class='ocrx_word' id='word_1_73' title='bbox 2876 1120 2942 1198; x_wconf 78' lang='grc'><strong>17)</strong></span> <span class='ocrx_word' id='word_1_74' title='bbox 2960 1166 2979 1197; x_wconf 92' lang='grc'><strong>,</strong></span> 
     </span>
     <span class='ocr_line' id='line_1_8' title="bbox 204 1210 2987 1294; baseline 0.003 -23"><span class='ocrx_word' id='word_1_75' title='bbox 204 1214 450 1290; x_wconf 83' lang='lat' dir='ltr'><strong>itemque</strong></span> <span class='ocrx_word' id='word_1_76' title='bbox 492 1215 690 1275; x_wconf 82' lang='lat' dir='ltr'><strong>altius</strong></span> <span class='ocrx_word' id='word_1_77' title='bbox 732 1229 864 1275; x_wconf 90' lang='lat' dir='ltr'><strong>non</strong></span> <span class='ocrx_word' id='word_1_78' title='bbox 904 1213 1171 1271; x_wconf 90' lang='lat' dir='ltr'><strong>tollendi</strong></span> <span class='ocrx_word' id='word_1_79' title='bbox 1198 1213 1571 1272; x_wconf 87' lang='lat' dir='ltr'><strong>servitutem</strong></span> <span class='ocrx_word' id='word_1_80' title='bbox 1604 1210 1793 1273; x_wconf 83' lang='lat' dir='ltr'><strong>vicini</strong></span> <span class='ocrx_word' id='word_1_81' title='bbox 1827 1210 2089 1274; x_wconf 85' lang='lat' dir='ltr'><strong>aedibus</strong></span> <span class='ocrx_word' id='word_1_82' title='bbox 2127 1215 2513 1290; x_wconf 91' lang='lat' dir='ltr'><strong>imponendo</strong></span> <span class='ocrx_word' id='word_1_83' title='bbox 2543 1212 2634 1294; x_wconf 77' lang='lat'><strong>¹⁸).</strong></span> <span class='ocrx_word' id='word_1_84' title='bbox 2677 1217 2739 1292; x_wconf 86' lang='grc'><strong>0)</strong></span> <span class='ocrx_word' id='word_1_85' title='bbox 2761 1217 2987 1280; x_wconf 86' lang='lat' dir='ltr'><strong>Similis</strong></span> 
     </span>
    </p>
   </div>
   <div class='ocr_carea' id='block_1_4' title="bbox 203 1306 2988 1585">
    <p class='ocr_par' dir='ltr' id='par_1_4' title="bbox 203 1306 2988 1585">
     <span class='ocr_line' id='line_1_9' title="bbox 203 1306 2986 1394; baseline 0.004 -24"><span class='ocrx_word' id='word_1_86' title='bbox 203 1319 283 1370; x_wconf 86' lang='lat' dir='ltr'><strong>est</strong></span> <span class='ocrx_word' id='word_1_87' title='bbox 319 1329 507 1372; x_wconf 86' lang='lat' dir='ltr'><strong>causa</strong></span> <span class='ocrx_word' id='word_1_88' title='bbox 536 1312 920 1372; x_wconf 83' lang='lat' dir='ltr'><strong>servitutum</strong></span> <span class='ocrx_word' id='word_1_89' title='bbox 952 1306 1343 1388; x_wconf 74' lang='lat' dir='ltr'><strong>prospiciendi</strong></span> <span class='ocrx_word' id='word_1_90' title='bbox 1373 1317 1440 1369; x_wconf 90' lang='lat' dir='ltr'><strong>et</strong></span> <span class='ocrx_word' id='word_1_91' title='bbox 1462 1327 1533 1368; x_wconf 75' lang='lat' dir='ltr'><strong>ne</strong></span> <span class='ocrx_word' id='word_1_92' title='bbox 1548 1309 1878 1390; x_wconf 74' lang='lat' dir='ltr'><strong>prospectui</strong></span> <span class='ocrx_word' id='word_1_93' title='bbox 1903 1309 2215 1394; x_wconf 72' lang='lat' dir='ltr'><strong>officiatur,</strong></span> <span class='ocrx_word' id='word_1_94' title='bbox 2245 1314 2361 1374; x_wconf 88' lang='lat' dir='ltr'><strong>nisi</strong></span> <span class='ocrx_word' id='word_1_95' title='bbox 2382 1317 2556 1389; x_wconf 85' lang='lat' dir='ltr'><strong>quod</strong></span> <span class='ocrx_word' id='word_1_96' title='bbox 2585 1316 2668 1374; x_wconf 84' lang='lat' dir='ltr'><strong>ad</strong></span> <span class='ocrx_word' id='word_1_97' title='bbox 2705 1317 2986 1380; x_wconf 82' lang='lat' dir='ltr'><strong>amoeni-</strong></span> 
     </span>
     <span class='ocr_line' id='line_1_10' title="bbox 206 1405 2987 1487; baseline 0.003 -22"><span class='ocrx_word' id='word_1_98' title='bbox 206 1413 373 1466; x_wconf 82' lang='lat' dir='ltr'><strong>tatem</strong></span> <span class='ocrx_word' id='word_1_99' title='bbox 414 1426 492 1468; x_wconf 82' lang='lat' dir='ltr'><strong>ac</strong></span> <span class='ocrx_word' id='word_1_100' title='bbox 534 1410 931 1483; x_wconf 83' lang='lat' dir='ltr'><strong>voluptatem</strong></span> <span class='ocrx_word' id='word_1_101' title='bbox 966 1405 1163 1478; x_wconf 81' lang='lat' dir='ltr'><strong>magis</strong></span> <span class='ocrx_word' id='word_1_102' title='bbox 1194 1406 1340 1465; x_wconf 86' lang='lat' dir='ltr'><strong>illae</strong></span> <span class='ocrx_word' id='word_1_103' title='bbox 1366 1406 1695 1480; x_wconf 90' lang='lat' dir='ltr'><strong>pertinent</strong></span> <span class='ocrx_word' id='word_1_104' title='bbox 1718 1454 1735 1482; x_wconf 94' lang='lat'>,</span> <span class='ocrx_word' id='word_1_105' title='bbox 1780 1423 1977 1482; x_wconf 88' lang='lat' dir='ltr'><strong>quam</strong></span> <span class='ocrx_word' id='word_1_106' title='bbox 2004 1408 2087 1466; x_wconf 88' lang='lat' dir='ltr'><strong>ad</strong></span> <span class='ocrx_word' id='word_1_107' title='bbox 2110 1410 2449 1472; x_wconf 81' lang='lat' dir='ltr'><strong>utilitatem</strong></span> <span class='ocrx_word' id='word_1_108' title='bbox 2474 1407 2568 1486; x_wconf 84' lang='lat'><strong>¹⁹).</strong></span> <span class='ocrx_word' id='word_1_109' title='bbox 2601 1411 2760 1471; x_wconf 86' lang='lat' dir='ltr'><strong>Sunt</strong></span> <span class='ocrx_word' id='word_1_110' title='bbox 2798 1428 2987 1487; x_wconf 84' lang='lat' dir='ltr'><strong>prae-</strong></span> 
     </span>
     <span class='ocr_line' id='line_1_11' title="bbox 206 1501 2988 1585; baseline 0.002 -23"><span class='ocrx_word' id='word_1_111' title='bbox 206 1512 360 1563; x_wconf 86' lang='lat' dir='ltr'><strong>terea</strong></span> <span class='ocrx_word' id='word_1_112' title='bbox 391 1505 557 1564; x_wconf 82' lang='lat' dir='ltr'><strong>aliae</strong></span> <span class='ocrx_word' id='word_1_113' title='bbox 581 1505 777 1564; x_wconf 88' lang='lat' dir='ltr'><strong>etiam</strong></span> <span class='ocrx_word' id='word_1_114' title='bbox 801 1503 1201 1561; x_wconf 89' lang='lat' dir='ltr'><strong>urbanorum</strong></span> <span class='ocrx_word' id='word_1_115' title='bbox 1231 1501 1646 1576; x_wconf 88' lang='lat' dir='ltr'><strong>praediorum</strong></span> <span class='ocrx_word' id='word_1_116' title='bbox 1670 1504 2045 1581; x_wconf 73' lang='lat' dir='ltr'><strong>servitutes,</strong></span> <span class='ocrx_word' id='word_1_117' title='bbox 2077 1506 2251 1563; x_wconf 82' lang='lat' dir='ltr'><strong>velut</strong></span> <span class='ocrx_word' id='word_1_118' title='bbox 2264 1502 2509 1575; x_wconf 79' lang='lat' dir='ltr'><strong>cloacas,</strong></span> <span class='ocrx_word' id='word_1_119' title='bbox 2539 1503 2819 1579; x_wconf 64' lang='lat' dir='ltr'><strong>latrinas,</strong></span> <span class='ocrx_word' id='word_1_120' title='bbox 2836 1503 2988 1585; x_wconf 71' lang='lat' dir='ltr'><strong>fumi</strong></span> 
     </span>
    </p>
   </div>
   <div class='ocr_carea' id='block_1_5' title="bbox 206 1597 2801 1684">
    <p class='ocr_par' dir='ltr' id='par_1_5' title="bbox 206 1597 2801 1684">
     <span class='ocr_line' id='line_1_12' title="bbox 206 1597 2801 1684; baseline 0.001 -24"><span class='ocrx_word' id='word_1_121' title='bbox 206 1600 558 1671; x_wconf 73' lang='lat' dir='ltr'><strong>immittendi,</strong></span> <span class='ocrx_word' id='word_1_122' title='bbox 586 1599 949 1678; x_wconf 82' lang='lat' dir='ltr'><strong>similesque</strong></span> <span class='ocrx_word' id='word_1_123' title='bbox 968 1597 1035 1676; x_wconf 79' lang='lat'><strong>²⁰)</strong></span> <span class='ocrx_word' id='word_1_124' title='bbox 1054 1647 1070 1676; x_wconf 92' lang='lat'><strong>‚</strong></span> <span class='ocrx_word' id='word_1_125' title='bbox 1099 1601 1182 1660; x_wconf 91' lang='lat' dir='ltr'><strong>de</strong></span> <span class='ocrx_word' id='word_1_126' title='bbox 1209 1601 1439 1675; x_wconf 83' lang='lat' dir='ltr'><strong>quibus</strong></span> <span class='ocrx_word' id='word_1_127' title='bbox 1463 1608 1680 1661; x_wconf 87' lang='lat' dir='ltr'><strong>tamen</strong></span> <span class='ocrx_word' id='word_1_128' title='bbox 1702 1618 1836 1662; x_wconf 93' lang='lat' dir='ltr'><strong>non</strong></span> <span class='ocrx_word' id='word_1_129' title='bbox 1859 1610 1990 1680; x_wconf 89' lang='lat' dir='ltr'><strong>est,</strong></span> <span class='ocrx_word' id='word_1_130' title='bbox 2014 1605 2188 1679; x_wconf 89' lang='lat' dir='ltr'><strong>quod</strong></span> <span class='ocrx_word' id='word_1_131' title='bbox 2215 1600 2502 1684; x_wconf 78' lang='lat' dir='ltr'><strong>pluribus</strong></span> <span class='ocrx_word' id='word_1_132' title='bbox 2530 1606 2801 1669; x_wconf 83' lang='lat' dir='ltr'><strong>dicatur.</strong></span> 
     </span>
    </p>
   </div>
   <div class='ocr_carea' id='block_1_6' title="bbox 212 1791 2996 2755">
    <p class='ocr_par' dir='ltr' id='par_1_6' title="bbox 802 1791 2329 1871">
     <span class='ocr_line' id='line_1_13' title="bbox 802 1791 2329 1871; baseline 0.001 -19"><span class='ocrx_word' id='word_1_133' title='bbox 802 1794 997 1867; x_wconf 63' lang='grc'><strong>5985.</strong></span> <span class='ocrx_word' id='word_1_134' title='bbox 1033 1793 1102 1869; x_wconf 88' lang='grc' dir='ltr'><strong>Β)</strong></span> <span class='ocrx_word' id='word_1_135' title='bbox 1131 1791 1495 1852; x_wconf 73' lang='lat' dir='ltr'><strong>Rusticomm</strong></span> <span class='ocrx_word' id='word_1_136' title='bbox 1512 1791 1890 1871; x_wconf 78' lang='lat' dir='ltr'><strong>praediorum</strong></span> <span class='ocrx_word' id='word_1_137' title='bbox 1916 1792 2210 1852; x_wconf 76' lang='lat' dir='ltr'><strong>servitutes</strong></span> <span class='ocrx_word' id='word_1_138' title='bbox 2232 1792 2329 1871; x_wconf 66' lang='lat'><strong>(⁴⁵).</strong></span> 
     </span>
    </p>

    <p class='ocr_par' dir='ltr' id='par_1_7' title="bbox 212 1983 2996 2755">
     <span class='ocr_line' id='line_1_14' title="bbox 277 1983 2988 2064; baseline 0.001 -13"><span class='ocrx_word' id='word_1_139' title='bbox 277 1997 338 2051; x_wconf 93' lang='lat' dir='ltr'><strong>ln</strong></span> <span class='ocrx_word' id='word_1_140' title='bbox 362 1993 754 2052; x_wconf 87' lang='lat' dir='ltr'><strong>rusticorum</strong></span> <span class='ocrx_word' id='word_1_141' title='bbox 777 1990 1188 2064; x_wconf 86' lang='lat' dir='ltr'><strong>praediorum</strong></span> <span class='ocrx_word' id='word_1_142' title='bbox 1217 1983 1632 2048; x_wconf 82' lang='lat' dir='ltr'><strong>servitutibus</strong></span> <span class='ocrx_word' id='word_1_143' title='bbox 1662 1995 1947 2063; x_wconf 89' lang='lat' dir='ltr'><strong>quatuor</strong></span> <span class='ocrx_word' id='word_1_144' title='bbox 1972 1990 2097 2049; x_wconf 88' lang='lat' dir='ltr'><strong>hae</strong></span> <span class='ocrx_word' id='word_1_145' title='bbox 2115 2033 2132 2059; x_wconf 93' lang='lat'>‚</span> <span class='ocrx_word' id='word_1_146' title='bbox 2183 1996 2258 2047; x_wconf 88' lang='lat' dir='ltr'><strong>ut</strong></span> <span class='ocrx_word' id='word_1_147' title='bbox 2295 1990 2688 2064; x_wconf 86' lang='lat' dir='ltr'><strong>antiquiores</strong></span> <span class='ocrx_word' id='word_1_148' title='bbox 2715 1998 2781 2051; x_wconf 88' lang='lat' dir='ltr'><strong>et</strong></span> <span class='ocrx_word' id='word_1_149' title='bbox 2816 1992 2988 2054; x_wconf 89' lang='lat' dir='ltr'><strong>illus-</strong></span> 
     </span>
     <span class='ocr_line' id='line_1_15' title="bbox 212 2086 2989 2176; baseline 0 -25"><span class='ocrx_word' id='word_1_150' title='bbox 212 2093 409 2153; x_wconf 86' lang='lat' dir='ltr'><strong>triores</strong></span> <span class='ocrx_word' id='word_1_151' title='bbox 428 2137 444 2170; x_wconf 89' lang='lat'><strong>,</strong></span> <span class='ocrx_word' id='word_1_152' title='bbox 479 2095 552 2152; x_wconf 88' lang='lat' dir='ltr'><strong>in</strong></span> <span class='ocrx_word' id='word_1_153' title='bbox 581 2091 807 2165; x_wconf 87' lang='lat' dir='ltr'><strong>primis</strong></span> <span class='ocrx_word' id='word_1_154' title='bbox 833 2097 982 2150; x_wconf 89' lang='lat' dir='ltr'><strong>sunt</strong></span> <span class='ocrx_word' id='word_1_155' title='bbox 1012 2091 1619 2150; x_wconf 83' lang='lat' dir='ltr'><strong>commemorandae</strong></span> <span class='ocrx_word' id='word_1_156' title='bbox 1645 2086 1758 2147; x_wconf 77' lang='lat' dir='ltr'><strong>iter</strong></span> <span class='ocrx_word' id='word_1_157' title='bbox 1781 2135 1796 2157; x_wconf 88' lang='lat'><strong>,</strong></span> <span class='ocrx_word' id='word_1_158' title='bbox 1822 2095 2009 2158; x_wconf 78' lang='lat' dir='ltr'><strong>actus,</strong></span> <span class='ocrx_word' id='word_1_159' title='bbox 2036 2086 2159 2176; x_wconf 59' lang='lat' dir='ltr'><strong>offa,</strong></span> <span class='ocrx_word' id='word_1_160' title='bbox 2181 2096 2321 2152; x_wconf 87' lang='lat' dir='ltr'><strong>tum</strong></span> <span class='ocrx_word' id='word_1_161' title='bbox 2335 2088 2726 2167; x_wconf 68' lang='lat' dir='ltr'><strong>aquaeductus</strong></span> <span class='ocrx_word' id='word_1_162' title='bbox 2761 2088 2827 2166; x_wconf 86' lang='lat'><strong>¹).</strong></span> <span class='ocrx_word' id='word_1_163' title='bbox 2860 2096 2989 2152; x_wconf 87' lang='lat' dir='ltr'><strong>lter</strong></span> 
     </span>
     <span class='ocr_line' id='line_1_16' title="bbox 214 2187 2990 2266; baseline 0 -14"><span class='ocrx_word' id='word_1_164' title='bbox 214 2193 401 2266; x_wconf 76' lang='lat' dir='ltr'><strong>estius</strong></span> <span class='ocrx_word' id='word_1_165' title='bbox 438 2193 673 2264; x_wconf 88' lang='lat' dir='ltr'><strong>eundi,</strong></span> <span class='ocrx_word' id='word_1_166' title='bbox 722 2191 875 2250; x_wconf 91' lang='lat' dir='ltr'><strong>item</strong></span> <span class='ocrx_word' id='word_1_167' title='bbox 908 2205 1109 2264; x_wconf 89' lang='lat' dir='ltr'><strong>equo,</strong></span> <span class='ocrx_word' id='word_1_168' title='bbox 1134 2191 1328 2266; x_wconf 88' lang='lat' dir='ltr'><strong>sella,</strong></span> <span class='ocrx_word' id='word_1_169' title='bbox 1371 2191 1600 2250; x_wconf 84' lang='lat' dir='ltr'><strong>lectica</strong></span> <span class='ocrx_word' id='word_1_170' title='bbox 1627 2190 1911 2250; x_wconf 82' lang='lat' dir='ltr'><strong>vehundi</strong></span> <span class='ocrx_word' id='word_1_171' title='bbox 1941 2205 2058 2263; x_wconf 89' lang='lat' dir='ltr'><strong>per</strong></span> <span class='ocrx_word' id='word_1_172' title='bbox 2089 2189 2360 2250; x_wconf 76' lang='lat' dir='ltr'><strong>fundum</strong></span> <span class='ocrx_word' id='word_1_173' title='bbox 2396 2189 2676 2249; x_wconf 86' lang='lat' dir='ltr'><strong>alienum</strong></span> <span class='ocrx_word' id='word_1_174' title='bbox 2705 2187 2775 2265; x_wconf 82' lang='grc'><strong>2).</strong></span> <span class='ocrx_word' id='word_1_175' title='bbox 2821 2188 2990 2252; x_wconf 85' lang='lat' dir='ltr'><strong>Actu</strong></span> 
     </span>
     <span class='ocr_line' id='line_1_17' title="bbox 214 2281 2993 2363; baseline -0 -15"><span class='ocrx_word' id='word_1_176' title='bbox 214 2290 554 2350; x_wconf 83' lang='lat' dir='ltr'><strong>continetur</strong></span> <span class='ocrx_word' id='word_1_177' title='bbox 579 2289 688 2363; x_wconf 77' lang='lat' dir='ltr'><strong>ius</strong></span> <span class='ocrx_word' id='word_1_178' title='bbox 739 2281 968 2358; x_wconf 81' lang='lat' dir='ltr'><strong>agendi</strong></span> <span class='ocrx_word' id='word_1_179' title='bbox 1001 2287 1370 2360; x_wconf 73' lang='lat' dir='ltr'><strong>Jumentum</strong></span> <span class='ocrx_word' id='word_1_180' title='bbox 1398 2287 1498 2345; x_wconf 80' lang='lat' dir='ltr'><strong>vel</strong></span> <span class='ocrx_word' id='word_1_181' title='bbox 1544 2286 1941 2362; x_wconf 84' lang='lat' dir='ltr'><strong>vehiculum3</strong></span> <span class='ocrx_word' id='word_1_182' title='bbox 1986 2286 2175 2360; x_wconf 91' lang='lat' dir='ltr'><strong>eique</strong></span> <span class='ocrx_word' id='word_1_183' title='bbox 2217 2287 2593 2360; x_wconf 87' lang='lat' dir='ltr'><strong>plerumque</strong></span> <span class='ocrx_word' id='word_1_184' title='bbox 2634 2285 2828 2345; x_wconf 81' lang='lat' dir='ltr'><strong>etiam</strong></span> <span class='ocrx_word' id='word_1_185' title='bbox 2869 2291 2993 2347; x_wconf 87' lang='lat' dir='ltr'><strong>iter</strong></span> 
     </span>
     <span class='ocr_line' id='line_1_18' title="bbox 216 2381 2991 2465; baseline 0.001 -21"><span class='ocrx_word' id='word_1_186' title='bbox 216 2387 357 2445; x_wconf 86' lang='lat' dir='ltr'><strong>inest</strong></span> <span class='ocrx_word' id='word_1_187' title='bbox 373 2384 433 2460; x_wconf 68' lang='grc'><strong>3).</strong></span> <span class='ocrx_word' id='word_1_188' title='bbox 464 2387 1026 2465; x_wconf 81' lang='lat' dir='ltr'><strong>Quemadmodum</strong></span> <span class='ocrx_word' id='word_1_189' title='bbox 1049 2391 1267 2444; x_wconf 83' lang='lat' dir='ltr'><strong>autem</strong></span> <span class='ocrx_word' id='word_1_190' title='bbox 1298 2386 1526 2445; x_wconf 87' lang='lat' dir='ltr'><strong>modus</strong></span> <span class='ocrx_word' id='word_1_191' title='bbox 1552 2385 1699 2446; x_wconf 83' lang='lat' dir='ltr'><strong>huic</strong></span> <span class='ocrx_word' id='word_1_192' title='bbox 1727 2381 2020 2446; x_wconf 76' lang='lat' dir='ltr'><strong>servituti</strong></span> <span class='ocrx_word' id='word_1_193' title='bbox 2041 2392 2221 2446; x_wconf 84' lang='lat' dir='ltr'><strong>recte</strong></span> <span class='ocrx_word' id='word_1_194' title='bbox 2237 2384 2540 2461; x_wconf 59' lang='lat' dir='ltr'><strong>amicitur</strong></span> <span class='ocrx_word' id='word_1_195' title='bbox 2564 2382 2607 2459; x_wconf 85' lang='lat'><strong>⁴)</strong></span> <span class='ocrx_word' id='word_1_196' title='bbox 2635 2402 2651 2442; x_wconf 75' lang='grc' dir='ltr'><strong>ε</strong></span> <span class='ocrx_word' id='word_1_197' title='bbox 2680 2386 2771 2445; x_wconf 87' lang='lat' dir='ltr'><strong>sic</strong></span> <span class='ocrx_word' id='word_1_198' title='bbox 2796 2386 2991 2446; x_wconf 81' lang='lat' dir='ltr'><strong>etiam</strong></span> 
     </span>
     <span class='ocr_line' id='line_1_19' title="bbox 218 2483 2994 2561; baseline 0 -16"><span class='ocrx_word' id='word_1_199' title='bbox 218 2486 338 2545; x_wconf 85' lang='lat' dir='ltr'><strong>solo</strong></span> <span class='ocrx_word' id='word_1_200' title='bbox 359 2485 789 2558; x_wconf 84' lang='lat' dir='ltr'><strong>jumentorum</strong></span> <span class='ocrx_word' id='word_1_201' title='bbox 825 2485 1221 2556; x_wconf 83' lang='lat' dir='ltr'><strong>agendorum</strong></span> <span class='ocrx_word' id='word_1_202' title='bbox 1270 2483 1411 2561; x_wconf 78' lang='lat' dir='ltr'><strong>jure</strong></span> <span class='ocrx_word' id='word_1_203' title='bbox 1445 2484 1881 2546; x_wconf 83' lang='lat' dir='ltr'><strong>circumscribi</strong></span> <span class='ocrx_word' id='word_1_204' title='bbox 1919 2499 2000 2544; x_wconf 76' lang='lat' dir='ltr'><strong>ea</strong></span> <span class='ocrx_word' id='word_1_205' title='bbox 2027 2490 2241 2558; x_wconf 89' lang='lat' dir='ltr'><strong>potest</strong></span> <span class='ocrx_word' id='word_1_206' title='bbox 2259 2483 2338 2553; x_wconf 73' lang='lat'><strong>⁵);</strong></span> <span class='ocrx_word' id='word_1_207' title='bbox 2376 2499 2506 2558; x_wconf 90' lang='lat' dir='ltr'><strong>quo</strong></span> <span class='ocrx_word' id='word_1_208' title='bbox 2532 2484 2790 2559; x_wconf 86' lang='lat' dir='ltr'><strong>quidem</strong></span> <span class='ocrx_word' id='word_1_209' title='bbox 2822 2484 2994 2545; x_wconf 77' lang='lat' dir='ltr'><strong>lacto</strong></span> 
     </span>
     <span class='ocr_line' id='line_1_20' title="bbox 222 2580 2994 2656; baseline 0.001 -18"><span class='ocrx_word' id='word_1_210' title='bbox 222 2581 403 2640; x_wconf 86' lang='lat' dir='ltr'><strong>minus</strong></span> <span class='ocrx_word' id='word_1_211' title='bbox 431 2583 692 2655; x_wconf 89' lang='lat' dir='ltr'><strong>plenum</strong></span> <span class='ocrx_word' id='word_1_212' title='bbox 733 2581 948 2641; x_wconf 83' lang='lat' dir='ltr'><strong>solent</strong></span> <span class='ocrx_word' id='word_1_213' title='bbox 982 2595 1219 2640; x_wconf 80' lang='lat' dir='ltr'><strong>vocare</strong></span> <span class='ocrx_word' id='word_1_214' title='bbox 1245 2587 1486 2642; x_wconf 87' lang='lat' dir='ltr'><strong>actum.</strong></span> <span class='ocrx_word' id='word_1_215' title='bbox 1521 2583 1722 2654; x_wconf 78' lang='lat' dir='ltr'><strong>Atque</strong></span> <span class='ocrx_word' id='word_1_216' title='bbox 1756 2580 1823 2639; x_wconf 91' lang='lat' dir='ltr'><strong>in</strong></span> <span class='ocrx_word' id='word_1_217' title='bbox 1853 2581 1995 2640; x_wconf 82' lang='lat' dir='ltr'><strong>viae</strong></span> <span class='ocrx_word' id='word_1_218' title='bbox 2022 2580 2328 2642; x_wconf 76' lang='lat' dir='ltr'><strong>servitute</strong></span> <span class='ocrx_word' id='word_1_219' title='bbox 2354 2595 2488 2640; x_wconf 88' lang='lat' dir='ltr'><strong>non</strong></span> <span class='ocrx_word' id='word_1_220' title='bbox 2524 2582 2722 2641; x_wconf 88' lang='lat' dir='ltr'><strong>modo</strong></span> <span class='ocrx_word' id='word_1_221' title='bbox 2738 2582 2894 2656; x_wconf 77' lang='lat' dir='ltr'><strong>iura</strong></span> <span class='ocrx_word' id='word_1_222' title='bbox 2924 2589 2994 2641; x_wconf 88' lang='lat' dir='ltr'><strong>et</strong></span> 
     </span>
     <span class='ocr_line' id='line_1_21' title="bbox 215 2672 2996 2755; baseline 0.001 -21"><span class='ocrx_word' id='word_1_223' title='bbox 215 2677 385 2735; x_wconf 84' lang='lat' dir='ltr'><strong>eundi</strong></span> <span class='ocrx_word' id='word_1_224' title='bbox 410 2684 469 2737; x_wconf 85' lang='lat' dir='ltr'><strong>et</strong></span> <span class='ocrx_word' id='word_1_225' title='bbox 488 2672 732 2755; x_wconf 77' lang='lat' dir='ltr'><strong>agendi</strong></span> <span class='ocrx_word' id='word_1_226' title='bbox 752 2690 1008 2750; x_wconf 87' lang='lat' dir='ltr'><strong>semper</strong></span> <span class='ocrx_word' id='word_1_227' title='bbox 1034 2676 1255 2737; x_wconf 87' lang='lat' dir='ltr'><strong>insunt</strong></span> <span class='ocrx_word' id='word_1_228' title='bbox 1280 2677 1646 2740; x_wconf 82' lang='lat' dir='ltr'><strong>necessario</strong></span> <span class='ocrx_word' id='word_1_229' title='bbox 1668 2673 1715 2751; x_wconf 76' lang='lat'><strong>⁶)</strong></span> <span class='ocrx_word' id='word_1_230' title='bbox 1730 2714 1753 2748; x_wconf 82' lang='lat'><strong><em>‚</em></strong></span> <span class='ocrx_word' id='word_1_231' title='bbox 1780 2692 2006 2740; x_wconf 81' lang='lat' dir='ltr'><strong>verum</strong></span> <span class='ocrx_word' id='word_1_232' title='bbox 2029 2676 2227 2739; x_wconf 78' lang='lat' dir='ltr'><strong>etism</strong></span> <span class='ocrx_word' id='word_1_233' title='bbox 2250 2672 2670 2751; x_wconf 73' lang='lat' dir='ltr'><strong>amplitudine</strong></span> <span class='ocrx_word' id='word_1_234' title='bbox 2692 2691 2770 2737; x_wconf 77' lang='lat' dir='ltr'><strong>sc</strong></span> <span class='ocrx_word' id='word_1_235' title='bbox 2800 2676 2996 2739; x_wconf 88' lang='lat' dir='ltr'><strong>modo</strong></span> 
     </span>
    </p>
   </div>
   <div class='ocr_carea' id='block_1_7' title="bbox 208 2980 1571 4797">
    <p class='ocr_par' dir='ltr' id='par_1_8' title="bbox 214 2980 1561 3172">
     <span class='ocr_line' id='line_1_22' title="bbox 266 2980 1556 3045; baseline -0.005 -11"><span class='ocrx_word' id='word_1_236' title='bbox 266 2986 395 3045; x_wconf 66' lang='lat'><strong>1⁵31..</strong></span> <span class='ocrx_word' id='word_1_237' title='bbox 417 2988 465 3038; x_wconf 87' lang='grc'><strong>4.</strong></span> <span class='ocrx_word' id='word_1_238' title='bbox 488 2990 545 3036; x_wconf 91' lang='lat' dir='ltr'><strong>D.</strong></span> <span class='ocrx_word' id='word_1_239' title='bbox 572 2989 629 3035; x_wconf 63' lang='lat' dir='ltr'><strong>k.</strong></span> <span class='ocrx_word' id='word_1_240' title='bbox 656 2991 698 3034; x_wconf 78' lang='lat'><strong>1.</strong></span> <span class='ocrx_word' id='word_1_241' title='bbox 737 3011 798 3021; x_wconf 91' lang='lat'><em>-</em></span> <span class='ocrx_word' id='word_1_242' title='bbox 832 2986 885 3033; x_wconf 86' lang='lat' dir='ltr'><strong>L.</strong></span> <span class='ocrx_word' id='word_1_243' title='bbox 919 2984 1000 3035; x_wconf 84' lang='grc'><strong>40.</strong></span> <span class='ocrx_word' id='word_1_244' title='bbox 1026 2984 1141 3034; x_wconf 80' lang='lat' dir='ltr'><strong>eod.</strong></span> <span class='ocrx_word' id='word_1_245' title='bbox 1185 3006 1239 3017; x_wconf 88' lang='lat'><strong>——</strong></span> <span class='ocrx_word' id='word_1_246' title='bbox 1276 2984 1330 3029; x_wconf 84' lang='lat' dir='ltr'><strong>t..</strong></span> <span class='ocrx_word' id='word_1_247' title='bbox 1357 2980 1436 3028; x_wconf 75' lang='lat'><strong>12.</strong></span> <span class='ocrx_word' id='word_1_248' title='bbox 1461 2983 1487 3037; x_wconf 81' lang='lat' dir='ltr'><strong>S</strong></span> <span class='ocrx_word' id='word_1_249' title='bbox 1508 2982 1556 3027; x_wconf 71' lang='grc' dir='ltr'><strong>δ.</strong></span> 
     </span>
     <span class='ocr_line' id='line_1_23' title="bbox 214 3043 1561 3112; baseline -0.004 -16"><span class='ocrx_word' id='word_1_250' title='bbox 214 3051 258 3096; x_wconf 81' lang='lat' dir='ltr'><strong>C.</strong></span> <span class='ocrx_word' id='word_1_251' title='bbox 271 3051 329 3098; x_wconf 81' lang='lat' dir='ltr'><strong>de</strong></span> <span class='ocrx_word' id='word_1_252' title='bbox 347 3052 550 3109; x_wconf 71' lang='lat' dir='ltr'><strong>aedific.</strong></span> <span class='ocrx_word' id='word_1_253' title='bbox 565 3048 774 3108; x_wconf 77' lang='lat' dir='ltr'><strong>privat.</strong></span> <span class='ocrx_word' id='word_1_254' title='bbox 796 3050 937 3112; x_wconf 82' lang='lat' dir='ltr'><strong>(Vni,</strong></span> <span class='ocrx_word' id='word_1_255' title='bbox 952 3048 1229 3111; x_wconf 79' lang='lat' dir='ltr'><strong>10.)-vid.</strong></span> <span class='ocrx_word' id='word_1_256' title='bbox 1247 3043 1561 3104; x_wconf 63' lang='lat' dir='ltr'><strong>Gener-dina</strong></span> 
     </span>
     <span class='ocr_line' id='line_1_24' title="bbox 214 3110 857 3172; baseline 0.002 -14"><span class='ocrx_word' id='word_1_257' title='bbox 214 3114 424 3162; x_wconf 74' lang='lat' dir='ltr'><strong>Assbeute</strong></span> <span class='ocrx_word' id='word_1_258' title='bbox 443 3116 525 3162; x_wconf 88' lang='grc'><strong>111.</strong></span> <span class='ocrx_word' id='word_1_259' title='bbox 548 3126 602 3172; x_wconf 89' lang='lat' dir='ltr'><strong>p.</strong></span> <span class='ocrx_word' id='word_1_260' title='bbox 628 3110 728 3159; x_wconf 72' lang='lat'><strong>⁴53</strong></span> <span class='ocrx_word' id='word_1_261' title='bbox 749 3123 857 3171; x_wconf 78' lang='lat' dir='ltr'><strong>sqq.</strong></span> 
     </span>
    </p>

    <p class='ocr_par' dir='ltr' id='par_1_9' title="bbox 208 3169 1568 4474">
     <span class='ocr_line' id='line_1_25' title="bbox 266 3169 1549 3235; baseline -0.008 -13"><span class='ocrx_word' id='word_1_262' title='bbox 266 3174 395 3235; x_wconf 83' lang='grc'><strong>10)1..</strong></span> <span class='ocrx_word' id='word_1_263' title='bbox 419 3176 467 3225; x_wconf 95' lang='grc'><strong>4.</strong></span> <span class='ocrx_word' id='word_1_264' title='bbox 502 3178 557 3223; x_wconf 99' lang='lat' dir='ltr'><strong>L.</strong></span> <span class='ocrx_word' id='word_1_265' title='bbox 582 3173 668 3223; x_wconf 85' lang='grc'><strong>15.</strong></span> <span class='ocrx_word' id='word_1_266' title='bbox 706 3176 759 3222; x_wconf 82' lang='lat'><strong>1..</strong></span> <span class='ocrx_word' id='word_1_267' title='bbox 783 3173 862 3222; x_wconf 88' lang='grc'><strong>17.</strong></span> <span class='ocrx_word' id='word_1_268' title='bbox 901 3188 977 3234; x_wconf 88' lang='lat' dir='ltr'><strong>pr.</strong></span> <span class='ocrx_word' id='word_1_269' title='bbox 1024 3176 1051 3231; x_wconf 77' lang='lat' dir='ltr'><strong>s</strong></span> <span class='ocrx_word' id='word_1_270' title='bbox 1091 3175 1138 3221; x_wconf 82' lang='lat'><strong>1.</strong></span> <span class='ocrx_word' id='word_1_271' title='bbox 1162 3169 1214 3218; x_wconf 77' lang='lat'><strong>2.</strong></span> <span class='ocrx_word' id='word_1_272' title='bbox 1250 3171 1306 3216; x_wconf 88' lang='lat' dir='ltr'><strong>D.</strong></span> <span class='ocrx_word' id='word_1_273' title='bbox 1332 3169 1384 3214; x_wconf 68' lang='lat' dir='ltr'><strong>h.</strong></span> <span class='ocrx_word' id='word_1_274' title='bbox 1411 3171 1448 3214; x_wconf 79' lang='lat' dir='ltr'><strong>t.</strong></span> <span class='ocrx_word' id='word_1_275' title='bbox 1486 3188 1549 3202; x_wconf 89' lang='lat'>-</span> 
     </span>
     <span class='ocr_line' id='line_1_26' title="bbox 214 3232 1550 3298; baseline -0.005 -15"><span class='ocrx_word' id='word_1_276' title='bbox 214 3239 261 3283; x_wconf 78' lang='lat' dir='ltr'><strong>At</strong></span> <span class='ocrx_word' id='word_1_277' title='bbox 274 3241 326 3285; x_wconf 81' lang='lat' dir='ltr'><strong>de</strong></span> <span class='ocrx_word' id='word_1_278' title='bbox 343 3246 544 3298; x_wconf 76' lang='lat' dir='ltr'><strong>utraque</strong></span> <span class='ocrx_word' id='word_1_279' title='bbox 566 3238 668 3284; x_wconf 78' lang='lat' dir='ltr'><strong>bac</strong></span> <span class='ocrx_word' id='word_1_280' title='bbox 684 3238 919 3285; x_wconf 78' lang='lat' dir='ltr'><strong>servitute</strong></span> <span class='ocrx_word' id='word_1_281' title='bbox 933 3239 1095 3284; x_wconf 80' lang='lat' dir='ltr'><strong>variae</strong></span> <span class='ocrx_word' id='word_1_282' title='bbox 1107 3232 1313 3282; x_wconf 80' lang='lat' dir='ltr'><strong>subinde</strong></span> <span class='ocrx_word' id='word_1_283' title='bbox 1329 3232 1550 3290; x_wconf 75' lang='lat' dir='ltr'><strong>prolatae</strong></span> 
     </span>
     <span class='ocr_line' id='line_1_27' title="bbox 211 3294 1545 3360; baseline -0.005 -13"><span class='ocrx_word' id='word_1_284' title='bbox 211 3306 304 3347; x_wconf 75' lang='lat' dir='ltr'><strong>not</strong></span> <span class='ocrx_word' id='word_1_285' title='bbox 319 3304 583 3360; x_wconf 70' lang='lat' dir='ltr'><strong>opiniones.</strong></span> <span class='ocrx_word' id='word_1_286' title='bbox 613 3300 694 3346; x_wconf 72' lang='lat' dir='ltr'><strong>Ct.</strong></span> <span class='ocrx_word' id='word_1_287' title='bbox 725 3300 1037 3348; x_wconf 64' lang='lat' dir='ltr'><strong>fener-bach</strong></span> <span class='ocrx_word' id='word_1_288' title='bbox 1075 3301 1167 3347; x_wconf 76' lang='lat' dir='ltr'><strong>civ,</strong></span> <span class='ocrx_word' id='word_1_289' title='bbox 1211 3295 1349 3340; x_wconf 85' lang='lat' dir='ltr'><strong>Vcrs.</strong></span> <span class='ocrx_word' id='word_1_290' title='bbox 1390 3294 1470 3339; x_wconf 63' lang='grc' dir='ltr'><strong>Νι.</strong></span> <span class='ocrx_word' id='word_1_291' title='bbox 1509 3295 1545 3340; x_wconf 90' lang='grc'><strong>1.</strong></span> 
     </span>
     <span class='ocr_line' id='line_1_28' title="bbox 211 3356 1552 3422; baseline -0.006 -13"><span class='ocrx_word' id='word_1_292' title='bbox 211 3364 310 3422; x_wconf 85' lang='lat' dir='ltr'><strong>(qui</strong></span> <span class='ocrx_word' id='word_1_293' title='bbox 339 3367 536 3411; x_wconf 74' lang='lat' dir='ltr'><strong>umbrae</strong></span> <span class='ocrx_word' id='word_1_294' title='bbox 583 3362 751 3421; x_wconf 66' lang='lat' dir='ltr'><strong>gratia</strong></span> <span class='ocrx_word' id='word_1_295' title='bbox 789 3364 1031 3410; x_wconf 83' lang='lat' dir='ltr'><strong>luminum</strong></span> <span class='ocrx_word' id='word_1_296' title='bbox 1071 3358 1357 3408; x_wconf 82' lang='lat' dir='ltr'><strong>servitutem</strong></span> <span class='ocrx_word' id='word_1_297' title='bbox 1399 3356 1552 3402; x_wconf 71' lang='lat' dir='ltr'><strong>tuisse</strong></span> 
     </span>
     <span class='ocr_line' id='line_1_29' title="bbox 210 3417 1554 3473; baseline -0.005 -3"><span class='ocrx_word' id='word_1_298' title='bbox 210 3427 497 3473; x_wconf 58' lang='lat' dir='ltr'><strong>constitutam</strong></span> <span class='ocrx_word' id='word_1_299' title='bbox 514 3428 770 3472; x_wconf 77' lang='lat' dir='ltr'><strong>autumat.</strong></span> <span class='ocrx_word' id='word_1_300' title='bbox 789 3425 1023 3472; x_wconf 83' lang='lat' dir='ltr'><strong>Similiter</strong></span> <span class='ocrx_word' id='word_1_301' title='bbox 1063 3423 1245 3472; x_wconf 78' lang='lat' dir='ltr'><strong>Udalr.</strong></span> <span class='ocrx_word' id='word_1_302' title='bbox 1269 3417 1473 3467; x_wconf 70' lang='lat' dir='ltr'><strong>lacius</strong></span> <span class='ocrx_word' id='word_1_303' title='bbox 1491 3418 1554 3464; x_wconf 79' lang='lat' dir='ltr'><strong>sd</strong></span> 
     </span>
     <span class='ocr_line' id='line_1_30' title="bbox 212 3478 1552 3542; baseline -0.006 -9"><span class='ocrx_word' id='word_1_304' title='bbox 212 3486 287 3541; x_wconf 71' lang='lat'><strong>52.</strong></span> <span class='ocrx_word' id='word_1_305' title='bbox 306 3489 338 3535; x_wconf 90' lang='grc' dir='ltr'><strong>Ι.</strong></span> <span class='ocrx_word' id='word_1_306' title='bbox 360 3489 427 3536; x_wconf 78' lang='lat' dir='ltr'><strong>de</strong></span> <span class='ocrx_word' id='word_1_307' title='bbox 446 3491 557 3537; x_wconf 79' lang='lat' dir='ltr'><strong>act.</strong></span> <span class='ocrx_word' id='word_1_308' title='bbox 582 3511 644 3520; x_wconf 90' lang='lat'>—</span> <span class='ocrx_word' id='word_1_309' title='bbox 666 3488 744 3534; x_wconf 72' lang='lat' dir='ltr'><strong>Cf.</strong></span> <span class='ocrx_word' id='word_1_310' title='bbox 782 3491 836 3534; x_wconf 89' lang='lat' dir='ltr'><strong>st</strong></span> <span class='ocrx_word' id='word_1_311' title='bbox 856 3486 997 3536; x_wconf 72' lang='lat' dir='ltr'><strong>Voet</strong></span> <span class='ocrx_word' id='word_1_312' title='bbox 1015 3487 1169 3534; x_wconf 80' lang='lat' dir='ltr'><strong>Pand.</strong></span> <span class='ocrx_word' id='word_1_313' title='bbox 1194 3485 1318 3542; x_wconf 82' lang='lat' dir='ltr'><strong>vill,</strong></span> <span class='ocrx_word' id='word_1_314' title='bbox 1342 3483 1389 3527; x_wconf 79' lang='lat'><strong>2.</strong></span> <span class='ocrx_word' id='word_1_315' title='bbox 1416 3481 1442 3535; x_wconf 73' lang='lat' dir='ltr'>S</span> <span class='ocrx_word' id='word_1_316' title='bbox 1461 3478 1552 3539; x_wconf 92' lang='grc'><strong>7.).</strong></span> 
     </span>
     <span class='ocr_line' id='line_1_31' title="bbox 213 3546 1556 3602; baseline -0.01 -2"><span class='ocrx_word' id='word_1_317' title='bbox 213 3573 258 3584; x_wconf 90' lang='grc'><strong>-</strong></span> <span class='ocrx_word' id='word_1_318' title='bbox 286 3552 520 3599; x_wconf 76' lang='lat' dir='ltr'><strong>nabetow</strong></span> <span class='ocrx_word' id='word_1_319' title='bbox 562 3550 660 3597; x_wconf 72' lang='lat' dir='ltr'><strong>ub.</strong></span> <span class='ocrx_word' id='word_1_320' title='bbox 693 3550 774 3595; x_wconf 85' lang='lat' dir='ltr'><strong>die</strong></span> <span class='ocrx_word' id='word_1_321' title='bbox 814 3550 1024 3595; x_wconf 79' lang='lat' dir='ltr'><strong>Servitus</strong></span> <span class='ocrx_word' id='word_1_322' title='bbox 1046 3549 1236 3597; x_wconf 86' lang='lat' dir='ltr'><strong>Lumin.</strong></span> <span class='ocrx_word' id='word_1_323' title='bbox 1268 3548 1318 3593; x_wconf 90' lang='lat' dir='ltr'><strong>d.</strong></span> <span class='ocrx_word' id='word_1_324' title='bbox 1363 3546 1556 3602; x_wconf 70' lang='lat' dir='ltr'><strong>nomer,</strong></span> 
     </span>
     <span class='ocr_line' id='line_1_32' title="bbox 212 3608 1563 3665; baseline -0.004 -7"><span class='ocrx_word' id='word_1_325' title='bbox 212 3610 325 3658; x_wconf 74' lang='lat' dir='ltr'><strong>nane</strong></span> <span class='ocrx_word' id='word_1_326' title='bbox 344 3612 480 3662; x_wconf 84' lang='grc'><strong>1804.</strong></span> <span class='ocrx_word' id='word_1_327' title='bbox 519 3637 581 3647; x_wconf 92' lang='grc'>-</span> <span class='ocrx_word' id='word_1_328' title='bbox 613 3611 785 3659; x_wconf 72' lang='grc' dir='ltr'><strong>6ΙιὶσΙε</strong></span> <span class='ocrx_word' id='word_1_329' title='bbox 809 3613 962 3659; x_wconf 82' lang='lat' dir='ltr'><strong>Pand.</strong></span> <span class='ocrx_word' id='word_1_330' title='bbox 984 3614 1045 3657; x_wconf 84' lang='lat' dir='ltr'><strong>x.</strong></span> <span class='ocrx_word' id='word_1_331' title='bbox 1079 3613 1106 3665; x_wconf 65' lang='grc' dir='ltr'>ς</span> <span class='ocrx_word' id='word_1_332' title='bbox 1126 3609 1237 3657; x_wconf 88' lang='grc'><strong>670.</strong></span> <span class='ocrx_word' id='word_1_333' title='bbox 1270 3633 1332 3643; x_wconf 89' lang='grc'>-</span> <span class='ocrx_word' id='word_1_334' title='bbox 1373 3608 1563 3653; x_wconf 76' lang='lat' dir='ltr'><strong>Stever</strong></span> 
     </span>
     <span class='ocr_line' id='line_1_33' title="bbox 210 3668 1555 3738; baseline -0.004 -19"><span class='ocrx_word' id='word_1_335' title='bbox 210 3684 249 3720; x_wconf 85' lang='lat' dir='ltr'><strong>e.</strong></span> <span class='ocrx_word' id='word_1_336' title='bbox 268 3677 378 3733; x_wconf 74' lang='grc' dir='ltr'><strong>ηις</strong></span> <span class='ocrx_word' id='word_1_337' title='bbox 395 3676 446 3725; x_wconf 88' lang='grc'><strong>7.</strong></span> <span class='ocrx_word' id='word_1_338' title='bbox 463 3675 514 3723; x_wconf 86' lang='grc'><strong>8.</strong></span> <span class='ocrx_word' id='word_1_339' title='bbox 541 3689 557 3738; x_wconf 85' lang='grc'><strong>;</strong></span> <span class='ocrx_word' id='word_1_340' title='bbox 601 3678 658 3721; x_wconf 90' lang='lat' dir='ltr'><strong>et</strong></span> <span class='ocrx_word' id='word_1_341' title='bbox 703 3676 962 3721; x_wconf 81' lang='lat' dir='ltr'><strong>novissime</strong></span> <span class='ocrx_word' id='word_1_342' title='bbox 988 3676 1043 3720; x_wconf 76' lang='grc' dir='ltr'><strong>ι.</strong></span> <span class='ocrx_word' id='word_1_343' title='bbox 1069 3678 1127 3720; x_wconf 82' lang='lat' dir='ltr'><strong>F.</strong></span> <span class='ocrx_word' id='word_1_344' title='bbox 1153 3668 1458 3730; x_wconf 60' lang='grc' dir='ltr'><strong>θήρα-111981·</strong></span> <span class='ocrx_word' id='word_1_345' title='bbox 1492 3670 1555 3715; x_wconf 86' lang='lat' dir='ltr'><strong>de</strong></span> 
     </span>
     <span class='ocr_line' id='line_1_34' title="bbox 212 3731 1551 3787; baseline -0.003 -5"><span class='ocrx_word' id='word_1_346' title='bbox 212 3740 409 3786; x_wconf 73' lang='lat' dir='ltr'><strong>servitute</strong></span> <span class='ocrx_word' id='word_1_347' title='bbox 442 3741 627 3787; x_wconf 85' lang='lat' dir='ltr'><strong>lumin.</strong></span> <span class='ocrx_word' id='word_1_348' title='bbox 654 3741 710 3782; x_wconf 88' lang='lat' dir='ltr'><strong>et</strong></span> <span class='ocrx_word' id='word_1_349' title='bbox 732 3748 794 3783; x_wconf 85' lang='lat' dir='ltr'><strong>ne</strong></span> <span class='ocrx_word' id='word_1_350' title='bbox 817 3737 1087 3784; x_wconf 81' lang='lat' dir='ltr'><strong>luminibus</strong></span> <span class='ocrx_word' id='word_1_351' title='bbox 1113 3733 1445 3787; x_wconf 76' lang='lat' dir='ltr'><strong>officiatur,—</strong></span> <span class='ocrx_word' id='word_1_352' title='bbox 1462 3731 1551 3778; x_wconf 88' lang='lat' dir='ltr'><strong>lib.</strong></span> 
     </span>
     <span class='ocr_line' id='line_1_35' title="bbox 209 3793 1554 3861; baseline -0.005 -16"><span class='ocrx_word' id='word_1_353' title='bbox 209 3798 410 3857; x_wconf 60' lang='lat' dir='ltr'><strong>iugulat.</strong></span> <span class='ocrx_word' id='word_1_354' title='bbox 435 3802 568 3861; x_wconf 83' lang='lat' dir='ltr'><strong>Lips.</strong></span> <span class='ocrx_word' id='word_1_355' title='bbox 586 3797 740 3846; x_wconf 82' lang='grc'><strong>1819.</strong></span> <span class='ocrx_word' id='word_1_356' title='bbox 759 3796 809 3845; x_wconf 84' lang='grc'><strong>8.</strong></span> <span class='ocrx_word' id='word_1_357' title='bbox 837 3834 853 3858; x_wconf 94' lang='grc'><strong>,</strong></span> <span class='ocrx_word' id='word_1_358' title='bbox 884 3801 968 3857; x_wconf 83' lang='lat' dir='ltr'><strong>qui</strong></span> <span class='ocrx_word' id='word_1_359' title='bbox 992 3799 1111 3846; x_wconf 88' lang='lat' dir='ltr'><strong>item</strong></span> <span class='ocrx_word' id='word_1_360' title='bbox 1132 3797 1301 3844; x_wconf 82' lang='lat' dir='ltr'><strong>statuit</strong></span> <span class='ocrx_word' id='word_1_361' title='bbox 1325 3793 1554 3851; x_wconf 80' lang='lat' dir='ltr'><strong>,luminis</strong></span> 
     </span>
     <span class='ocr_line' id='line_1_36' title="bbox 211 3859 1553 3924; baseline -0.004 -17"><span class='ocrx_word' id='word_1_362' title='bbox 211 3864 462 3912; x_wconf 76' lang='lat' dir='ltr'><strong>servitutem</strong></span> <span class='ocrx_word' id='word_1_363' title='bbox 486 3877 514 3912; x_wconf 78' lang='lat' dir='ltr'><strong>s</strong></span> <span class='ocrx_word' id='word_1_364' title='bbox 534 3866 658 3921; x_wconf 82' lang='lat' dir='ltr'><strong>jure</strong></span> <span class='ocrx_word' id='word_1_365' title='bbox 678 3862 919 3924; x_wconf 66' lang='lat' dir='ltr'><strong>fenestras</strong></span> <span class='ocrx_word' id='word_1_366' title='bbox 939 3861 1152 3908; x_wconf 78' lang='lat' dir='ltr'><strong>habendi</strong></span> <span class='ocrx_word' id='word_1_367' title='bbox 1173 3871 1277 3905; x_wconf 81' lang='lat' dir='ltr'><strong>esse</strong></span> <span class='ocrx_word' id='word_1_368' title='bbox 1290 3859 1553 3914; x_wconf 73' lang='lat' dir='ltr'><strong>diversam,</strong></span> 
     </span>
     <span class='ocr_line' id='line_1_37' title="bbox 209 3920 1556 3987; baseline -0.007 -15"><span class='ocrx_word' id='word_1_369' title='bbox 209 3933 386 3984; x_wconf 71' lang='lat' dir='ltr'><strong>eamque</strong></span> <span class='ocrx_word' id='word_1_370' title='bbox 404 3928 694 3987; x_wconf 66' lang='lat' dir='ltr'><strong>negativam</strong></span> <span class='ocrx_word' id='word_1_371' title='bbox 716 3957 732 3982; x_wconf 86' lang='lat'>‚</span> <span class='ocrx_word' id='word_1_372' title='bbox 755 3935 852 3982; x_wconf 82' lang='lat' dir='ltr'><strong>qua</strong></span> <span class='ocrx_word' id='word_1_373' title='bbox 869 3923 1066 3982; x_wconf 87' lang='lat' dir='ltr'><strong>quidem</strong></span> <span class='ocrx_word' id='word_1_374' title='bbox 1085 3923 1311 3970; x_wconf 88' lang='lat' dir='ltr'><strong>dominus</strong></span> <span class='ocrx_word' id='word_1_375' title='bbox 1352 3920 1421 3966; x_wconf 88' lang='lat' dir='ltr'><strong>rei</strong></span> <span class='ocrx_word' id='word_1_376' title='bbox 1452 3931 1556 3964; x_wconf 85' lang='lat' dir='ltr'><strong>ser-</strong></span> 
     </span>
     <span class='ocr_line' id='line_1_38' title="bbox 211 3982 1565 4047; baseline -0.009 -9"><span class='ocrx_word' id='word_1_377' title='bbox 211 3993 283 4032; x_wconf 68' lang='lat' dir='ltr'><strong>&#39;fle</strong></span> <span class='ocrx_word' id='word_1_378' title='bbox 300 3988 643 4047; x_wconf 68' lang='lat' dir='ltr'><strong>prohibeatur,</strong></span> <span class='ocrx_word' id='word_1_379' title='bbox 667 3993 803 4033; x_wconf 85' lang='lat' dir='ltr'><strong>utne</strong></span> <span class='ocrx_word' id='word_1_380' title='bbox 824 3986 1017 4045; x_wconf 86' lang='lat' dir='ltr'><strong>penitus</strong></span> <span class='ocrx_word' id='word_1_381' title='bbox 1036 3989 1202 4032; x_wconf 85' lang='lat' dir='ltr'><strong>lumen</strong></span> <span class='ocrx_word' id='word_1_382' title='bbox 1224 3982 1384 4030; x_wconf 82' lang='lat' dir='ltr'><strong>vicino</strong></span> <span class='ocrx_word' id='word_1_383' title='bbox 1408 3983 1565 4028; x_wconf 83' lang='lat' dir='ltr'><strong>reclu-</strong></span> 
     </span>
     <span class='ocr_line' id='line_1_39' title="bbox 211 4045 1561 4108; baseline -0.003 -15"><span class='ocrx_word' id='word_1_384' title='bbox 211 4046 294 4105; x_wconf 69' lang='lat' dir='ltr'><strong>(ist,</strong></span> <span class='ocrx_word' id='word_1_385' title='bbox 312 4052 342 4096; x_wconf 91' lang='lat' dir='ltr'><strong>i.</strong></span> <span class='ocrx_word' id='word_1_386' title='bbox 361 4064 404 4097; x_wconf 90' lang='lat' dir='ltr'><strong>e.</strong></span> <span class='ocrx_word' id='word_1_387' title='bbox 423 4054 571 4100; x_wconf 72' lang='lat' dir='ltr'><strong>tollat</strong></span> <span class='ocrx_word' id='word_1_388' title='bbox 595 4052 740 4108; x_wconf 69' lang='lat' dir='ltr'><strong>(Arg.</strong></span> <span class='ocrx_word' id='word_1_389' title='bbox 790 4048 843 4095; x_wconf 85' lang='lat'><strong>1..</strong></span> <span class='ocrx_word' id='word_1_390' title='bbox 870 4047 949 4095; x_wconf 89' lang='grc'><strong>10.</strong></span> <span class='ocrx_word' id='word_1_391' title='bbox 972 4050 1021 4094; x_wconf 86' lang='lat' dir='ltr'><strong>iu</strong></span> <span class='ocrx_word' id='word_1_392' title='bbox 1045 4050 1083 4095; x_wconf 77' lang='lat' dir='ltr'><strong>f.</strong></span> <span class='ocrx_word' id='word_1_393' title='bbox 1126 4050 1179 4094; x_wconf 87' lang='lat' dir='ltr'><strong>D.</strong></span> <span class='ocrx_word' id='word_1_394' title='bbox 1206 4045 1343 4093; x_wconf 80' lang='lat' dir='ltr'><strong>deS.</strong></span> <span class='ocrx_word' id='word_1_395' title='bbox 1369 4046 1431 4091; x_wconf 86' lang='lat' dir='ltr'><strong>P.</strong></span> <span class='ocrx_word' id='word_1_396' title='bbox 1461 4045 1561 4099; x_wconf 69' lang='lat'><strong>[7.).</strong></span> 
     </span>
     <span class='ocr_line' id='line_1_40' title="bbox 211 4106 1566 4173; baseline -0.009 -10"><span class='ocrx_word' id='word_1_397' title='bbox 211 4108 488 4173; x_wconf 62' lang='lat' dir='ltr'><strong>Eademque</strong></span> <span class='ocrx_word' id='word_1_398' title='bbox 531 4114 702 4161; x_wconf 81' lang='lat' dir='ltr'><strong>modo</strong></span> <span class='ocrx_word' id='word_1_399' title='bbox 740 4116 936 4158; x_wconf 81' lang='lat' dir='ltr'><strong>tantum</strong></span> <span class='ocrx_word' id='word_1_400' title='bbox 960 4109 1157 4158; x_wconf 71' lang='lat' dir='ltr'><strong>differre</strong></span> <span class='ocrx_word' id='word_1_401' title='bbox 1194 4114 1360 4155; x_wconf 85' lang='lat' dir='ltr'><strong>censet</strong></span> <span class='ocrx_word' id='word_1_402' title='bbox 1380 4106 1566 4164; x_wconf 77' lang='lat' dir='ltr'><strong>ajuro,</strong></span> 
     </span>
     <span class='ocr_line' id='line_1_41' title="bbox 209 4170 1567 4233; baseline -0.004 -15"><span class='ocrx_word' id='word_1_403' title='bbox 209 4176 523 4224; x_wconf 76' lang='lat' dir='ltr'><strong>neluminibus</strong></span> <span class='ocrx_word' id='word_1_404' title='bbox 539 4176 819 4227; x_wconf 79' lang='lat' dir='ltr'><strong>officiatur,</strong></span> <span class='ocrx_word' id='word_1_405' title='bbox 831 4175 1010 4233; x_wconf 84' lang='lat' dir='ltr'><strong>quippe</strong></span> <span class='ocrx_word' id='word_1_406' title='bbox 1028 4185 1126 4233; x_wconf 87' lang='lat' dir='ltr'><strong>quo</strong></span> <span class='ocrx_word' id='word_1_407' title='bbox 1145 4170 1392 4230; x_wconf 84' lang='lat' dir='ltr'><strong>prohiberi</strong></span> <span class='ocrx_word' id='word_1_408' title='bbox 1414 4170 1567 4229; x_wconf 85' lang='lat' dir='ltr'><strong>possit</strong></span> 
     </span>
     <span class='ocr_line' id='line_1_42' title="bbox 210 4234 1566 4297; baseline -0.004 -15"><span class='ocrx_word' id='word_1_409' title='bbox 210 4234 406 4284; x_wconf 57' lang='lat' dir='ltr'><strong>&amp;mnus</strong></span> <span class='ocrx_word' id='word_1_410' title='bbox 427 4273 443 4297; x_wconf 87' lang='lat'><strong>,</strong></span> <span class='ocrx_word' id='word_1_411' title='bbox 471 4245 531 4286; x_wconf 90' lang='lat' dir='ltr'><strong>ut</strong></span> <span class='ocrx_word' id='word_1_412' title='bbox 554 4251 622 4285; x_wconf 83' lang='lat' dir='ltr'><strong>ne</strong></span> <span class='ocrx_word' id='word_1_413' title='bbox 647 4236 914 4283; x_wconf 88' lang='lat' dir='ltr'><strong>minimum</strong></span> <span class='ocrx_word' id='word_1_414' title='bbox 933 4237 1131 4294; x_wconf 87' lang='lat' dir='ltr'><strong>quidem</strong></span> <span class='ocrx_word' id='word_1_415' title='bbox 1165 4235 1363 4286; x_wconf 69' lang='lat' dir='ltr'><strong>loannis</strong></span> <span class='ocrx_word' id='word_1_416' title='bbox 1397 4234 1566 4280; x_wconf 76' lang='lat' dir='ltr'><strong>detra-</strong></span> 
     </span>
     <span class='ocr_line' id='line_1_43' title="bbox 211 4293 1564 4359; baseline -0.009 -9"><span class='ocrx_word' id='word_1_417' title='bbox 211 4293 475 4359; x_wconf 62' lang='lat' dir='ltr'><strong>hamus,</strong></span> <span class='ocrx_word' id='word_1_418' title='bbox 496 4314 549 4359; x_wconf 76' lang='grc' dir='ltr'><strong>ρ.</strong></span> <span class='ocrx_word' id='word_1_419' title='bbox 573 4298 645 4348; x_wconf 66' lang='lat' dir='ltr'><strong>so</strong></span> <span class='ocrx_word' id='word_1_420' title='bbox 669 4311 782 4358; x_wconf 68' lang='lat' dir='ltr'><strong>sqq.</strong></span> <span class='ocrx_word' id='word_1_421' title='bbox 805 4298 936 4355; x_wconf 72' lang='lat' dir='ltr'><strong>(via.</strong></span> <span class='ocrx_word' id='word_1_422' title='bbox 958 4304 1008 4346; x_wconf 80' lang='lat' dir='ltr'><strong>et</strong></span> <span class='ocrx_word' id='word_1_423' title='bbox 1028 4297 1186 4354; x_wconf 61' lang='lat' dir='ltr'><strong>cium.</strong></span> <span class='ocrx_word' id='word_1_424' title='bbox 1218 4297 1330 4345; x_wconf 72' lang='lat' dir='ltr'><strong>iibri</strong></span> <span class='ocrx_word' id='word_1_425' title='bbox 1355 4294 1564 4353; x_wconf 68' lang='lat' dir='ltr'><strong>append.</strong></span> 
     </span>
     <span class='ocr_line' id='line_1_44' title="bbox 208 4356 1568 4422; baseline -0.007 -13"><span class='ocrx_word' id='word_1_426' title='bbox 208 4366 380 4410; x_wconf 57' lang='lat' dir='ltr'><strong>mund.</strong></span> <span class='ocrx_word' id='word_1_427' title='bbox 402 4377 450 4422; x_wconf 92' lang='lat' dir='ltr'><strong>p.</strong></span> <span class='ocrx_word' id='word_1_428' title='bbox 476 4363 576 4411; x_wconf 77' lang='grc'><strong>203</strong></span> <span class='ocrx_word' id='word_1_429' title='bbox 601 4364 741 4422; x_wconf 84' lang='lat' dir='ltr'><strong>sqq.)</strong></span> <span class='ocrx_word' id='word_1_430' title='bbox 765 4364 828 4408; x_wconf 73' lang='lat' dir='ltr'><strong>Ac</strong></span> <span class='ocrx_word' id='word_1_431' title='bbox 849 4362 1018 4407; x_wconf 85' lang='lat' dir='ltr'><strong>similis</strong></span> <span class='ocrx_word' id='word_1_432' title='bbox 1041 4372 1145 4407; x_wconf 88' lang='lat' dir='ltr'><strong>esse</strong></span> <span class='ocrx_word' id='word_1_433' title='bbox 1177 4360 1415 4408; x_wconf 76' lang='lat' dir='ltr'><strong>sententia</strong></span> <span class='ocrx_word' id='word_1_434' title='bbox 1440 4356 1568 4402; x_wconf 88' lang='lat' dir='ltr'><strong>vide-</strong></span> 
     </span>
     <span class='ocr_line' id='line_1_45' title="bbox 208 4419 1565 4474; baseline -0.007 -2"><span class='ocrx_word' id='word_1_435' title='bbox 208 4425 277 4467; x_wconf 64' lang='lat' dir='ltr'><strong>tu·</strong></span> <span class='ocrx_word' id='word_1_436' title='bbox 293 4425 691 4474; x_wconf 70' lang='lat' dir='ltr'><strong>Goldselsmidtii</strong></span> <span class='ocrx_word' id='word_1_437' title='bbox 706 4426 760 4471; x_wconf 85' lang='lat' dir='ltr'><strong>in</strong></span> <span class='ocrx_word' id='word_1_438' title='bbox 784 4423 931 4471; x_wconf 72' lang='lat' dir='ltr'><strong>Arch.</strong></span> <span class='ocrx_word' id='word_1_439' title='bbox 950 4424 988 4471; x_wconf 78' lang='grc'><strong>1.</strong></span> <span class='ocrx_word' id='word_1_440' title='bbox 1009 4423 1100 4470; x_wconf 70' lang='lat' dir='ltr'><strong>civ.</strong></span> <span class='ocrx_word' id='word_1_441' title='bbox 1118 4425 1198 4471; x_wconf 81' lang='lat' dir='ltr'><strong>Pr.</strong></span> <span class='ocrx_word' id='word_1_442' title='bbox 1221 4425 1279 4470; x_wconf 89' lang='lat' dir='ltr'><strong>V.</strong></span> <span class='ocrx_word' id='word_1_443' title='bbox 1295 4423 1375 4468; x_wconf 60' lang='grc' dir='ltr'><strong>Νι.</strong></span> <span class='ocrx_word' id='word_1_444' title='bbox 1400 4419 1565 4465; x_wconf 77' lang='lat' dir='ltr'><strong>xviii.</strong></span> 
     </span>
    </p>

    <p class='ocr_par' dir='ltr' id='par_1_10' title="bbox 260 4483 1285 4545">
     <span class='ocr_line' id='line_1_46' title="bbox 260 4483 1285 4545; baseline -0.003 -10"><span class='ocrx_word' id='word_1_445' title='bbox 260 4484 331 4545; x_wconf 83' lang='grc'><strong>17)</strong></span> <span class='ocrx_word' id='word_1_446' title='bbox 348 4489 398 4536; x_wconf 91' lang='lat' dir='ltr'><strong>L.</strong></span> <span class='ocrx_word' id='word_1_447' title='bbox 420 4491 504 4537; x_wconf 72' lang='lat'><strong>23.</strong></span> <span class='ocrx_word' id='word_1_448' title='bbox 530 4491 591 4536; x_wconf 90' lang='lat' dir='ltr'><strong>D.</strong></span> <span class='ocrx_word' id='word_1_449' title='bbox 620 4488 683 4535; x_wconf 78' lang='grc' dir='ltr'><strong>Ιι.</strong></span> <span class='ocrx_word' id='word_1_450' title='bbox 709 4485 1109 4544; x_wconf 77' lang='lat' dir='ltr'><strong>t.-Westplmt</strong></span> <span class='ocrx_word' id='word_1_451' title='bbox 1123 4489 1152 4543; x_wconf 83' lang='grc' dir='ltr'><strong>ς</strong></span> <span class='ocrx_word' id='word_1_452' title='bbox 1170 4483 1285 4534; x_wconf 83' lang='grc'><strong>008.</strong></span> 
     </span>
    </p>

    <p class='ocr_par' dir='ltr' id='par_1_11' title="bbox 260 4547 850 4606">
     <span class='ocr_line' id='line_1_47' title="bbox 260 4547 850 4606; baseline 0 -11"><span class='ocrx_word' id='word_1_453' title='bbox 260 4547 332 4606; x_wconf 79' lang='grc'><strong>18)</strong></span> <span class='ocrx_word' id='word_1_454' title='bbox 347 4552 396 4598; x_wconf 86' lang='lat' dir='ltr'><strong>L.</strong></span> <span class='ocrx_word' id='word_1_455' title='bbox 420 4554 469 4599; x_wconf 81' lang='lat'><strong>2.</strong></span> <span class='ocrx_word' id='word_1_456' title='bbox 489 4550 540 4600; x_wconf 72' lang='lat'><strong>4.</strong></span> <span class='ocrx_word' id='word_1_457' title='bbox 565 4549 621 4599; x_wconf 82' lang='lat'><strong>6.</strong></span> <span class='ocrx_word' id='word_1_458' title='bbox 650 4552 709 4597; x_wconf 92' lang='lat' dir='ltr'><strong>D.</strong></span> <span class='ocrx_word' id='word_1_459' title='bbox 734 4549 792 4596; x_wconf 82' lang='grc' dir='ltr'><strong>Ιι.</strong></span> <span class='ocrx_word' id='word_1_460' title='bbox 809 4552 850 4595; x_wconf 87' lang='lat' dir='ltr'><strong>t.</strong></span> 
     </span>
    </p>

    <p class='ocr_par' dir='ltr' id='par_1_12' title="bbox 209 4604 1571 4797">
     <span class='ocr_line' id='line_1_48' title="bbox 262 4604 1571 4667; baseline -0.005 -10"><span class='ocrx_word' id='word_1_461' title='bbox 262 4609 332 4663; x_wconf 73' lang='lat'><strong>1⁹)</strong></span> <span class='ocrx_word' id='word_1_462' title='bbox 350 4615 400 4659; x_wconf 92' lang='lat' dir='ltr'><strong>L.</strong></span> <span class='ocrx_word' id='word_1_463' title='bbox 421 4617 469 4660; x_wconf 75' lang='grc'><strong>3.</strong></span> <span class='ocrx_word' id='word_1_464' title='bbox 490 4611 577 4661; x_wconf 92' lang='grc'><strong>15.</strong></span> <span class='ocrx_word' id='word_1_465' title='bbox 602 4611 694 4659; x_wconf 81' lang='grc'><strong>10.</strong></span> <span class='ocrx_word' id='word_1_466' title='bbox 716 4614 774 4659; x_wconf 84' lang='grc'><strong>1).</strong></span> <span class='ocrx_word' id='word_1_467' title='bbox 801 4611 855 4659; x_wconf 84' lang='grc' dir='ltr'><strong>Ιι.</strong></span> <span class='ocrx_word' id='word_1_468' title='bbox 882 4613 922 4659; x_wconf 81' lang='lat' dir='ltr'><strong>t.</strong></span> <span class='ocrx_word' id='word_1_469' title='bbox 954 4635 1016 4644; x_wconf 92' lang='lat'><strong>—-</strong></span> <span class='ocrx_word' id='word_1_470' title='bbox 1050 4611 1101 4657; x_wconf 91' lang='lat' dir='ltr'><strong>L.</strong></span> <span class='ocrx_word' id='word_1_471' title='bbox 1125 4610 1206 4657; x_wconf 71' lang='lat'><strong>12.</strong></span> <span class='ocrx_word' id='word_1_472' title='bbox 1241 4611 1268 4667; x_wconf 73' lang='grc' dir='ltr'><strong>ς</strong></span> <span class='ocrx_word' id='word_1_473' title='bbox 1289 4610 1336 4656; x_wconf 76' lang='lat'><strong>2.</strong></span> <span class='ocrx_word' id='word_1_474' title='bbox 1353 4609 1403 4655; x_wconf 74' lang='grc'><strong>5.</strong></span> <span class='ocrx_word' id='word_1_475' title='bbox 1426 4608 1480 4654; x_wconf 87' lang='lat' dir='ltr'><strong>C.</strong></span> <span class='ocrx_word' id='word_1_476' title='bbox 1501 4604 1571 4651; x_wconf 78' lang='lat' dir='ltr'><strong>de</strong></span> 
     </span>
     <span class='ocr_line' id='line_1_49' title="bbox 212 4669 1565 4735; baseline -0.006 -14"><span class='ocrx_word' id='word_1_477' title='bbox 212 4673 349 4730; x_wconf 73' lang='lat' dir='ltr'><strong>cedis.</strong></span> <span class='ocrx_word' id='word_1_478' title='bbox 367 4677 508 4735; x_wconf 77' lang='lat' dir='ltr'><strong>priv.</strong></span> <span class='ocrx_word' id='word_1_479' title='bbox 532 4701 594 4709; x_wconf 93' lang='lat'>—</span> <span class='ocrx_word' id='word_1_480' title='bbox 619 4676 706 4722; x_wconf 66' lang='lat' dir='ltr'><strong>Cf.</strong></span> <span class='ocrx_word' id='word_1_481' title='bbox 730 4676 787 4721; x_wconf 93' lang='lat' dir='ltr'><strong>L.</strong></span> <span class='ocrx_word' id='word_1_482' title='bbox 803 4673 882 4722; x_wconf 75' lang='lat'><strong>12.</strong></span> <span class='ocrx_word' id='word_1_483' title='bbox 904 4675 957 4721; x_wconf 91' lang='lat' dir='ltr'><strong>D.</strong></span> <span class='ocrx_word' id='word_1_484' title='bbox 978 4673 1033 4720; x_wconf 65' lang='lat' dir='ltr'><strong>A.</strong></span> <span class='ocrx_word' id='word_1_485' title='bbox 1054 4676 1090 4719; x_wconf 83' lang='lat' dir='ltr'><strong>t.</strong></span> <span class='ocrx_word' id='word_1_486' title='bbox 1111 4698 1166 4706; x_wconf 90' lang='lat'>-</span> <span class='ocrx_word' id='word_1_487' title='bbox 1189 4674 1353 4719; x_wconf 79' lang='lat' dir='ltr'><strong>varias</strong></span> <span class='ocrx_word' id='word_1_488' title='bbox 1376 4669 1565 4728; x_wconf 83' lang='lat' dir='ltr'><strong>opinio·</strong></span> 
     </span>
     <span class='ocr_line' id='line_1_50' title="bbox 209 4734 1481 4797; baseline -0.008 -11"><span class='ocrx_word' id='word_1_489' title='bbox 209 4746 280 4781; x_wconf 67' lang='lat' dir='ltr'><strong>tm</strong></span> <span class='ocrx_word' id='word_1_490' title='bbox 300 4744 513 4785; x_wconf 79' lang='lat' dir='ltr'><strong>recenset</strong></span> <span class='ocrx_word' id='word_1_491' title='bbox 527 4735 902 4797; x_wconf 64' lang='lat' dir='ltr'><strong>arietinam-l.</strong></span> <span class='ocrx_word' id='word_1_492' title='bbox 930 4739 965 4783; x_wconf 92' lang='grc'><strong>1.</strong></span> <span class='ocrx_word' id='word_1_493' title='bbox 990 4747 1102 4794; x_wconf 83' lang='lat' dir='ltr'><strong>app.</strong></span> <span class='ocrx_word' id='word_1_494' title='bbox 1127 4735 1163 4781; x_wconf 91' lang='grc'><strong>1.</strong></span> <span class='ocrx_word' id='word_1_495' title='bbox 1187 4748 1236 4794; x_wconf 91' lang='lat' dir='ltr'><strong>p.</strong></span> <span class='ocrx_word' id='word_1_496' title='bbox 1258 4734 1353 4782; x_wconf 72' lang='lat'><strong>223</strong></span> <span class='ocrx_word' id='word_1_497' title='bbox 1374 4744 1481 4792; x_wconf 86' lang='lat' dir='ltr'><strong>sqq.</strong></span> 
     </span>
    </p>
   </div>
   <div class='ocr_carea' id='block_1_8' title="bbox 262 4795 1576 4859">
    <p class='ocr_par' dir='ltr' id='par_1_13' title="bbox 262 4795 1576 4859">
     <span class='ocr_line' id='line_1_51' title="bbox 262 4795 1576 4859; baseline -0.005 -14"><span class='ocrx_word' id='word_1_498' title='bbox 262 4798 353 4859; x_wconf 61' lang='lat' dir='ltr'><strong>w.)</strong></span> <span class='ocrx_word' id='word_1_499' title='bbox 376 4802 430 4847; x_wconf 94' lang='lat' dir='ltr'><strong>L.</strong></span> <span class='ocrx_word' id='word_1_500' title='bbox 448 4799 501 4849; x_wconf 91' lang='grc'><strong>7.</strong></span> <span class='ocrx_word' id='word_1_501' title='bbox 526 4801 587 4848; x_wconf 89' lang='lat' dir='ltr'><strong>D.</strong></span> <span class='ocrx_word' id='word_1_502' title='bbox 605 4800 682 4848; x_wconf 73' lang='lat' dir='ltr'><strong>de</strong></span> <span class='ocrx_word' id='word_1_503' title='bbox 707 4811 913 4848; x_wconf 72' lang='lat' dir='ltr'><strong>sent.-</strong></span> <span class='ocrx_word' id='word_1_504' title='bbox 938 4797 1055 4846; x_wconf 74' lang='lat'><strong>1..2.</strong></span> <span class='ocrx_word' id='word_1_505' title='bbox 1090 4809 1166 4856; x_wconf 86' lang='lat' dir='ltr'><strong>pr.</strong></span> <span class='ocrx_word' id='word_1_506' title='bbox 1194 4800 1248 4845; x_wconf 91' lang='lat' dir='ltr'><strong>D.</strong></span> <span class='ocrx_word' id='word_1_507' title='bbox 1269 4797 1403 4847; x_wconf 79' lang='lat' dir='ltr'><strong>deS.</strong></span> <span class='ocrx_word' id='word_1_508' title='bbox 1428 4795 1490 4840; x_wconf 85' lang='lat' dir='ltr'><strong>P.</strong></span> <span class='ocrx_word' id='word_1_509' title='bbox 1513 4795 1576 4840; x_wconf 77' lang='lat' dir='ltr'><strong>R.</strong></span> 
     </span>
    </p>
   </div>
   <div class='ocr_carea' id='block_1_9' title="bbox 1622 2918 2996 3042">
    <p class='ocr_par' dir='ltr' id='par_1_14' title="bbox 1622 2918 2996 3042">
     <span class='ocr_line' id='line_1_52' title="bbox 1622 2918 2996 2978; baseline 0.001 -12"><span class='ocrx_word' id='word_1_510' title='bbox 1622 2918 1741 2966; x_wconf 80' lang='lat' dir='ltr'><strong>eod.</strong></span> <span class='ocrx_word' id='word_1_511' title='bbox 1767 2943 1824 2952; x_wconf 92' lang='lat'><strong>-—</strong></span> <span class='ocrx_word' id='word_1_512' title='bbox 1848 2920 1924 2967; x_wconf 84' lang='lat' dir='ltr'><strong>Cl&#39;.</strong></span> <span class='ocrx_word' id='word_1_513' title='bbox 1946 2920 2106 2968; x_wconf 76' lang='lat' dir='ltr'><strong>Glz&#39;e&#39;ck</strong></span> <span class='ocrx_word' id='word_1_514' title='bbox 2128 2923 2162 2967; x_wconf 92' lang='grc'><strong>1.</strong></span> <span class='ocrx_word' id='word_1_515' title='bbox 2186 2921 2221 2967; x_wconf 92' lang='lat' dir='ltr'><strong>l.</strong></span> <span class='ocrx_word' id='word_1_516' title='bbox 2245 2923 2271 2978; x_wconf 77' lang='lat' dir='ltr'>S</span> <span class='ocrx_word' id='word_1_517' title='bbox 2292 2919 2403 2968; x_wconf 75' lang='lat'><strong>673.</strong></span> <span class='ocrx_word' id='word_1_518' title='bbox 2430 2928 2478 2968; x_wconf 90' lang='lat' dir='ltr'><strong>et</strong></span> <span class='ocrx_word' id='word_1_519' title='bbox 2520 2922 2743 2971; x_wconf 79' lang='lat' dir='ltr'><strong>Funckii</strong></span> <span class='ocrx_word' id='word_1_520' title='bbox 2776 2935 2834 2971; x_wconf 84' lang='lat' dir='ltr'><strong>ac</strong></span> <span class='ocrx_word' id='word_1_521' title='bbox 2877 2927 2996 2971; x_wconf 81' lang='lat' dir='ltr'><strong>Ges-</strong></span> 
     </span>
     <span class='ocr_line' id='line_1_53' title="bbox 1622 2980 2679 3042; baseline 0.003 -13"><span class='ocrx_word' id='word_1_522' title='bbox 1622 2980 1872 3042; x_wconf 69' lang='lat' dir='ltr'><strong>terdinqu</strong></span> <span class='ocrx_word' id='word_1_523' title='bbox 1889 2983 2070 3041; x_wconf 79' lang='lat' dir='ltr'><strong>scripta</strong></span> <span class='ocrx_word' id='word_1_524' title='bbox 2093 2984 2119 3039; x_wconf 81' lang='grc' dir='ltr'><strong><em>ς</em></strong></span> <span class='ocrx_word' id='word_1_525' title='bbox 2139 2982 2250 3030; x_wconf 75' lang='lat'><strong>279.</strong></span> <span class='ocrx_word' id='word_1_526' title='bbox 2273 2989 2378 3031; x_wconf 93' lang='lat' dir='ltr'><strong>not.</strong></span> <span class='ocrx_word' id='word_1_527' title='bbox 2399 2985 2445 3030; x_wconf 90' lang='grc'><strong>1.</strong></span> <span class='ocrx_word' id='word_1_528' title='bbox 2462 2987 2679 3032; x_wconf 80' lang='lat' dir='ltr'><strong>laudata.</strong></span> 
     </span>
    </p>
   </div>
   <div class='ocr_carea' id='block_1_10' title="bbox 2215 3070 2388 3129">
    <p class='ocr_par' dir='ltr' id='par_1_15' title="bbox 2215 3070 2388 3129">
     <span class='ocr_line' id='line_1_54' title="bbox 2215 3070 2388 3129; baseline 0 -8"><span class='ocrx_word' id='word_1_529' title='bbox 2215 3070 2388 3129; x_wconf 70' lang='lat'><strong>3283.</strong></span> 
     </span>
    </p>
   </div>
   <div class='ocr_carea' id='block_1_11' title="bbox 1613 3162 3008 4838">
    <p class='ocr_par' dir='ltr' id='par_1_16' title="bbox 1613 3162 2996 3352">
     <span class='ocr_line' id='line_1_55' title="bbox 1676 3162 2996 3225; baseline 0.003 -15"><span class='ocrx_word' id='word_1_530' title='bbox 1676 3163 1733 3223; x_wconf 78' lang='lat'><strong>(·)</strong></span> <span class='ocrx_word' id='word_1_531' title='bbox 1756 3164 1859 3222; x_wconf 78' lang='lat' dir='ltr'><strong>mg.</strong></span> <span class='ocrx_word' id='word_1_532' title='bbox 1892 3163 2035 3225; x_wconf 83' lang='lat' dir='ltr'><strong>(vul,</strong></span> <span class='ocrx_word' id='word_1_533' title='bbox 2059 3164 2130 3221; x_wconf 77' lang='grc'><strong>3.)</strong></span> <span class='ocrx_word' id='word_1_534' title='bbox 2152 3162 2219 3211; x_wconf 81' lang='lat' dir='ltr'><strong>de</strong></span> <span class='ocrx_word' id='word_1_535' title='bbox 2239 3163 2480 3213; x_wconf 71' lang='lat' dir='ltr'><strong>servitia.</strong></span> <span class='ocrx_word' id='word_1_536' title='bbox 2510 3163 2782 3222; x_wconf 74' lang='lat' dir='ltr'><strong>praedior.</strong></span> <span class='ocrx_word' id='word_1_537' title='bbox 2830 3165 2996 3214; x_wconf 74' lang='lat' dir='ltr'><strong>rusti-</strong></span> 
     </span>
     <span class='ocr_line' id='line_1_56' title="bbox 1613 3225 2993 3336; baseline 0.003 -64"><span class='ocrx_word' id='word_1_538' title='bbox 1613 3240 1826 3336; x_wconf 47' lang='lat'><strong>⁶⁰21?—</strong></span> <span class='ocrx_word' id='word_1_539' title='bbox 1863 3226 1940 3275; x_wconf 69' lang='lat' dir='ltr'><strong>Cf.</strong></span> <span class='ocrx_word' id='word_1_540' title='bbox 1997 3226 2266 3275; x_wconf 74' lang='lat' dir='ltr'><strong>Goeschen</strong></span> <span class='ocrx_word' id='word_1_541' title='bbox 2309 3227 2570 3273; x_wconf 80' lang='lat' dir='ltr'><strong>Gruudriss</strong></span> <span class='ocrx_word' id='word_1_542' title='bbox 2612 3228 2638 3287; x_wconf 78' lang='grc' dir='ltr'>ς</span> <span class='ocrx_word' id='word_1_543' title='bbox 2668 3226 2762 3275; x_wconf 75' lang='lat'><strong>303</strong></span> <span class='ocrx_word' id='word_1_544' title='bbox 2786 3253 2846 3262; x_wconf 93' lang='lat'><strong>--</strong></span> <span class='ocrx_word' id='word_1_545' title='bbox 2878 3225 2993 3276; x_wconf 73' lang='grc'><strong>805.</strong></span> 
     </span>
     <span class='ocr_line' id='line_1_57' title="bbox 1615 3300 1917 3352; baseline 0.003 -6"><span class='ocrx_word' id='word_1_546' title='bbox 1615 3306 1663 3352; x_wconf 73' lang='grc' dir='ltr'><strong>ι).</strong></span> <span class='ocrx_word' id='word_1_547' title='bbox 1810 3300 1917 3347; x_wconf 67' lang='lat' dir='ltr'><strong>“lq-</strong></span> 
     </span>
    </p>

    <p class='ocr_par' dir='ltr' id='par_1_17' title="bbox 1618 3349 3001 3658">
     <span class='ocr_line' id='line_1_58' title="bbox 1678 3349 2990 3411; baseline -0.001 -11"><span class='ocrx_word' id='word_1_548' title='bbox 1678 3355 1723 3411; x_wconf 86' lang='lat'><strong>1)</strong></span> <span class='ocrx_word' id='word_1_549' title='bbox 1744 3352 1824 3397; x_wconf 79' lang='lat' dir='ltr'><strong>Pr.</strong></span> <span class='ocrx_word' id='word_1_550' title='bbox 1872 3353 1906 3397; x_wconf 93' lang='grc' dir='ltr'><strong>Ι.</strong></span> <span class='ocrx_word' id='word_1_551' title='bbox 1953 3349 2020 3398; x_wconf 81' lang='lat' dir='ltr'><strong>de</strong></span> <span class='ocrx_word' id='word_1_552' title='bbox 2062 3349 2242 3398; x_wconf 78' lang='lat' dir='ltr'><strong>servit.</strong></span> <span class='ocrx_word' id='word_1_553' title='bbox 2270 3374 2325 3384; x_wconf 93' lang='lat'><strong>--</strong></span> <span class='ocrx_word' id='word_1_554' title='bbox 2349 3352 2429 3397; x_wconf 79' lang='lat' dir='ltr'><strong>Pr.</strong></span> <span class='ocrx_word' id='word_1_555' title='bbox 2455 3352 2510 3398; x_wconf 90' lang='lat' dir='ltr'><strong>D.</strong></span> <span class='ocrx_word' id='word_1_556' title='bbox 2533 3350 2585 3398; x_wconf 77' lang='grc' dir='ltr'><strong>Ιι.</strong></span> <span class='ocrx_word' id='word_1_557' title='bbox 2614 3355 2651 3398; x_wconf 77' lang='lat' dir='ltr'><strong>t.</strong></span> <span class='ocrx_word' id='word_1_558' title='bbox 2679 3376 2736 3384; x_wconf 96' lang='lat'>—</span> <span class='ocrx_word' id='word_1_559' title='bbox 2780 3350 2990 3410; x_wconf 83' lang='lat' dir='ltr'><strong>[Tribus</strong></span> 
     </span>
     <span class='ocr_line' id='line_1_59' title="bbox 1618 3412 2992 3474; baseline -0.003 -11"><span class='ocrx_word' id='word_1_560' title='bbox 1618 3417 1716 3463; x_wconf 85' lang='lat' dir='ltr'><strong>illis</strong></span> <span class='ocrx_word' id='word_1_561' title='bbox 1758 3412 2002 3469; x_wconf 86' lang='lat' dir='ltr'><strong>prioribus</strong></span> <span class='ocrx_word' id='word_1_562' title='bbox 2044 3413 2358 3460; x_wconf 77' lang='lat' dir='ltr'><strong>adnumerari</strong></span> <span class='ocrx_word' id='word_1_563' title='bbox 2392 3418 2549 3471; x_wconf 86' lang='lat' dir='ltr'><strong>potest</strong></span> <span class='ocrx_word' id='word_1_564' title='bbox 2572 3414 2865 3474; x_wconf 73' lang='lat' dir='ltr'><strong>naviqandi</strong></span> <span class='ocrx_word' id='word_1_565' title='bbox 2886 3424 2992 3463; x_wconf 75' lang='lat' dir='ltr'><strong>ser-</strong></span> 
     </span>
     <span class='ocr_line' id='line_1_60' title="bbox 1618 3477 3001 3535; baseline -0.002 -8"><span class='ocrx_word' id='word_1_566' title='bbox 1618 3480 1745 3527; x_wconf 74' lang='lat' dir='ltr'><strong>vitus</strong></span> <span class='ocrx_word' id='word_1_567' title='bbox 1766 3510 1782 3535; x_wconf 86' lang='lat'>‚</span> <span class='ocrx_word' id='word_1_568' title='bbox 1806 3477 1986 3534; x_wconf 83' lang='lat' dir='ltr'><strong>quippe</strong></span> <span class='ocrx_word' id='word_1_569' title='bbox 2017 3487 2142 3534; x_wconf 79' lang='lat' dir='ltr'><strong>quac</strong></span> <span class='ocrx_word' id='word_1_570' title='bbox 2174 3477 2500 3523; x_wconf 82' lang='lat' dir='ltr'><strong>constituatur</strong></span> <span class='ocrx_word' id='word_1_571' title='bbox 2543 3491 2570 3519; x_wconf 74' lang='grc' dir='ltr'>α</span> <span class='ocrx_word' id='word_1_572' title='bbox 2596 3482 2649 3523; x_wconf 89' lang='lat' dir='ltr'><strong>ut</strong></span> <span class='ocrx_word' id='word_1_573' title='bbox 2683 3477 3001 3535; x_wconf 79' lang='lat' dir='ltr'><strong>perveniatur</strong></span> 
     </span>
     <span class='ocr_line' id='line_1_61' title="bbox 1620 3536 2990 3658; baseline 0 -71"><span class='ocrx_word' id='word_1_574' title='bbox 1620 3541 1682 3587; x_wconf 81' lang='lat' dir='ltr'><strong>ad</strong></span> <span class='ocrx_word' id='word_1_575' title='bbox 1705 3539 1916 3649; x_wconf 46' lang='lat' dir='ltr'><strong>madum</strong></span> <span class='ocrx_word' id='word_1_576' title='bbox 1940 3538 2173 3658; x_wconf 53' lang='lat' dir='ltr'><strong>vicinufn.</strong></span> <span class='ocrx_word' id='word_1_577' title='bbox 2192 3553 2216 3579; x_wconf 74' lang='lat' dir='ltr'><strong>n</strong></span> <span class='ocrx_word' id='word_1_578' title='bbox 2256 3541 2308 3585; x_wconf 89' lang='lat' dir='ltr'><strong>L.</strong></span> <span class='ocrx_word' id='word_1_579' title='bbox 2334 3536 2413 3585; x_wconf 74' lang='lat'><strong>23.</strong></span> <span class='ocrx_word' id='word_1_580' title='bbox 2437 3539 2463 3595; x_wconf 71' lang='lat' dir='ltr'><strong>s</strong></span> <span class='ocrx_word' id='word_1_581' title='bbox 2486 3540 2533 3586; x_wconf 91' lang='grc'><strong>1.</strong></span> <span class='ocrx_word' id='word_1_582' title='bbox 2578 3541 2634 3585; x_wconf 86' lang='grc'><strong>1).</strong></span> <span class='ocrx_word' id='word_1_583' title='bbox 2658 3539 2710 3587; x_wconf 72' lang='lat' dir='ltr'><strong>h.</strong></span> <span class='ocrx_word' id='word_1_584' title='bbox 2734 3542 2774 3587; x_wconf 83' lang='lat' dir='ltr'><strong>t.</strong></span> <span class='ocrx_word' id='word_1_585' title='bbox 2798 3564 2854 3572; x_wconf 93' lang='lat'>—</span> <span class='ocrx_word' id='word_1_586' title='bbox 2880 3540 2990 3587; x_wconf 78' lang='lat' dir='ltr'><strong>vid.</strong></span> 
     </span>
     <span class='ocr_line' id='line_1_62' title="bbox 1622 3602 2065 3651; baseline -0.005 0"><span class='ocrx_word' id='word_1_587' title='bbox 1622 3608 1725 3651; x_wconf 87' lang='lat' dir='ltr'><strong>not.</strong></span> <span class='ocrx_word' id='word_1_588' title='bbox 1821 3636 1833 3648; x_wconf 94' lang='lat'><strong>.</strong></span> <span class='ocrx_word' id='word_1_589' title='bbox 1859 3602 1987 3647; x_wconf 82' lang='lat' dir='ltr'><strong>-E.</strong></span> <span class='ocrx_word' id='word_1_590' title='bbox 2007 3602 2065 3649; x_wconf 86' lang='lat' dir='ltr'><strong>G.</strong></span> 
     </span>
    </p>

    <p class='ocr_par' dir='ltr' id='par_1_18' title="bbox 1620 3659 2994 3782">
     <span class='ocr_line' id='line_1_63' title="bbox 1681 3659 2994 3723; baseline -0.001 -13"><span class='ocrx_word' id='word_1_591' title='bbox 1681 3666 1728 3723; x_wconf 64' lang='grc' dir='ltr'><strong>Β)</strong></span> <span class='ocrx_word' id='word_1_592' title='bbox 1755 3666 1807 3710; x_wconf 91' lang='lat' dir='ltr'><strong>L.</strong></span> <span class='ocrx_word' id='word_1_593' title='bbox 1831 3662 1881 3711; x_wconf 88' lang='grc'><strong>7.</strong></span> <span class='ocrx_word' id='word_1_594' title='bbox 1908 3675 1980 3721; x_wconf 84' lang='lat' dir='ltr'><strong>pr.</strong></span> <span class='ocrx_word' id='word_1_595' title='bbox 2008 3664 2060 3709; x_wconf 89' lang='lat' dir='ltr'><strong>L.</strong></span> <span class='ocrx_word' id='word_1_596' title='bbox 2088 3662 2164 3710; x_wconf 79' lang='lat'><strong>12.</strong></span> <span class='ocrx_word' id='word_1_597' title='bbox 2189 3663 2244 3710; x_wconf 90' lang='lat' dir='ltr'><strong>D.</strong></span> <span class='ocrx_word' id='word_1_598' title='bbox 2271 3661 2326 3709; x_wconf 77' lang='grc' dir='ltr'><strong>Ιι.</strong></span> <span class='ocrx_word' id='word_1_599' title='bbox 2351 3666 2389 3709; x_wconf 82' lang='lat' dir='ltr'><strong>t.</strong></span> <span class='ocrx_word' id='word_1_600' title='bbox 2414 3685 2474 3694; x_wconf 91' lang='lat'>—</span> <span class='ocrx_word' id='word_1_601' title='bbox 2498 3663 2549 3707; x_wconf 92' lang='lat' dir='ltr'><strong>L.</strong></span> <span class='ocrx_word' id='word_1_602' title='bbox 2579 3659 2656 3709; x_wconf 78' lang='grc'><strong>15.</strong></span> <span class='ocrx_word' id='word_1_603' title='bbox 2680 3663 2737 3710; x_wconf 93' lang='lat' dir='ltr'><strong>D.</strong></span> <span class='ocrx_word' id='word_1_604' title='bbox 2762 3662 2831 3712; x_wconf 82' lang='lat' dir='ltr'><strong>de</strong></span> <span class='ocrx_word' id='word_1_605' title='bbox 2850 3672 2994 3711; x_wconf 79' lang='lat' dir='ltr'><strong>serv.</strong></span> 
     </span>
     <span class='ocr_line' id='line_1_64' title="bbox 1620 3722 2613 3782; baseline -0.005 -9"><span class='ocrx_word' id='word_1_606' title='bbox 1620 3728 1740 3773; x_wconf 88' lang='lat' dir='ltr'><strong>-L.</strong></span> <span class='ocrx_word' id='word_1_607' title='bbox 1769 3723 1847 3773; x_wconf 81' lang='grc'><strong>14.</strong></span> <span class='ocrx_word' id='word_1_608' title='bbox 1869 3728 1924 3772; x_wconf 95' lang='lat' dir='ltr'><strong>D.</strong></span> <span class='ocrx_word' id='word_1_609' title='bbox 1947 3737 2134 3773; x_wconf 85' lang='lat' dir='ltr'><strong>comm.</strong></span> <span class='ocrx_word' id='word_1_610' title='bbox 2152 3726 2346 3781; x_wconf 74' lang='lat' dir='ltr'><strong>praed.</strong></span> <span class='ocrx_word' id='word_1_611' title='bbox 2372 3724 2516 3780; x_wconf 80' lang='lat' dir='ltr'><strong>(vill,</strong></span> <span class='ocrx_word' id='word_1_612' title='bbox 2539 3722 2613 3782; x_wconf 87' lang='grc'><strong>4.)</strong></span> 
     </span>
    </p>

    <p class='ocr_par' dir='ltr' id='par_1_19' title="bbox 1616 3785 2998 3970">
     <span class='ocr_line' id='line_1_65' title="bbox 1680 3785 2996 3848; baseline -0.002 -9"><span class='ocrx_word' id='word_1_613' title='bbox 1680 3790 1728 3843; x_wconf 78' lang='grc' dir='ltr'><strong>ὅ)</strong></span> <span class='ocrx_word' id='word_1_614' title='bbox 1751 3792 1804 3836; x_wconf 88' lang='lat' dir='ltr'><strong>L.</strong></span> <span class='ocrx_word' id='word_1_615' title='bbox 1830 3791 1876 3835; x_wconf 91' lang='grc'><strong>1.</strong></span> <span class='ocrx_word' id='word_1_616' title='bbox 1901 3801 1975 3848; x_wconf 84' lang='lat' dir='ltr'><strong>pr.</strong></span> <span class='ocrx_word' id='word_1_617' title='bbox 2001 3790 2053 3834; x_wconf 87' lang='lat'><strong>1..</strong></span> <span class='ocrx_word' id='word_1_618' title='bbox 2076 3785 2127 3834; x_wconf 93' lang='grc'><strong>7.</strong></span> <span class='ocrx_word' id='word_1_619' title='bbox 2186 3801 2227 3835; x_wconf 86' lang='lat' dir='ltr'><strong>r.</strong></span> <span class='ocrx_word' id='word_1_620' title='bbox 2268 3790 2322 3834; x_wconf 88' lang='lat' dir='ltr'><strong>L.</strong></span> <span class='ocrx_word' id='word_1_621' title='bbox 2346 3785 2425 3834; x_wconf 76' lang='lat'><strong>12.</strong></span> <span class='ocrx_word' id='word_1_622' title='bbox 2456 3788 2508 3832; x_wconf 89' lang='lat' dir='ltr'><strong>D.</strong></span> <span class='ocrx_word' id='word_1_623' title='bbox 2531 3786 2587 3832; x_wconf 79' lang='grc' dir='ltr'><strong>Ιι.</strong></span> <span class='ocrx_word' id='word_1_624' title='bbox 2610 3789 2645 3831; x_wconf 86' lang='lat' dir='ltr'><strong>t.</strong></span> <span class='ocrx_word' id='word_1_625' title='bbox 2682 3785 2765 3843; x_wconf 74' lang='lat' dir='ltr'><strong>(cf.</strong></span> <span class='ocrx_word' id='word_1_626' title='bbox 2799 3788 2996 3838; x_wconf 71' lang='lat' dir='ltr'><strong>schotti</strong></span> 
     </span>
     <span class='ocr_line' id='line_1_66' title="bbox 1616 3848 2998 3910; baseline -0.001 -11"><span class='ocrx_word' id='word_1_627' title='bbox 1616 3852 1722 3901; x_wconf 82' lang='lat' dir='ltr'><strong>obs.</strong></span> <span class='ocrx_word' id='word_1_628' title='bbox 1750 3855 1852 3897; x_wconf 81' lang='lat' dir='ltr'><strong>not.</strong></span> <span class='ocrx_word' id='word_1_629' title='bbox 1873 3848 1905 3897; x_wconf 94' lang='grc'><strong>7</strong></span> <span class='ocrx_word' id='word_1_630' title='bbox 1915 3890 1926 3903; x_wconf 90' lang='grc'><strong>,</strong></span> <span class='ocrx_word' id='word_1_631' title='bbox 1951 3849 2084 3897; x_wconf 84' lang='lat' dir='ltr'><strong>laud.</strong></span> <span class='ocrx_word' id='word_1_632' title='bbox 2107 3850 2133 3904; x_wconf 74' lang='lat' dir='ltr'>S</span> <span class='ocrx_word' id='word_1_633' title='bbox 2191 3854 2310 3910; x_wconf 91' lang='lat'><strong>.).-—</strong></span> <span class='ocrx_word' id='word_1_634' title='bbox 2325 3852 2378 3896; x_wconf 95' lang='lat' dir='ltr'><strong>L.</strong></span> <span class='ocrx_word' id='word_1_635' title='bbox 2400 3848 2451 3897; x_wconf 72' lang='grc' dir='ltr'><strong>Ξ.</strong></span> <span class='ocrx_word' id='word_1_636' title='bbox 2476 3851 2530 3895; x_wconf 91' lang='lat' dir='ltr'><strong>D.</strong></span> <span class='ocrx_word' id='word_1_637' title='bbox 2557 3850 2859 3910; x_wconf 71' lang='lat' dir='ltr'><strong>quemnam.</strong></span> <span class='ocrx_word' id='word_1_638' title='bbox 2881 3861 2998 3899; x_wconf 79' lang='lat' dir='ltr'><strong>ser·</strong></span> 
     </span>
     <span class='ocr_line' id='line_1_67' title="bbox 1622 3909 2172 3970; baseline -0.011 -7"><span class='ocrx_word' id='word_1_639' title='bbox 1622 3916 1720 3964; x_wconf 71' lang='lat' dir='ltr'><strong>vlt.</strong></span> <span class='ocrx_word' id='word_1_640' title='bbox 1744 3914 1909 3961; x_wconf 77' lang='lat' dir='ltr'><strong>amm.</strong></span> <span class='ocrx_word' id='word_1_641' title='bbox 1934 3914 2078 3970; x_wconf 85' lang='lat' dir='ltr'><strong>(vill,</strong></span> <span class='ocrx_word' id='word_1_642' title='bbox 2101 3909 2172 3968; x_wconf 90' lang='grc'><strong>0.)</strong></span> 
     </span>
    </p>

    <p class='ocr_par' dir='ltr' id='par_1_20' title="bbox 1626 3972 2997 4094">
     <span class='ocr_line' id='line_1_68' title="bbox 1686 3972 2997 4039; baseline -0.007 -12"><span class='ocrx_word' id='word_1_643' title='bbox 1686 3978 1735 4039; x_wconf 84' lang='grc'><strong>4)</strong></span> <span class='ocrx_word' id='word_1_644' title='bbox 1751 3980 1805 4026; x_wconf 91' lang='lat' dir='ltr'><strong>L.</strong></span> <span class='ocrx_word' id='word_1_645' title='bbox 1830 3974 1875 4025; x_wconf 86' lang='grc'><strong>4.</strong></span> <span class='ocrx_word' id='word_1_646' title='bbox 1903 3979 1928 4032; x_wconf 73' lang='grc' dir='ltr'>ς</span> <span class='ocrx_word' id='word_1_647' title='bbox 1953 3974 1999 4022; x_wconf 89' lang='grc'><strong>1.</strong></span> <span class='ocrx_word' id='word_1_648' title='bbox 2023 3977 2078 4022; x_wconf 89' lang='lat' dir='ltr'><strong>D.</strong></span> <span class='ocrx_word' id='word_1_649' title='bbox 2104 3973 2174 4022; x_wconf 79' lang='lat' dir='ltr'><strong>de</strong></span> <span class='ocrx_word' id='word_1_650' title='bbox 2192 3974 2435 4023; x_wconf 74' lang='lat' dir='ltr'><strong>servit.—</strong></span> <span class='ocrx_word' id='word_1_651' title='bbox 2453 3973 2507 4018; x_wconf 90' lang='lat'><strong>1..</strong></span> <span class='ocrx_word' id='word_1_652' title='bbox 2534 3972 2612 4021; x_wconf 89' lang='grc'><strong>11.</strong></span> <span class='ocrx_word' id='word_1_653' title='bbox 2639 3983 2715 4030; x_wconf 87' lang='lat' dir='ltr'><strong>pr.</strong></span> <span class='ocrx_word' id='word_1_654' title='bbox 2741 3975 2794 4022; x_wconf 92' lang='lat' dir='ltr'><strong>D.</strong></span> <span class='ocrx_word' id='word_1_655' title='bbox 2815 3986 2997 4034; x_wconf 74' lang='lat' dir='ltr'><strong>quem-</strong></span> 
     </span>
     <span class='ocr_line' id='line_1_69' title="bbox 1626 4033 2439 4094; baseline -0.009 -5"><span class='ocrx_word' id='word_1_656' title='bbox 1626 4041 1770 4089; x_wconf 80' lang='lat' dir='ltr'><strong>adm.</strong></span> <span class='ocrx_word' id='word_1_657' title='bbox 1796 4039 1983 4087; x_wconf 77' lang='lat' dir='ltr'><strong>servit.</strong></span> <span class='ocrx_word' id='word_1_658' title='bbox 2007 4037 2178 4084; x_wconf 80' lang='lat' dir='ltr'><strong>amitt.</strong></span> <span class='ocrx_word' id='word_1_659' title='bbox 2203 4038 2346 4094; x_wconf 74' lang='lat' dir='ltr'><strong>(vill,</strong></span> <span class='ocrx_word' id='word_1_660' title='bbox 2368 4033 2439 4092; x_wconf 86' lang='grc'><strong>0.)</strong></span> 
     </span>
    </p>

    <p class='ocr_par' dir='ltr' id='par_1_21' title="bbox 1628 4091 3008 4786">
     <span class='ocr_line' id='line_1_70' title="bbox 1693 4091 2997 4162; baseline -0.008 -11"><span class='ocrx_word' id='word_1_661' title='bbox 1693 4104 1740 4162; x_wconf 80' lang='lat'><strong>5)</strong></span> <span class='ocrx_word' id='word_1_662' title='bbox 1765 4106 1818 4149; x_wconf 88' lang='lat' dir='ltr'><strong>L.</strong></span> <span class='ocrx_word' id='word_1_663' title='bbox 1843 4100 1921 4147; x_wconf 74' lang='lat'><strong>13.</strong></span> <span class='ocrx_word' id='word_1_664' title='bbox 1947 4101 2003 4145; x_wconf 82' lang='lat' dir='ltr'><strong>D.</strong></span> <span class='ocrx_word' id='word_1_665' title='bbox 2028 4098 2095 4145; x_wconf 82' lang='lat' dir='ltr'><strong>de</strong></span> <span class='ocrx_word' id='word_1_666' title='bbox 2117 4110 2258 4147; x_wconf 76' lang='lat' dir='ltr'><strong>serv.</strong></span> <span class='ocrx_word' id='word_1_667' title='bbox 2294 4123 2354 4131; x_wconf 90' lang='lat'><strong>—-</strong></span> <span class='ocrx_word' id='word_1_668' title='bbox 2389 4099 2440 4144; x_wconf 80' lang='lat'><strong>1..</strong></span> <span class='ocrx_word' id='word_1_669' title='bbox 2468 4096 2514 4142; x_wconf 85' lang='grc'><strong>4.</strong></span> <span class='ocrx_word' id='word_1_670' title='bbox 2539 4091 2635 4149; x_wconf 72' lang='grc'><strong>31.</strong></span> <span class='ocrx_word' id='word_1_671' title='bbox 2676 4097 2734 4143; x_wconf 83' lang='lat' dir='ltr'><strong>D.</strong></span> <span class='ocrx_word' id='word_1_672' title='bbox 2775 4097 2823 4145; x_wconf 71' lang='grc' dir='ltr'><strong>εἰ</strong></span> <span class='ocrx_word' id='word_1_673' title='bbox 2851 4111 2997 4149; x_wconf 76' lang='lat' dir='ltr'><strong>serv,</strong></span> 
     </span>
     <span class='ocr_line' id='line_1_71' title="bbox 1628 4157 3001 4221; baseline -0.003 -8"><span class='ocrx_word' id='word_1_674' title='bbox 1628 4166 1779 4214; x_wconf 80' lang='lat' dir='ltr'><strong>vind.</strong></span> <span class='ocrx_word' id='word_1_675' title='bbox 1822 4189 1883 4198; x_wconf 94' lang='lat'>—</span> <span class='ocrx_word' id='word_1_676' title='bbox 1924 4163 1943 4221; x_wconf 93' lang='lat'><strong>[</strong></span> <span class='ocrx_word' id='word_1_677' title='bbox 1971 4162 2229 4216; x_wconf 86' lang='lat' dir='ltr'><strong>Quomodo</strong></span> <span class='ocrx_word' id='word_1_678' title='bbox 2268 4161 2395 4206; x_wconf 83' lang='lat' dir='ltr'><strong>inter</strong></span> <span class='ocrx_word' id='word_1_679' title='bbox 2430 4169 2481 4203; x_wconf 87' lang='lat' dir='ltr'><strong>se</strong></span> <span class='ocrx_word' id='word_1_680' title='bbox 2523 4157 2623 4201; x_wconf 84' lang='lat' dir='ltr'><strong>sint</strong></span> <span class='ocrx_word' id='word_1_681' title='bbox 2667 4161 3001 4209; x_wconf 80' lang='lat' dir='ltr'><strong>conciliandae</strong></span> 
     </span>
     <span class='ocr_line' id='line_1_72' title="bbox 1628 4220 2999 4283; baseline -0.003 -7"><span class='ocrx_word' id='word_1_682' title='bbox 1628 4231 1681 4276; x_wconf 91' lang='lat' dir='ltr'><strong>L.</strong></span> <span class='ocrx_word' id='word_1_683' title='bbox 1709 4227 1758 4276; x_wconf 93' lang='grc'><strong>4.</strong></span> <span class='ocrx_word' id='word_1_684' title='bbox 1783 4229 1810 4283; x_wconf 73' lang='lat' dir='ltr'>S</span> <span class='ocrx_word' id='word_1_685' title='bbox 1834 4224 1881 4274; x_wconf 83' lang='lat'><strong>1.</strong></span> <span class='ocrx_word' id='word_1_686' title='bbox 1905 4226 1958 4269; x_wconf 89' lang='lat' dir='ltr'><strong>D.</strong></span> <span class='ocrx_word' id='word_1_687' title='bbox 1982 4224 2032 4269; x_wconf 74' lang='lat' dir='ltr'><strong>si</strong></span> <span class='ocrx_word' id='word_1_688' title='bbox 2061 4236 2204 4281; x_wconf 66' lang='lat' dir='ltr'><strong>serv.</strong></span> <span class='ocrx_word' id='word_1_689' title='bbox 2241 4221 2390 4269; x_wconf 78' lang='lat' dir='ltr'><strong>vind.</strong></span> <span class='ocrx_word' id='word_1_690' title='bbox 2412 4220 2533 4275; x_wconf 84' lang='lat' dir='ltr'><strong>(vm</strong></span> <span class='ocrx_word' id='word_1_691' title='bbox 2553 4250 2568 4273; x_wconf 83' lang='lat'>‚</span> <span class='ocrx_word' id='word_1_692' title='bbox 2588 4220 2659 4275; x_wconf 83' lang='grc'><strong>5.)</strong></span> <span class='ocrx_word' id='word_1_693' title='bbox 2701 4228 2753 4268; x_wconf 90' lang='lat' dir='ltr'><strong>et</strong></span> <span class='ocrx_word' id='word_1_694' title='bbox 2794 4224 2847 4270; x_wconf 90' lang='lat' dir='ltr'><strong>L.</strong></span> <span class='ocrx_word' id='word_1_695' title='bbox 2871 4225 2918 4270; x_wconf 92' lang='grc'><strong>1.</strong></span> <span class='ocrx_word' id='word_1_696' title='bbox 2941 4226 2999 4272; x_wconf 90' lang='lat' dir='ltr'><strong>D.</strong></span> 
     </span>
     <span class='ocr_line' id='line_1_73' title="bbox 1629 4278 3006 4344; baseline -0.002 -6"><span class='ocrx_word' id='word_1_697' title='bbox 1629 4286 2216 4344; x_wconf 65' lang='lat' dir='ltr'><strong>aenaim.eeq.(xxx1v</strong></span> <span class='ocrx_word' id='word_1_698' title='bbox 2235 4319 2250 4343; x_wconf 94' lang='lat'><strong>‚</strong></span> <span class='ocrx_word' id='word_1_699' title='bbox 2273 4282 2343 4339; x_wconf 77' lang='grc'><strong>4.)</strong></span> <span class='ocrx_word' id='word_1_700' title='bbox 2365 4287 2414 4329; x_wconf 79' lang='lat' dir='ltr'><strong>et</strong></span> <span class='ocrx_word' id='word_1_701' title='bbox 2438 4283 2491 4327; x_wconf 86' lang='lat'><strong>1..</strong></span> <span class='ocrx_word' id='word_1_702' title='bbox 2517 4278 2597 4329; x_wconf 76' lang='lat'><strong>¹5.</strong></span> <span class='ocrx_word' id='word_1_703' title='bbox 2625 4286 2652 4339; x_wconf 75' lang='lat' dir='ltr'><strong>s</strong></span> <span class='ocrx_word' id='word_1_704' title='bbox 2674 4285 2720 4329; x_wconf 84' lang='lat'><strong>1.</strong></span> <span class='ocrx_word' id='word_1_705' title='bbox 2746 4286 2800 4332; x_wconf 84' lang='lat' dir='ltr'><strong>o.</strong></span> <span class='ocrx_word' id='word_1_706' title='bbox 2825 4286 2893 4333; x_wconf 72' lang='lat' dir='ltr'><strong>de</strong></span> <span class='ocrx_word' id='word_1_707' title='bbox 2917 4297 3006 4335; x_wconf 82' lang='lat' dir='ltr'><strong>ac-</strong></span> 
     </span>
     <span class='ocr_line' id='line_1_74' title="bbox 1629 4343 3003 4410; baseline -0.004 -10"><span class='ocrx_word' id='word_1_708' title='bbox 1629 4351 1803 4408; x_wconf 67' lang='lat' dir='ltr'><strong>cepta.</strong></span> <span class='ocrx_word' id='word_1_709' title='bbox 1829 4348 1981 4404; x_wconf 79' lang='lat' dir='ltr'><strong>(XLVl</strong></span> <span class='ocrx_word' id='word_1_710' title='bbox 2000 4383 2016 4407; x_wconf 89' lang='lat'>‚</span> <span class='ocrx_word' id='word_1_711' title='bbox 2037 4346 2106 4407; x_wconf 86' lang='grc'><strong>4.)</strong></span> <span class='ocrx_word' id='word_1_712' title='bbox 2140 4348 2241 4394; x_wconf 81' lang='lat' dir='ltr'><strong>vid.</strong></span> <span class='ocrx_word' id='word_1_713' title='bbox 2275 4343 2512 4394; x_wconf 75' lang='lat' dir='ltr'><strong>Vinm&#39;us</strong></span> <span class='ocrx_word' id='word_1_714' title='bbox 2544 4345 2607 4390; x_wconf 78' lang='lat' dir='ltr'><strong>ad</strong></span> <span class='ocrx_word' id='word_1_715' title='bbox 2630 4358 2704 4405; x_wconf 84' lang='lat' dir='ltr'><strong>pr.</strong></span> <span class='ocrx_word' id='word_1_716' title='bbox 2728 4348 2765 4395; x_wconf 94' lang='grc'><strong>1.</strong></span> <span class='ocrx_word' id='word_1_717' title='bbox 2791 4347 2862 4394; x_wconf 80' lang='lat' dir='ltr'><strong>de</strong></span> <span class='ocrx_word' id='word_1_718' title='bbox 2892 4359 3003 4410; x_wconf 77' lang='lat' dir='ltr'><strong>ser,</strong></span> 
     </span>
     <span class='ocr_line' id='line_1_75' title="bbox 1629 4406 3003 4467; baseline -0.003 -3"><span class='ocrx_word' id='word_1_719' title='bbox 1629 4415 1783 4464; x_wconf 63' lang='lat' dir='ltr'><strong>vilui.</strong></span> <span class='ocrx_word' id='word_1_720' title='bbox 1814 4438 1868 4447; x_wconf 88' lang='lat'>-</span> <span class='ocrx_word' id='word_1_721' title='bbox 1894 4410 2076 4457; x_wconf 77' lang='lat' dir='ltr'><strong>Schon</strong></span> <span class='ocrx_word' id='word_1_722' title='bbox 2103 4409 2209 4456; x_wconf 88' lang='lat' dir='ltr'><strong>obs.</strong></span> <span class='ocrx_word' id='word_1_723' title='bbox 2233 4406 2327 4467; x_wconf 80' lang='grc' dir='ltr'><strong>ςο.</strong></span> <span class='ocrx_word' id='word_1_724' title='bbox 2345 4433 2401 4441; x_wconf 92' lang='grc'><strong>-</strong></span> <span class='ocrx_word' id='word_1_725' title='bbox 2417 4406 2625 4454; x_wconf 74' lang='lat' dir='ltr'><strong>Puchca</strong></span> <span class='ocrx_word' id='word_1_726' title='bbox 2646 4408 2740 4455; x_wconf 77' lang='lat' dir='ltr'><strong>civ.</strong></span> <span class='ocrx_word' id='word_1_727' title='bbox 2763 4409 3003 4461; x_wconf 72' lang='lat' dir='ltr'><strong>Abhandl.</strong></span> 
     </span>
     <span class='ocr_line' id='line_1_76' title="bbox 1630 4469 3002 4538; baseline 0 -16"><span class='ocrx_word' id='word_1_728' title='bbox 1630 4491 1680 4538; x_wconf 83' lang='lat' dir='ltr'><strong>p.</strong></span> <span class='ocrx_word' id='word_1_729' title='bbox 1706 4475 1869 4523; x_wconf 85' lang='grc'><strong>110-</strong></span> <span class='ocrx_word' id='word_1_730' title='bbox 1895 4470 2006 4520; x_wconf 75' lang='lat'><strong>121.</strong></span> <span class='ocrx_word' id='word_1_731' title='bbox 2038 4471 2274 4519; x_wconf 71' lang='lat' dir='ltr'><strong>-Kritz</strong></span> <span class='ocrx_word' id='word_1_732' title='bbox 2306 4469 2547 4517; x_wconf 72' lang='lat' dir='ltr'><strong>Abhsndi.</strong></span> <span class='ocrx_word' id='word_1_733' title='bbox 2583 4469 2723 4527; x_wconf 76' lang='lat' dir='ltr'><strong>(vid.</strong></span> <span class='ocrx_word' id='word_1_734' title='bbox 2768 4477 2874 4520; x_wconf 87' lang='lat' dir='ltr'><strong>not.</strong></span> <span class='ocrx_word' id='word_1_735' title='bbox 2908 4472 3002 4534; x_wconf 91' lang='grc'><strong>7.)</strong></span> 
     </span>
     <span class='ocr_line' id='line_1_77' title="bbox 1631 4554 3006 4661; baseline -0.001 -13"><span class='ocrx_word' id='word_1_736' title='bbox 1631 4554 1664 4601; x_wconf 62' lang='lat' dir='ltr'><strong>p</strong></span> <span class='ocrx_word' id='word_1_737' title='bbox 1694 4600 1741 4661; x_wconf 84' lang='grc'><strong>0)</strong></span> <span class='ocrx_word' id='word_1_738' title='bbox 1767 4604 1818 4648; x_wconf 88' lang='lat' dir='ltr'><strong>L.</strong></span> <span class='ocrx_word' id='word_1_739' title='bbox 1841 4599 1890 4647; x_wconf 81' lang='lat'><strong>9.</strong></span> <span class='ocrx_word' id='word_1_740' title='bbox 1927 4598 1983 4642; x_wconf 91' lang='lat' dir='ltr'><strong>D.</strong></span> <span class='ocrx_word' id='word_1_741' title='bbox 2025 4596 2094 4643; x_wconf 79' lang='lat' dir='ltr'><strong>de</strong></span> <span class='ocrx_word' id='word_1_742' title='bbox 2136 4606 2281 4645; x_wconf 79' lang='lat' dir='ltr'><strong>serv.</strong></span> <span class='ocrx_word' id='word_1_743' title='bbox 2308 4620 2363 4628; x_wconf 93' lang='lat'>—</span> <span class='ocrx_word' id='word_1_744' title='bbox 2406 4591 2564 4641; x_wconf 75' lang='grc'><strong>1..13.</strong></span> <span class='ocrx_word' id='word_1_745' title='bbox 2591 4594 2618 4648; x_wconf 76' lang='lat' dir='ltr'>S</span> <span class='ocrx_word' id='word_1_746' title='bbox 2646 4592 2693 4640; x_wconf 88' lang='grc'><strong>1.</strong></span> <span class='ocrx_word' id='word_1_747' title='bbox 2719 4595 2767 4641; x_wconf 87' lang='lat' dir='ltr'><strong>in</strong></span> <span class='ocrx_word' id='word_1_748' title='bbox 2791 4595 2828 4644; x_wconf 76' lang='grc'><strong>1.</strong></span> <span class='ocrx_word' id='word_1_749' title='bbox 2853 4599 2909 4644; x_wconf 92' lang='lat' dir='ltr'><strong>D.</strong></span> <span class='ocrx_word' id='word_1_750' title='bbox 2937 4597 3006 4646; x_wconf 74' lang='lat' dir='ltr'><strong>de</strong></span> 
     </span>
     <span class='ocr_line' id='line_1_78' title="bbox 1629 4655 3004 4723; baseline -0.004 -10"><span class='ocrx_word' id='word_1_751' title='bbox 1629 4664 1869 4723; x_wconf 74' lang='lat' dir='ltr'><strong>acceptu.</strong></span> <span class='ocrx_word' id='word_1_752' title='bbox 1894 4660 2075 4719; x_wconf 76' lang='grc' dir='ltr'><strong>(ΧΙΝΙ,</strong></span> <span class='ocrx_word' id='word_1_753' title='bbox 2094 4659 2164 4720; x_wconf 81' lang='grc'><strong>4.)</strong></span> <span class='ocrx_word' id='word_1_754' title='bbox 2186 4683 2246 4692; x_wconf 90' lang='grc'>-</span> <span class='ocrx_word' id='word_1_755' title='bbox 2272 4658 2322 4703; x_wconf 89' lang='lat' dir='ltr'><strong>L.</strong></span> <span class='ocrx_word' id='word_1_756' title='bbox 2346 4655 2397 4703; x_wconf 84' lang='grc'><strong>0.</strong></span> <span class='ocrx_word' id='word_1_757' title='bbox 2422 4668 2498 4715; x_wconf 82' lang='lat' dir='ltr'><strong>pr.</strong></span> <span class='ocrx_word' id='word_1_758' title='bbox 2522 4660 2578 4705; x_wconf 89' lang='lat' dir='ltr'><strong>D.</strong></span> <span class='ocrx_word' id='word_1_759' title='bbox 2607 4656 2653 4704; x_wconf 83' lang='lat' dir='ltr'><strong>si</strong></span> <span class='ocrx_word' id='word_1_760' title='bbox 2691 4668 2831 4706; x_wconf 78' lang='lat' dir='ltr'><strong>serv.</strong></span> <span class='ocrx_word' id='word_1_761' title='bbox 2856 4658 3004 4707; x_wconf 67' lang='lat' dir='ltr'><strong>viad.</strong></span> 
     </span>
     <span class='ocr_line' id='line_1_79' title="bbox 1629 4718 3008 4786; baseline -0.003 -11"><span class='ocrx_word' id='word_1_762' title='bbox 1629 4724 1937 4786; x_wconf 74' lang='lat' dir='ltr'><strong>(Westplmc</strong></span> <span class='ocrx_word' id='word_1_763' title='bbox 1952 4721 1980 4776; x_wconf 78' lang='lat' dir='ltr'>S</span> <span class='ocrx_word' id='word_1_764' title='bbox 1999 4719 2110 4770; x_wconf 87' lang='grc'><strong>500.</strong></span> <span class='ocrx_word' id='word_1_765' title='bbox 2142 4725 2246 4770; x_wconf 84' lang='lat' dir='ltr'><strong>not.</strong></span> <span class='ocrx_word' id='word_1_766' title='bbox 2269 4718 2382 4778; x_wconf 77' lang='grc'><strong>503,</strong></span> <span class='ocrx_word' id='word_1_767' title='bbox 2418 4721 2487 4775; x_wconf 84' lang='lat' dir='ltr'><strong>a.)</strong></span> <span class='ocrx_word' id='word_1_768' title='bbox 2512 4744 2574 4753; x_wconf 90' lang='lat'><strong>—</strong></span> <span class='ocrx_word' id='word_1_769' title='bbox 2594 4720 2648 4766; x_wconf 90' lang='lat' dir='ltr'><strong>L.</strong></span> <span class='ocrx_word' id='word_1_770' title='bbox 2669 4718 2719 4767; x_wconf 74' lang='lat'><strong>2.</strong></span> <span class='ocrx_word' id='word_1_771' title='bbox 2746 4722 2802 4769; x_wconf 90' lang='lat' dir='ltr'><strong>D.</strong></span> <span class='ocrx_word' id='word_1_772' title='bbox 2823 4733 3008 4780; x_wconf 76' lang='lat' dir='ltr'><strong>quem-</strong></span> 
     </span>
    </p>

    <p class='ocr_par' dir='ltr' id='par_1_22' title="bbox 1642 4783 3006 4838">
     <span class='ocr_line' id='line_1_80' title="bbox 1642 4783 3006 4838; baseline -0.005 0"><span class='ocrx_word' id='word_1_773' title='bbox 1642 4789 1785 4838; x_wconf 78' lang='lat' dir='ltr'><strong>adm.</strong></span> <span class='ocrx_word' id='word_1_774' title='bbox 1809 4798 1951 4836; x_wconf 84' lang='lat' dir='ltr'><strong>serv.</strong></span> <span class='ocrx_word' id='word_1_775' title='bbox 1976 4795 2083 4833; x_wconf 74' lang='lat' dir='ltr'><strong>mn.</strong></span> <span class='ocrx_word' id='word_1_776' title='bbox 2106 4811 2168 4820; x_wconf 91' lang='lat'>—</span> <span class='ocrx_word' id='word_1_777' title='bbox 2197 4783 2476 4830; x_wconf 72' lang='lat' dir='ltr'><strong>d’Aveaean</strong></span> <span class='ocrx_word' id='word_1_778' title='bbox 2522 4794 2647 4830; x_wconf 76' lang='lat' dir='ltr'><strong>serv.</strong></span> <span class='ocrx_word' id='word_1_779' title='bbox 2685 4783 2772 4830; x_wconf 83' lang='lat' dir='ltr'><strong>lib.</strong></span> <span class='ocrx_word' id='word_1_780' title='bbox 2819 4785 2872 4833; x_wconf 86' lang='lat' dir='ltr'><strong>P.</strong></span> <span class='ocrx_word' id='word_1_781' title='bbox 2922 4787 3006 4832; x_wconf 89' lang='grc'><strong>111.</strong></span> 
     </span>
    </p>
   </div>
   <div class='ocr_carea' id='block_1_12' title="bbox 218 4834 2999 4919">
    <p class='ocr_par' dir='ltr' id='par_1_23' title="bbox 218 4834 2999 4919">
     <span class='ocr_line' id='line_1_81' title="bbox 218 4834 2999 4919; baseline -0.005 -12"><span class='ocrx_word' id='word_1_782' title='bbox 218 4863 308 4908; x_wconf 65' lang='lat' dir='ltr'><strong>-L</strong></span> <span class='ocrx_word' id='word_1_783' title='bbox 329 4862 407 4910; x_wconf 82' lang='grc'><strong>17.</strong></span> <span class='ocrx_word' id='word_1_784' title='bbox 433 4867 460 4919; x_wconf 84' lang='grc' dir='ltr'>ς</span> <span class='ocrx_word' id='word_1_785' title='bbox 480 4865 531 4909; x_wconf 77' lang='lat'><strong>2.</strong></span> <span class='ocrx_word' id='word_1_786' title='bbox 560 4866 617 4911; x_wconf 87' lang='lat' dir='ltr'><strong>D.</strong></span> <span class='ocrx_word' id='word_1_787' title='bbox 644 4863 702 4910; x_wconf 77' lang='lat' dir='ltr'><strong>si</strong></span> <span class='ocrx_word' id='word_1_788' title='bbox 723 4872 866 4909; x_wconf 78' lang='lat' dir='ltr'><strong>serv.</strong></span> <span class='ocrx_word' id='word_1_789' title='bbox 890 4860 1036 4909; x_wconf 75' lang='lat' dir='ltr'><strong>vind.</strong></span> <span class='ocrx_word' id='word_1_790' title='bbox 1069 4885 1130 4893; x_wconf 91' lang='lat'>—</span> <span class='ocrx_word' id='word_1_791' title='bbox 1152 4857 1301 4909; x_wconf 69' lang='lat' dir='ltr'><strong>ms.</strong></span> <span class='ocrx_word' id='word_1_792' title='bbox 1320 4861 1347 4914; x_wconf 80' lang='grc' dir='ltr'>ς</span> <span class='ocrx_word' id='word_1_793' title='bbox 1367 4855 1415 4905; x_wconf 85' lang='grc'><strong>4.</strong></span> <span class='ocrx_word' id='word_1_794' title='bbox 1434 4857 1489 4903; x_wconf 85' lang='lat' dir='ltr'><strong>C.</strong></span> <span class='ocrx_word' id='word_1_795' title='bbox 1510 4856 1579 4902; x_wconf 81' lang='lat' dir='ltr'><strong>de</strong></span> <span class='ocrx_word' id='word_1_796' title='bbox 1642 4866 1686 4901; x_wconf 83' lang='lat' dir='ltr'><strong>e.</strong></span> <span class='ocrx_word' id='word_1_797' title='bbox 1712 4849 1790 4899; x_wconf 76' lang='grc'><strong>18.</strong></span> <span class='ocrx_word' id='word_1_798' title='bbox 1815 4863 1863 4911; x_wconf 90' lang='lat' dir='ltr'><strong>p.</strong></span> <span class='ocrx_word' id='word_1_799' title='bbox 1888 4860 1958 4897; x_wconf 88' lang='lat' dir='ltr'><strong>m.</strong></span> <span class='ocrx_word' id='word_1_800' title='bbox 1987 4845 2097 4897; x_wconf 83' lang='grc'><strong>105.</strong></span> <span class='ocrx_word' id='word_1_801' title='bbox 2121 4850 2139 4907; x_wconf 90' lang='grc'><strong>)</strong></span> <span class='ocrx_word' id='word_1_802' title='bbox 2163 4872 2223 4882; x_wconf 88' lang='grc'>-</span> <span class='ocrx_word' id='word_1_803' title='bbox 2245 4846 2413 4895; x_wconf 79' lang='lat' dir='ltr'><strong>Vinn.</strong></span> <span class='ocrx_word' id='word_1_804' title='bbox 2434 4846 2472 4892; x_wconf 85' lang='grc'><strong>1.</strong></span> <span class='ocrx_word' id='word_1_805' title='bbox 2493 4847 2530 4894; x_wconf 93' lang='grc'><strong>1.</strong></span> <span class='ocrx_word' id='word_1_806' title='bbox 2557 4834 2634 4893; x_wconf 53' lang='grc' dir='ltr'><strong>ιθ</strong></span> <span class='ocrx_word' id='word_1_807' title='bbox 2656 4843 2705 4894; x_wconf 86' lang='grc'><strong>0.</strong></span> <span class='ocrx_word' id='word_1_808' title='bbox 2749 4850 2798 4893; x_wconf 85' lang='lat' dir='ltr'><strong>et</strong></span> <span class='ocrx_word' id='word_1_809' title='bbox 2832 4849 2999 4906; x_wconf 84' lang='lat' dir='ltr'><strong>script.</strong></span> 
     </span>
    </p>
   </div>
   <div class='ocr_carea' id='block_1_13' title="bbox 215 4918 1575 4983">
    <p class='ocr_par' dir='ltr' id='par_1_24' title="bbox 215 4918 1575 4983">
     <span class='ocr_line' id='line_1_82' title="bbox 215 4918 1575 4983; baseline -0.006 -12"><span class='ocrx_word' id='word_1_810' title='bbox 215 4924 355 4978; x_wconf 57' lang='lat' dir='ltr'><strong>lew.</strong></span> <span class='ocrx_word' id='word_1_811' title='bbox 372 4925 711 4983; x_wconf 52' lang='lat' dir='ltr'><strong>prima-1...</strong></span> <span class='ocrx_word' id='word_1_812' title='bbox 733 4922 784 4973; x_wconf 83' lang='lat'><strong>8.</strong></span> <span class='ocrx_word' id='word_1_813' title='bbox 808 4924 835 4978; x_wconf 74' lang='lat' dir='ltr'>S</span> <span class='ocrx_word' id='word_1_814' title='bbox 860 4920 908 4970; x_wconf 79' lang='lat'><strong>5.</strong></span> <span class='ocrx_word' id='word_1_815' title='bbox 931 4929 980 4971; x_wconf 80' lang='lat' dir='ltr'><strong>et</strong></span> <span class='ocrx_word' id='word_1_816' title='bbox 1000 4921 1051 4973; x_wconf 89' lang='grc'><strong>7.</strong></span> <span class='ocrx_word' id='word_1_817' title='bbox 1075 4923 1193 4971; x_wconf 73' lang='lat' dir='ltr'><strong>eod.</strong></span> <span class='ocrx_word' id='word_1_818' title='bbox 1220 4947 1281 4958; x_wconf 89' lang='lat'>—</span> <span class='ocrx_word' id='word_1_819' title='bbox 1302 4923 1356 4968; x_wconf 82' lang='lat'><strong>1..</strong></span> <span class='ocrx_word' id='word_1_820' title='bbox 1377 4918 1456 4967; x_wconf 87' lang='grc'><strong>17.</strong></span> <span class='ocrx_word' id='word_1_821' title='bbox 1481 4919 1508 4972; x_wconf 75' lang='lat' dir='ltr'>S</span> <span class='ocrx_word' id='word_1_822' title='bbox 1528 4919 1575 4964; x_wconf 85' lang='grc'><strong>1.</strong></span> 
     </span>
    </p>
   </div>
   <div class='ocr_carea' id='block_1_14' title="bbox 1642 4912 2682 5068">
    <p class='ocr_par' dir='ltr' id='par_1_25' title="bbox 1642 4912 2682 5068">
     <span class='ocr_line' id='line_1_83' title="bbox 1642 4912 2030 4972; baseline -0.015 -10"><span class='ocrx_word' id='word_1_823' title='bbox 1642 4920 1745 4963; x_wconf 79' lang='lat' dir='ltr'><strong>not.</strong></span> <span class='ocrx_word' id='word_1_824' title='bbox 1768 4926 1872 4972; x_wconf 78' lang='lat' dir='ltr'><strong>seq,</strong></span> <span class='ocrx_word' id='word_1_825' title='bbox 1896 4912 2030 4959; x_wconf 82' lang='lat' dir='ltr'><strong>laud.</strong></span> 
     </span>
     <span class='ocr_line' id='line_1_84' title="bbox 2601 5012 2682 5068; baseline 0 0"><span class='ocrx_word' id='word_1_826' title='bbox 2601 5012 2682 5068; x_wconf 82' lang='lat'><strong>55</strong></span> 
     </span>
    </p>
   </div>
  </div>
 </body>
</html>
