3544 5506
1178 302 1313 346 car.
1355 306 1423 348 ιι.
1464 306 1544 348 nn
1578 305 1807 350 aaran
1843 307 2198 353 roms-An.
2876 328 2887 350 ·
2972 307 3084 364 5225

258 412 456 471 habet
472 411 1088 471 administrationem
1110 410 1157 488 (S
1167 427 1302 487 seq.
1330 413 1459 488 11.).
1484 417 1718 492 Quodsi
1743 419 2177 478 condemnato
2197 421 2324 480 filio
2342 424 2468 484 tale
2487 439 2617 484 non
2636 426 2717 485 sit
2730 427 3079 502 peculium,

258 508 436 581 quod
457 508 650 580 pleno
669 507 819 581 ,iure
846 510 929 567 ad
952 524 1100 567 eum
1130 506 1450 580 pertineat
1467 555 1483 584 ,
1510 514 1686 571 velut
1715 522 2042 573 castrense
2065 522 2131 574 et
2160 514 2340 589 quasi
2365 526 2692 580 castrense
2709 563 2727 590 ‚
2760 530 2898 582 tum
2928 541 3083 586 vero

260 603 842 661 extraordinarium
874 605 1328 671 adventitium,
1379 608 1555 679 quod
1607 604 1865 681 quidem
1923 610 2056 681 ipse
2092 609 2496 673 administret
2522 612 2604 689 ²),
2637 618 2729 675 rei
2751 618 3082 691 judicatae

258 699 430 757 actio
457 694 522 756 in
576 699 636 755 id
681 704 931 771 tempus
977 696 1330 760 differenda
1372 708 1506 772 est,
1540 718 1671 775 quo
1703 699 1913 776 patria
1955 712 2275 776 potestate
2317 709 2624 769 liberatus
2667 713 2791 770 erit
2814 715 2977 774 fliius
3005 714 3081 792 ³).

259 800 478 869 Neque
502 811 658 855 vero
689 799 774 855 ob
804 794 1002 871 patris
1032 801 1133 857 vel
1160 795 1445 859 officium
1468 803 1571 860 vel
1591 802 2047 874 obligationem
2059 802 2543 866 conveniuntur
2573 811 2791 881 liberi,
2830 814 2947 871 nisi
2973 823 3085 873 aut

257 907 335 951 ex
365 908 560 951 causa
588 888 998 968 primipilari,
1027 900 1141 951 aut
1161 901 1480 967 quatenus
1510 897 1782 956 heredes
1814 898 2171 957 exstiterint
2197 902 2362 974 patri
2397 899 2467 977 ⁴).
2501 908 2788 977 Itemque
2815 923 2935 966 nec
2963 925 3082 981 pro

257 988 390 1047 filio
410 988 798 1059 obligabitur
824 996 1012 1061 pater
1034 987 1108 1062 ⁵).
1133 987 1209 1047 At
1246 991 1659 1050 nihilominus
1701 994 1956 1051 eveniet
1985 1009 2454 1068 saepenumero
2474 1042 2492 1068 ‚
2543 1006 2617 1056 ut
2663 996 2769 1058 filii
2822 1005 3082 1064 nomine

257 1085 580 1156 agendum
615 1077 696 1140 sit
725 1099 872 1142 cum
905 1092 1087 1157 patre
1113 1130 1129 1156 ,
1180 1087 1310 1144 sive
1339 1087 1519 1159 quasi
1550 1102 1700 1146 cum
1737 1083 2092 1148 liberorum
2124 1093 2364 1152 tuitore
2415 1108 2493 1152 ac
2536 1094 2903 1166 defensore,
2951 1100 3082 1160 sive

257 1181 454 1238 etiam
483 1179 659 1251 quod
687 1180 769 1236 ad
795 1180 1002 1251 ipsum
1042 1181 1369 1253 pertinere
1415 1181 1668 1240 videtur
1709 1179 2113 1255 obligationis
2161 1203 2404 1264 causa3
2454 1204 2622 1262 quae
2670 1193 2930 1263 quidem
2979 1209 3083 1255 res

258 1277 491 1351 efficit,
527 1285 602 1335 ut
647 1274 1009 1352 adjectitiae
1052 1280 1378 1352 qualitatis
1420 1281 1707 1341 actiones
1738 1279 1798 1358 (S
1823 1285 1967 1342 140.
1997 1280 2064 1341 in
2086 1284 2132 1343 s.
2163 1287 2490 1360 )habeant
2522 1289 2736 1348 locum
2774 1291 3080 1352 adversus

258 1383 510 1450 patrem
536 1372 607 1445 (SS
631 1376 862 1452 seqq.).

503 1578 529 1651 ς
550 1574 691 1633 572.
706 1575 769 1647 Ξ)
783 1572 1155 1651 Sinyulatim,
1180 1573 1242 1649 a)
1266 1572 1334 1633 ds
1352 1571 1671 1633 actionibus
1696 1572 1777 1632 ad
1791 1573 2146 1654 peculiorum
2167 1591 2401 1635 causam
2425 1575 2831 1654 spectantibus.

339 1749 481 1804 Jam
509 1762 661 1807 vero
690 1745 741 1822 1)
769 1750 1104 1809 castrensis
1136 1745 1370 1822 peculii
1421 1746 1681 1808 nomine
1727 1751 1908 1809 nullo
1953 1751 2149 1809 modo
2185 1765 2447 1809 necesse
2490 1749 2684 1810 habet
2729 1759 2918 1826 pater
2942 1797 2961 1826 ,
3008 1763 3082 1816 ut

258 1844 544 1905 actiones
568 1844 861 1920 excipiat,
879 1849 993 1906 sed
1016 1850 1151 1921 ipse
1170 1849 1294 1907 erit
1312 1849 1474 1906 filius
1494 1856 1560 1909 et
1586 1849 2063 1908 conveniendus
2087 1857 2152 1908 et
2175 1851 2725 1928 condemnandus,
2748 1859 3078 1925 tamquam

258 1940 354 1995 sui
379 1938 532 2017 juris
562 1943 754 2001 homo
785 1940 852 2016 ¹).
888 1947 1288 2020 Quamquam
1310 1951 1528 2003 autem
1554 1945 1851 2002 omnibus
1872 1944 2255 2003 filiifamilias
2269 1942 2698 2005 creditoribus
2716 1963 2753 2006 e
2769 1950 3081 2008 castrensi

258 2043 534 2110 pecunia
563 2039 1074 2102 satisfaciendum
1100 2044 1222 2102 erit
1243 2039 1284 2110 2)
1309 2088 1325 2114 ,
1358 2040 1626 2102 caeteris
1654 2050 1871 2103 tamen
1904 2050 2381 2116 postponuntur
2406 2087 2423 2114 ,
2458 2046 2566 2117 qui
2595 2047 2695 2103 vel
2724 2052 2876 2104 ante
2905 2033 3082 2105 debiss

262 2135 419 2197 toris
468 2138 755 2200 militiam
782 2143 1135 2201 creditores
1176 2142 1326 2202 sacti
1356 2150 1530 2214 sunt,
1564 2146 1664 2201 vel
1691 2146 1996 2202 adversus
2025 2151 2275 2216 patrem
2301 2146 2549 2215 agendo
2583 2141 2888 2218 consequi
2933 2163 3081 2220 pos-

257 2246 410 2296 sunt
429 2280 445 2307 ,
488 2244 661 2314 quod
688 2244 804 2301 sibi
827 2244 1101 2302 debetur
1127 2241 1195 2317 δ).
1231 2248 1445 2316 Neque
1473 2242 1870 2321 dubitamusj,
1896 2246 2049 2317 quin
2077 2240 2397 2317 simiiejus
2420 2246 2711 2303 obtinere
2753 2246 3075 2320 dicamus,

261 2350 392 2393 non
422 2339 615 2395 modo
644 2339 707 2395 in
739 2339 919 2411 quasi
952 2340 1260 2396 castrensi
1291 2340 1545 2411 peculio
1575 2340 1624 2412 (§
1652 2338 1822 2413 566.)
1845 2383 1861 2407 ,
1895 2341 2007 2396 sed
2038 2335 2231 2412 etiam
2258 2340 2320 2396 in
2352 2341 2701 2397 adventitio
2726 2342 3079 2398 extraordi-

259 2427 446 2489 nario
475 2427 567 2505 ⁴),
600 2434 950 2492 dummodo
994 2435 1127 2505 ipse
1179 2434 1318 2507 ejus
1362 2434 1979 2492 administrationem
2030 2433 2266 2491 babeat
2318 2435 2483 2491 filius
2526 2432 2603 2509 ⁵).
2653 2438 2724 2501 11)
2759 2438 2874 2492 Eas
2922 2451 3078 2495 vero

259 2527 545 2585 actiones
565 2545 731 2601 quae
762 2531 843 2587 ad
870 2525 1172 2587 ordinarii
1194 2535 1488 2602 spectant
1512 2530 1838 2587 adventitii
1873 2530 2102 2602 peculii
2128 2544 2387 2586 causam
2408 2527 2478 2605 ⁶),
2507 2532 2804 2602 excipere
2823 2546 3080 2590 necesse

259 2625 455 2684 habet
477 2634 680 2699 pater,
708 2642 903 2699 penes
919 2644 1108 2699 quem
1132 2635 1228 2686 est
1246 2629 1475 2701 peculii
1494 2624 1977 2697 administrati0‚
1998 2629 2239 2686 scilicet
2267 2624 2818 2686 consentientibus
2835 2629 3073 2702 liberis,

259 2718 608 2793 puberibus
650 2724 767 2782 illis
803 2739 880 2783 ac
928 2724 1368 2796 praesentibus
1402 2721 1473 2796 ⁷).
1526 2723 1866 2795 Simileque
1917 2728 2015 2780 est
2056 2722 2466 2794 adrogatoris
2509 2722 2787 2782 officium
2815 2767 2831 2795 ‚
2882 2720 3081 2783 filium

260 2820 643 2897 adrogatum
668 2824 971 2881 adversus
1007 2838 1236 2881 eorum
1259 2865 1277 2891 ‚
1309 2823 1418 2896 qui
1445 2824 1580 2897 jam
1609 2828 1760 2880 ante
1785 2822 2007 2895 capitis
2031 2823 2535 2880 deminutionem
2560 2820 2911 2880 creditores
2940 2823 3077 2896 ejus

260 2916 637 2990 exstiterint,
656 2916 993 2993 petitiones
1009 2921 1413 2993 defendendi,
1432 2937 1563 2994 quo
1588 2923 1848 2993 quidem
1866 2937 1995 2980 non
2011 2921 2199 2992 factu,
2226 2922 2615 2994 permittitur
2631 2917 3076 2997 creditoribus,

260 3013 432 3072 bona
464 3016 787 3087 possidere
809 3016 947 3090 ejus
977 3058 993 3086 ,
1019 3018 1128 3089 qui
1180 3018 1390 3089 capite
1422 3018 1789 3074 deminutus
1808 3023 1905 3074 est
1935 3057 1952 3085 ,
2007 3018 2089 3074 de
2125 3012 2371 3089 illisque
2405 3018 2687 3088 legitimo
2719 3015 2912 3075 modo
2950 3022 3080 3074 sta-

262 3120 451 3171 tuere
481 3112 556 3182 8).
590 3118 665 3171 At
689 3130 847 3173 vero
875 3114 978 3189 111)
1009 3114 1439 3189 profectitium
1471 3117 1645 3188 quod
1671 3116 1904 3174 attinet
1929 3112 2277 3191 peculium,
2306 3116 2385 3173 de
2414 3130 2493 3173 eo
2524 3117 2689 3174 actio
2717 3130 2843 3173 non
2873 3109 3080 3173 solum

264 3213 574 3271 adversus
614 3210 820 3286 ipsum
849 3216 1045 3272 datur
1076 3258 1093 3291 ,
1137 3217 1246 3288 qui
1274 3218 1340 3272 in
1369 3221 1688 3288 potestate
1721 3222 1819 3274 est
1839 3212 1909 3289 9),
1940 3230 2166 3272 verum
2197 3215 2389 3272 etiam
2411 3217 2674 3288 propria
2700 3215 2781 3273 de
2818 3214 3079 3286 peculio

260 3312 433 3370 actio
475 3320 848 3386 comparata
886 3320 981 3373 est
1025 3315 1091 3371 in
1136 3321 1388 3387 patrem
1426 3312 1521 3389 ¹⁰).
1564 3318 1646 3373 Ex
1689 3315 1982 3373 omnibus
2019 3320 2238 3371 autem
2282 3314 2488 3371 causis
2549 3313 2631 3370 de
2683 3311 2931 3385 peculio
2978 3311 3080 3383 agi

323 3499 385 3557 2)
407 3503 521 3549 vid.
545 3505 572 3559 ς
592 3515 697 3563 seq.
723 3515 801 3551 nr.
828 3506 865 3551 1.
889 3507 992 3549 not.
1015 3500 1157 3551 1-5.
1779 3499 1829 3558 2)
1851 3501 1901 3545 1..
1926 3497 2005 3546 17.
2029 3500 2083 3546 D.
2110 3499 2179 3545 de
2199 3502 2362 3545 castr.
2382 3510 2500 3556 pec.

325 3560 376 3621 3)
399 3567 450 3611 t..
471 3562 520 3612 5.
545 3577 618 3623 pr.
646 3567 699 3612 D.
715 3566 770 3613 Ιι.
798 3565 992 3621 hoilv,
1011 3563 1241 3621 5.).-1..
1262 3562 1379 3611 9.c.
1402 3563 1454 3611 Ιι.
1482 3568 1516 3611 t.
1543 3564 1647 3623 (lv,
1777 3562 1825 3618 ὅ)
1849 3562 1902 3607 1..
1926 3560 1973 3607 1.
1997 3565 2024 3618 s
2043 3560 2091 3607 9.
2120 3563 2173 3607 D.
2198 3561 2266 3607 de
2286 3563 2521 3617 separat.
2546 3559 2711 3615 (xm,
2735 3557 2806 3617 6.)
2838 3584 2899 3593 -
2932 3557 3077 3605 Frilz

263 3622 496 3682 eos-1..
522 3627 600 3673 1⁰.
624 3629 651 3682 S
671 3631 719 3674 2.
741 3628 798 3673 D.
822 3627 891 3674 de
908 3626 1118 3683 fideJ.—-
1143 3628 1195 3673 L.
1221 3628 1339 3674 21).
1362 3627 1415 3673 Ιι.
1444 3632 1483 3675 Ι.
1508 3627 1649 3687 (xlv,
1717 3624 1890 3671 Archiv
1914 3623 1950 3670 f.
1974 3623 2169 3670 civilist.
2191 3623 2359 3668 Praxis
2382 3623 2481 3668 xil.
2507 3623 2588 3668 ΝΡ.
2615 3621 2897 3670 ’wib—Cf.
2922 3622 2973 3668 t..
2997 3620 3074 3667 17.

263 3688 347 3745 2.)
366 3687 454 3745 (cf.
475 3700 620 3748 supra
644 3690 671 3743 ς
690 3687 802 3736 154.
824 3702 901 3735 nr.
926 3686 1018 3744 9.).
1565 3688 1568 3691 “
1713 3690 1741 3743 ς
1763 3685 1810 3732 1.
1852 3686 1902 3732 D.
1929 3684 1998 3731 de
2021 3686 2337 3731 testamento
2362 3683 2507 3731 milit.
2545 3684 2562 3740 (
2584 3683 2725 3729 XXlx
2746 3717 2762 3739 ‚
2785 3680 2831 3729 1.
2856 3687 2872 3741 )
2894 3684 2911 3742 (
2934 3683 3078 3729 Fritz

336 3746 386 3805 4)
408 3751 461 3795 1..
485 3746 535 3798 5.
576 3753 602 3806 ς
646 3749 723 3797 10.
770 3753 825 3797 1).
869 3750 936 3797 de
982 3760 1199 3809 aquoso.
1244 3754 1301 3797 et
1332 3752 1513 3798 alena.
1559 3748 1644 3796 lib.
1711 3760 1762 3807 p.
1787 3746 1902 3795 850.
1927 3752 2032 3793 not.
2056 3744 2127 3803 6.)

262 3810 433 3868 (xxv,
452 3813 522 3869 3.)
542 3837 601 3846 -
624 3813 676 3858 1..
702 3814 751 3860 2.
772 3818 822 3858 et
837 3810 886 3858 4.
913 3814 966 3859 C.
991 3824 1061 3859 ne
1073 3811 1223 3869 tilius
1234 3825 1337 3868 pro
1356 3818 1514 3871 patre
1525 3845 1542 3873 ‚
1563 3812 1654 3858 vet
1775 3807 1823 3868 4)
1851 3811 1957 3856 vid.
1980 3808 2121 3854 Frltz
2143 3808 2283 3854 Arcb.
2306 3807 2344 3853 f.
2365 3806 2455 3853 civ.
2480 3807 2559 3853 Pr.
2576 3808 2656 3853 xl.
2679 3819 2727 3866 p.
2744 3803 2825 3853 27.
2846 3805 3076 3861 §le-Cf.

256 3876 422 3929 pater
456 3885 558 3929 pro
592 3873 731 3934 filio,
778 3875 864 3920 vel
902 3873 1128 3921 libertus
1155 3885 1255 3930 pro
1273 3881 1506 3931 patrono
1555 3874 1645 3921 vet
1710 3872 1833 3918 ibid.
1858 3874 1883 3928 S
1908 3870 1985 3918 10.
2010 3871 2088 3915 11.
2117 3874 2165 3914 et
2185 3880 2334 3928 supra
2353 3873 2454 3914 not.
2477 3866 2526 3914 ὅ.

261 3945 462 3981 servus
475 3948 577 3992 pro
597 3936 666 3982 do
721 3937 812 3983 ino
830 3937 1205 3983 conveniatur.
1226 3939 1327 3994 (lv,
1350 3909 1567 3992 13.)-1..
1588 3932 1635 3981 4.
1764 3932 1814 3989 5)
1835 3934 1975 3990 Quod
2011 3933 2062 3976 ni
2085 3931 2231 3977 habet
2246 3967 2260 3985 ,
2283 3942 2344 3976 ex
2367 3929 2559 3975 tutelari
2577 3929 2690 3984 jure
2712 3940 2789 3975 res
2810 3931 2904 3975 erit
2923 3931 3070 3976 aesti·
3098 3952 3109 3961 ι

262 3997 319 4042 C.
342 3995 412 4041 de
428 3997 642 4053 premipi
700 4030 711 4043 .
729 3996 1093 4055 (xli‚65.)—Ct¹.
1112 3999 1163 4044 C.
1185 4000 1315 4044 011.
1330 3998 1638 4053 deKamptz
1700 3997 1899 4041 manda.
1915 3994 1992 4040 Cf.
2016 4004 2162 4050 supra
2183 3995 2209 4048 S
2228 3989 2340 4039 569.
2365 3997 2579 4038 context.
2606 3992 2668 4036 ad
2690 3996 2798 4037 not.
2823 3993 2872 4037 2.

261 4069 448 4104 comm.
472 4060 533 4103 «le
555 4060 876 4106 fundamento
894 4066 944 4105 et
968 4054 1203 4105 limitibus
1233 4060 1547 4117 obligationis
1576 4059 1637 4104 ti·
1764 4053 1813 4112 6)
1826 4056 1987 4112 Quain
2004 4066 2057 4099 re
2078 4066 2136 4100 cx
2158 4065 2236 4112 eo,
2259 4052 2390 4111 quod
2412 4054 2475 4099 de
2494 4053 2747 4099 adventitii
2772 4052 2948 4124 peculii
2965 4051 3076 4106 jure

263 4119 432 4165 beror.
456 4122 518 4166 ad
542 4123 670 4167 iacta
690 4126 884 4179 parent.
911 4122 1217 4179 praestanda.
1235 4122 1398 4167 Goett.
1422 4120 1566 4167 1790.
1702 4129 1848 4176 supra
1869 4116 1908 4167 (S
1925 4114 2057 4173 568.)
2080 4116 2637 4173 disputavimus‚omnia
2660 4113 3073 4169 suntjudncanda.

330 4181 381 4238 5)
405 4182 456 4226 1..
481 4181 526 4228 1.
551 4188 602 4228 et
623 4183 670 4228 3.
694 4184 747 4229 C.
769 4184 1000 4239 nemius
1016 4194 1118 4237 pro
1131 4185 1293 4238 patre
1316 4184 1402 4227 rei.
1429 4206 1488 4216 -
1508 4186 1533 4238 ς
1553 4178 1632 4226 10.
1696 4180 1774 4225 Ct‘.
1826 4179 1967 4225 Fritz
2006 4177 2180 4223 Archiv
2202 4179 2282 4223 xt.
2322 4190 2372 4235 p.
2397 4174 2459 4222 28
2480 4188 2588 4236 sqq.
2620 4178 2647 4231 S
2666 4174 2697 4222 5
2718 4200 2778 4210 -
2796 4176 2846 4221 9.
2870 4181 2987 4233 etp.
3012 4173 3074 4222 37

261 4246 302 4292 1.
326 4246 398 4291 de
414 4248 584 4291 σοι-
606 4248 757 4301 Atque
777 4244 900 4290 baec
921 4245 1121 4302 quidem
1142 4255 1254 4289 vera
1276 4245 1405 4289 ratio
1426 4248 1500 4289 est
1514 4252 1635 4299 ‚cur
1697 4252 1807 4299 sqq.
1852 4238 1878 4290 S
1901 4237 2102 4286 12—16.

261 4319 356 4354 nec
397 4308 515 4351 olim
550 4312 689 4363 pater
731 4306 995 4363 adrogatur
1032 4307 1354 4363 obligationes
1392 4306 1635 4362 suscipere
1758 4299 1809 4359 7)
1852 4303 1901 4346 l..
1941 4302 1988 4345 1.
2025 4302 2078 4346 C.
2120 4298 2189 4345 de
2220 4299 2343 4346 bon.
2379 4301 2503 4345 mat.
2539 4299 2634 4355 (Vl
2657 4333 2672 4358 ‚
2695 4297 2817 4356 60.)
2853 4323 2909 4331 -
2950 4299 3001 4344 1..
3021 4295 3071 4343 8.

261 4378 463 4415 necesse
495 4368 698 4414 baberet
737 4368 842 4423 ejus
864 4401 879 4423 ‚
913 4368 1053 4423 cujus
1091 4372 1255 4414 tamen
1285 4369 1340 4411 in
1381 4367 1508 4412 bona
1550 4377 1636 4424 per
1698 4363 1724 4417 S
1755 4362 1804 4408 ὅ.
1839 4364 1892 4408 C.
1928 4362 1995 4408 de
2027 4361 2149 4408 bon.
2167 4394 2186 4422 ‚
2221 4373 2364 4418 quae
2399 4360 2487 4407 tib.
2522 4362 2624 4421 (Vi,
2653 4360 2764 4417 61.)
2798 4361 2883 4417 (cf.
2912 4361 2938 4415 S
2958 4357 3073 4407 568.

261 4431 640 4477 universitatem
685 4430 1006 4476 successisset.
1041 4429 1115 4475 Cf.
1154 4431 1181 4484 S
1219 4426 1331 4476 555.
1372 4434 1477 4483 not.
1507 4430 1554 4474 2.
1587 4432 1635 4473 et
1699 4430 1804 4471 not.
1825 4424 1918 4481 9.).

258 4495 417 4552 Sseq.
440 4497 546 4538 not.
567 4490 617 4537 8.
642 4486 800 4555 5561.
821 4503 899 4536 nr.
924 4489 973 4537 4.
1758 4485 1808 4544 8)
1842 4486 1867 4541 S
1896 4487 1948 4531 3.
2001 4484 2037 4531 1.
2073 4483 2140 4529 de
2175 4482 2427 4541 adquisit.
2477 4496 2581 4540 per
2620 4484 2868 4542 adr-oque.
2904 4506 2962 4515 —-
2996 4482 3071 4528 Cr.

828 4582 854 4636 g
894 4579 1006 4628 572,
1521 4552 1528 4559 ’
1695 4547 1960 4656 Ξο1184ἀ1ι]
2000 4547 2040 4593 1.
2096 4549 2147 4591 et
2200 4557 2347 4603 supra
2399 4548 2425 4600 S
2476 4544 2588 4592 555.
2646 4551 2750 4592 not.
2786 4547 2834 4591 2.
2892 4548 2918 4601 S
2962 4542 3074 4591 570.

330 4674 380 4731 1)
406 4677 459 4720 1..
487 4671 564 4745 18.
589 4675 616 4729 S
636 4671 685 4720 4.
707 4677 757 4720 et
779 4671 828 4720 5.
853 4674 908 4721 D.
934 4672 1006 4719 de
1027 4676 1195 4718 castr.
1208 4684 1329 4730 pec.
1348 4672 1634 4731 (Xle‚17.)
1758 4670 1809 4729 9)
1851 4673 1904 4717 1..
1945 4666 2025 4715 44.
2063 4670 2116 4714 D.
2161 4667 2229 4713 de
2257 4668 2434 4724 pecul.
2456 4669 2556 4724 (xv
2578 4703 2592 4725 ‚
2615 4669 2688 4738 1.).
2719 4690 2774 4701 —-—
2811 4668 2865 4715 1..
2887 4665 2970 4714 35.
2997 4679 3075 4737 pr.

260 4761 324 4772 —
363 4737 416 4783 1..
442 4737 490 4782 1.
516 4749 565 4783 m
588 4737 625 4781 1.
662 4737 715 4782 1..
742 4737 790 4781 2.
815 4738 872 4781 1).
894 4738 962 4783 de
981 4736 1109 4781 SCeo
1130 4735 1334 4782 Maced.
1361 4737 1522 4791 (xlv,
1545 4733 1634 4791 6.)
1699 4735 1756 4781 D.
1790 4734 1859 4780 de
1890 4743 2036 4788 proc.
2071 4731 2184 4790 (111,
2205 4728 2275 4787 ὅ.)
2312 4754 2368 4762 -
2405 4730 2458 4776 1..
2480 4727 2530 4776 ὅ.
2555 4733 2581 4787 S
2603 4727 2652 4778 4.
2678 4742 2729 4776 ιη
2747 4730 2868 4785 fil).
2888 4728 2955 4777 de
2980 4739 3069 4775 mt-

263 4824 324 4834 -
361 4799 442 4844 ef.
466 4800 520 4845 1..
545 4794 625 4845 17.
650 4810 727 4855 pr.
772 4800 826 4845 D.
859 4796 928 4846 de
949 4798 1112 4847 castr.
1133 4808 1253 4854 pec.
1309 4822 1351 4832 -
1384 4797 1577 4846 Frilzl.
1601 4800 1637 4845 Ι.
1703 4796 1946 4851 nor.'(lv‚
1975 4793 2045 4850 4.)

269 4862 296 4915 s
317 4862 365 4908 3.
384 4862 444 4906 ιι.
1769 4854 1848 4910 1ο)
1871 4857 1973 4914 Dig.
1998 4856 2117 4917 (xv,
2143 4855 2209 4913 1.)
2227 4852 2295 4903 de
2310 4851 2542 4912 peculio.
