3544 5506
472 294 587 353 696

477 424 675 482 menti
704 424 1023 496 scriptura
1045 420 1064 454 ¹
1092 420 1144 493 )‚
1173 422 1496 495 sequitur,
1533 429 1608 481 ut
1643 423 1961 497 posterius
2003 418 2327 481 testatoris
2344 422 2663 496 jndicium
2686 415 2913 492 utique
2953 418 3280 490 potentius

476 523 836 581 habendum
870 519 949 581 sit
986 522 1202 595 priore
1223 518 1312 597 ²).
1355 523 1597 594 Duplici
1628 529 1848 581 autem
1885 523 2085 582 modo
2114 524 2412 581 voluntas
2436 519 2766 579 testatoris
2803 519 3000 591 priori
3028 524 3283 576 coutra-

477 623 573 679 ria
592 630 802 695 potest
828 619 1164 692 significari
1189 641 1205 677 ε
1237 629 1352 680 aut
1386 638 1623 679 novum
1655 623 1997 681 condendo
2021 626 2476 680 testamentum
2497 662 2515 684 .
2547 626 2662 676 aut
2701 618 3072 691 simpliciter
3094 631 3280 676 revo-

477 721 686 778 cando
717 720 1260 790 retractandoque
1289 719 1570 791 priorem
1594 720 2018 777 voluntatem.
2050 722 2189 776 Jam
2220 731 2372 775 vero
2395 718 2453 788 1)
2487 715 2808 789 posterius
2831 719 3280 772 testamentum

476 834 606 876 non
637 820 821 877 aliter
847 818 1040 876 habet
1062 820 1290 891 prioris
1319 818 1582 878 tollendi
1617 818 1747 876 vim
1767 864 1783 889 ‚
1825 813 1942 877 nisi
1976 818 2125 889 ‚iure
2163 814 2513 890 perrectum
2544 821 2644 872 est
2676 821 2875 886 atque
2918 819 3136 870 ratum
3158 856 3176 875 .
3214 819 3285 869 ut

475 918 663 976 heres
692 933 768 976 ex
788 932 867 976 eo
896 917 1122 991 aliquis
1142 919 1415 977 existere
1443 919 1642 991 possit
1659 915 1682 952 ³
1702 918 1744 991 ).
1775 922 1998 990 Itaque
2026 913 2387 976 infirmandi
2417 921 2704 988 potestas
2729 928 2865 972 non
2908 913 3072 971 inest
3097 920 3286 970 testa-

472 1024 692 1076 mento
712 1060 728 1083 ‚
775 1018 876 1076 cui
915 1022 1027 1074 aut
1060 1032 1137 1075 ea
1180 1018 1448 1088 desunt,
1480 1019 1562 1075 de
1593 1018 1824 1090 quibus
1851 1015 1876 1087 S
1906 1019 2055 1077 767.
2093 1016 2502 1089 exposuimus
2532 1012 2608 1085 ⁴),
2639 1020 2754 1072 aut
2776 1014 2954 1087 quod
2977 1028 3110 1070 non
3136 1013 3285 1085 jure

474 1115 801 1175 conditum
833 1122 928 1173 est
947 1112 1002 1180 ⁵)
1024 1158 1040 1181 ,
1062 1122 1174 1173 aut
1196 1117 1445 1174 nullum
1478 1123 1746 1190 propter
1766 1115 1863 1175 sui
1889 1117 2143 1175 heredis
2170 1114 2692 1188 praeteritionem
2709 1110 2763 1177 ⁶>
2782 1157 2798 1180 ‚
2828 1119 3282 1186 praeterquam

475 1211 648 1284 quod
675 1207 850 1283 prius
876 1217 1331 1270 testamentum
1351 1212 1499 1286 Jure
1527 1212 1885 1285 perrectum
1907 1257 1923 1282 ‚
1953 1228 2085 1285 quo
2115 1212 2539 1271 exheredatus
2570 1216 2666 1268 est
2689 1206 2852 1268 filius
2870 1252 2887 1276 ‚
2926 1223 3050 1279 per
3079 1214 3286 1284 poste-

474 1303 607 1365 rius
628 1350 644 1374 ,
672 1307 733 1363 in
762 1321 891 1378 quo
916 1305 1084 1364 idem
1108 1313 1204 1365 est
1224 1309 1610 1381 praeteritus
1634 1352 1650 1380 ,
1683 1310 1784 1366 cui
1809 1315 2024 1367 tamen
2051 1307 2334 1381 alioquin
2375 1302 2527 1364 nihii
2559 1306 2742 1365 deest
2766 1349 2782 1372 ‚
2812 1311 3085 1364 eatenus
3114 1320 3288 1362 rum·

474 1398 651 1475 pitur
669 1446 685 1469 ,
726 1408 799 1458 ut
845 1408 1075 1461 contra
1119 1404 1507 1474 posteriores
1558 1405 1814 1462 tabulas
1863 1405 2184 1463 bonorum
2232 1402 2702 1477 possessionem
2749 1403 3048 1473 accipere
3098 1402 3293 1473 possit

483 1500 872 1571 praeteritus
903 1495 1103 1555 lilius⁷
1127 1496 1166 1570 ).
1204 1502 1327 1558 Nec
1356 1514 1434 1557 eo
1462 1495 1827 1559 infirmatur
1854 1502 2189 1574 rumpendi
2229 1496 2321 1559 vis
2343 1542 2360 1567 .
2391 1501 2566 1584 quod
2593 1505 2706 1557 aut
2741 1499 3115 1556 destituitur
3167 1514 3285 1570 po-

476 1598 704 1656 sterius
733 1595 1257 1670 testamentum.⁸)
1276 1642 1293 1668 ,
1323 1606 1435 1656 aut
1464 1596 1749 1659 conditio
1784 1616 1913 1659 non
1962 1602 2201 1661 exstitit
2221 1600 2472 1659 heredis
2493 1600 2874 1658 institutioni
2930 1599 3248 1671 adscripta
3267 1640 3284 1664 .

477 1693 596 1752 nisi
621 1694 874 1765 quaein
901 1709 1203 1765 praesens
1226 1695 1304 1751 sit
1330 1695 1568 1753 collata
1594 1699 1692 1753 vel
1718 1697 1781 1753 in
1807 1699 2271 1770 praeteritum⁹
2289 1695 2331 1768 ).
2357 1694 2603 1754 Rursus
2633 1701 2854 1753 autem
2885 1695 3021 1752 fieri
3054 1701 3286 1767 potest.

475 1796 547 1847 ut
573 1784 803 1863 prioris
826 1786 1189 1847 testamenti
1212 1791 1317 1864 jus
1346 1798 1788 1869 conservetur.
1816 1794 2102 1864 quamvis
2126 1788 2444 1865 posterius
2469 1792 2591 1848 rite
2616 1790 2952 1849 conditum
2971 1786 3053 1847 sit
3069 1833 3086 1861 ‚
3116 1790 3291 1848 velut

480 1903 628 1947 cum
659 1889 1046 1960 posteriores
1073 1889 1328 1947 tabulas
1350 1891 1583 1949 delevit
1606 1898 1898 1959 testator.
1927 1898 2001 1951 ut
2024 1893 2270 1966 priores
2295 1906 2595 1964 suprema
2620 1892 3018 1963 relinqueret
3033 1886 3086 1925 ¹⁰
3103 1888 3122 1961 )
3138 1933 3156 1957 ‚
3182 1895 3292 1946 aut

477 2004 710 2047 errore
752 1995 1112 2047 commotus
1146 1995 1607 2049 testamentum
1641 1990 1968 2050 mutavit¹¹
1996 1991 2052 2065 ).
2098 1999 2213 2049 aut
2251 1992 2314 2047 in
2359 1989 2720 2062 posteriore
2765 1994 3190 2061 testamento,
3223 1995 3293 2045 ut

478 2083 653 2155 prius
683 2098 941 2156 quoque
982 2079 1255 2152 valeret,
1290 2088 1656 2159 praecepit:
1693 2104 1824 2159 quo
1870 2087 2075 2157 sacto,
2131 2102 2300 2160 quae
2339 2087 2424 2143 ibi
2467 2086 2705 2157 scripta
2749 2092 2937 2156 sunt,
2986 2085 3050 2142 in
3093 2100 3282 2143 causa

477 2176 941 2237 fideicommissi
970 2176 1281 2255 erunt¹²);
1311 2182 1416 2239 cui
1442 2182 1657 2240 similis
1685 2190 1782 2241 est
1820 2199 2046 2249 causa.
2075 2199 2222 2242 cum
2263 2183 2326 2239 in
2356 2183 2642 2241 secundo
2671 2187 3066 2239 testamento
3090 2187 3288 2238 certa·

479 2294 625 2337 rum
647 2284 897 2337 tantum
919 2295 1260 2338 causarum
1287 2282 1475 2340 heres
1506 2282 1782 2356 scriptus
1812 2282 2022 2351 est¹⁸).
2057 2279 2291 2361 Quodsi
2311 2285 2444 2342 duo
2470 2289 2861 2341 testamenta
2884 2283 3117 2339 eodem
3139 2288 3286 2339 tem-

481 2393 643 2452 pore
667 2385 840 2449 sunt,
859 2395 936 2438 ex
955 2386 1236 2455 utroque
1257 2382 1439 2454 quasi
1462 2397 1540 2442 ex
1564 2399 1698 2443 uno
1712 2385 2077 2445 succeditur
2095 2380 2190 2458 ¹⁴).
2216 2388 2417 2457 Atque
2440 2380 2755 2455 11)utjam
2773 2383 2857 2440 de
2884 2382 3118 2455 altero,
3139 2395 3285 2439 con·

1187 307 1339 349 puts
1375 306 1535 350 svm.
1574 306 1692 350 Lm.
1732 306 1798 348 V·
1839 307 1917 349 1>ss
1951 305 2380 350 tumnultu
2418 305 2594 348 sm.

1072 2584 1100 2639 S
1130 2579 1244 2630 780.

545 2705 591 2762 1)
612 2705 664 2750 1..
686 2703 768 2749 22.
793 2715 868 2762 pr.
890 2704 958 2750 de
980 2706 1074 2766 leq.
1093 2709 1294 2756 itt—l..
1317 2705 1365 2755 4.
1388 2707 1437 2753 in
1463 2710 1500 2757 t‘.
1522 2711 1576 2759 D.
1596 2711 1665 2759 de
1686 2712 1846 2763 adim.

480 2767 580 2825 leq.
600 2768 825 2824 (XXXIV,
847 2764 916 2824 4.)
940 2793 998 2801 -
1036 2770 1145 2822 CLS
1170 2771 1281 2818 653.
1303 2772 1353 2816 in
1378 2771 1416 2818 f.
1436 2777 1485 2818 ct
1507 2773 1572 2819 ib.
1596 2780 1698 2821 not.
1723 2775 1772 2822 5.
1790 2802 1846 2810 —

481 2829 732 2877 Auctoris
749 2828 947 2876 contin.
969 2832 1213 2880 xxxviii.
1238 2846 1287 2892 p.
1313 2830 1405 2879 169
1424 2847 1531 2892 sqq.
1555 2861 1615 2870 -—
1634 2840 1700 2884 De
1722 2839 1850 2885 rcci-

482 2892 616 2948 proci
642 2893 919 2937 testamenti
960 2898 1216 2942 revocandi
1259 2900 1498 2953 potestate
1520 2899 1623 2945 vid.
1648 2902 1851 2957 ίαν-σει·

480 2954 610 2998 med.
636 2955 694 2999 ad
714 2955 865 3000 Pand.
885 2965 955 3010 sp.
976 2954 1085 3002 559.
1104 2969 1167 3004 m.
1181 2957 1228 3005 4.
1250 2964 1299 3003 et
1321 2959 1520 3005 Mulier
1539 2964 1601 3007 ad
1626 2965 1847 3018 [Αἴνιον.

1912 2587 1991 2636 13.
2007 2613 2064 2622 -·-
2089 2588 2210 2635 Add.
2238 2587 2425 2636 Butler-i
2443 2585 2683 2644 scriptum
2703 2583 2771 2630 ibi
2796 2584 2934 2631 laud.
2960 2584 2988 2637 ς
3004 2578 3210 2629 72-78.
3233 2604 3287 2614 -

1910 2654 1984 2699 cf.
2008 2652 2200 2707 etiams
2222 2650 2334 2698 689.
2356 2663 2432 2698 nr.
2450 2647 2499 2695 ὅ.
2524 2656 2574 2694 et
2598 2649 2662 2693 ib.
2691 2653 2797 2692 not.
2821 2644 2872 2691 3.
2909 2669 2968 2678 —-
3004 2644 3228 2692 schotti.
3252 2647 3284 2690 Ι.

1914 2726 1963 2773 p.
1986 2712 2049 2762 64
2069 2727 2142 2773 sq.
2168 2719 2217 2760 et
2241 2711 2488 2762 Auctoris
2521 2711 2707 2757 contin.
2755 2721 2804 2767 p.
2844 2705 2941 2755 365
2975 2732 3035 2741 -
3068 2706 3196 2763 402.)
3232 2728 3282 2738 -

1914 2779 2171 2824 Praeterea
2196 2778 2426 2834 singulari
2459 2776 2569 2828 jure
2587 2774 2786 2829 nititur,
2809 2773 2944 2828 quod
2970 2772 3020 2816 Ι..
3047 2771 3199 2841 2020.
3220 2768 3286 2815 de

1915 2843 2214 2887 testantem.
2243 2839 2335 2895 (VI
2359 2873 2375 2892 ,
2407 2839 2486 2885 23.
2512 2838 2528 2890 )
2565 2836 2892 2882 constitutum
2915 2838 2991 2878 est
3019 2848 3032 2877 ε
3060 2839 3284 2890 scriptum

1913 2908 2257 2947 testamentum
2283 2901 2548 2959 posteriore
2572 2932 2586 2950 .
2607 2909 2715 2955 quo
2734 2894 2950 2969 quidem
2985 2896 3283 2966 imper-olor,

1914 2965 2005 3011 ve!
2034 2965 2171 3011 allus
2187 2965 2475 3022 potentior,
2521 2961 2680 3007 lter-es
2722 2959 3045 3017 Inserantur,
3073 2959 3174 3002 tolli
3194 2968 3288 3001 non

481 3015 588 3061 obs.
639 3013 751 3063 652.
788 3041 843 3049 -
896 3018 974 3063 W
973 3019 1172 3065 emher-
1213 3020 1391 3070 lectiss.
1436 3031 1704 3070 comment.
1746 3026 1850 3072 Lib.

481 3078 689 3122 xxvttt.
713 3079 808 3124 Tit.
833 3078 881 3127 ὅ.
906 3080 931 3134 S
954 3079 1479 3138 10.—Bynkersloeoek
1499 3097 1584 3143 qu.
1607 3086 1703 3140 iur.
1728 3093 1853 3143 priv.

481 3139 563 3186 III.
587 3151 629 3186 c.
651 3138 700 3187 7.
726 3142 775 3186 in
794 3141 828 3187 t'.
867 3166 926 3174 -
961 3145 1211 3192 Auctoris
1228 3144 1415 3193 contin.
1438 3158 1487 3206 p.
1509 3145 1853 3197 ale—250.—

483 3201 592 3247 vid.
617 3205 665 3246 et
687 3214 829 3260 supra
866 3206 890 3259 S
911 3202 1023 3251 664,
1041 3205 1090 3251 in
1109 3206 1145 3251 f.

546 3263 592 3319 2)
612 3265 637 3318 S
659 3263 706 3310 2.
731 3267 769 3310 Ι.-
790 3266 931 3322 quib.
955 3267 1092 3313 mod.
1115 3271 1233 3316 test.
1257 3269 1576 3325 Infirm.-L.
1596 3269 1677 3319 27.
1702 3275 1755 3320 C.
1783 3275 1855 3320 de

485 3328 604 3372 lese.
626 3326 725 3382 (vt,
750 3327 851 3386 23.)
874 3329 1020 3375 vet-b.
1040 3343 1062 3375 .·
1090 3348 1113 3372 α
1131 3331 1212 3377 Sin
1232 3339 1584 3378 autem————
1607 3333 1717 3390 ipso
1728 3339 1858 3391 jure

476 3387 636 3443 prius
655 3389 857 3436 tollma-
877 3393 1243 3439 testamentum
1256 3413 1278 3434 n
1292 3419 1366 3441 .—-
1393 3397 1452 3441 At
1473 3394 1576 3443 fleri
1600 3400 1745 3444 etiam
1767 3410 1856 3456 po-

483 3454 611 3506 test,
634 3457 687 3495 ut
723 3454 1043 3510 explicandae
1066 3458 1335 3504 voluntatis
1358 3470 1501 3504 causa
1524 3462 1769 3507 testatoris
1790 3461 1857 3507 ad

482 3512 700 3569 priorem
724 3516 1012 3573 scripturam
1031 3518 1275 3564 redeatur.
1302 3546 1357 3554 —
1376 3522 1428 3566 L.
1453 3521 1532 3566 12.
1558 3522 1608 3566 in
1625 3522 1662 3569 t.
1699 3524 1751 3569 L.
1774 3521 1854 3569 14.

480 3572 627 3631 piade
648 3575 1073 3632 [effi—Quocum
1090 3580 1410 3635 conjunctum
1425 3587 1516 3637 est,
1535 3588 1587 3628 ut
1609 3596 1851 3631 nonnum-

484 3645 632 3693 quam
658 3638 718 3682 ad
742 3639 957 3685 tollenda
980 3653 1035 3686 ea
1059 3675 1072 3696 ,
1095 3653 1222 3699 quae
1267 3646 1399 3699 prius
1445 3647 1620 3703 scripta
1641 3652 1788 3702 sunt.
1809 3647 1857 3692 in

485 3699 758 3755 posteriorc
781 3702 1018 3759 scriptura
1041 3706 1307 3752 cassatoria
1330 3710 1566 3765 clausula,
1588 3714 1637 3752 ut
1660 3716 1855 3764 vocant,

482 3771 605 3817 opus
627 3760 707 3805 sit.
745 3787 801 3795 —
837 3765 910 3810 Cf.
931 3766 981 3810 1..
1005 3764 1084 3810 22.
1111 3778 1185 3823 pr.
1206 3769 1275 3813 de
1297 3770 1396 3828 leq.
1424 3770 1501 3814 ΙΙΙ.
1520 3795 1575 3803 -
1600 3770 1673 3817 Cf.
1698 3774 1724 3828 ς
1743 3771 1856 3820 653.

484 3827 585 3867 not.
606 3819 653 3867 4.
673 3826 722 3868 et
744 3827 995 3874 Auctoris
1013 3828 1199 3873 contin.
1219 3831 1253 3874 l.
1277 3830 1312 3877 l.
1336 3843 1383 3889 p.
1411 3829 1678 3878 170-208.

547 3881 596 3938 5)
613 3885 663 3929 1..
682 3887 729 3931 2.
756 3888 808 3932 D.
835 3887 890 3933 Ιι.
913 3893 951 3934 t.
975 3889 1198 3947 (xxvia,
1216 3892 1369 3949 5.).—
1391 3895 1417 3950 ς
1437 3892 1485 3938 2.
1507 3899 1556 3938 et
1575 3892 1625 3940 7.
1651 3898 1687 3941 1.
1708 3896 1852 3952 quib.

484 3957 554 3992 m.
576 3948 694 3994 test.
716 3946 912 4005 infirm.
938 3975 994 3984 —
1019 3952 1094 3997 Cl'.
1118 3953 1185 3997 A.
1209 3955 1266 3999 Γ.
1292 3953 1490 4001 schotti
1505 3964 1769 4005 comment.
1792 3959 1853 4004 ad

482 4009 693 4054 oration.
717 4012 982 4058 Pertinacis
1020 4014 1081 4059 de
1125 4017 1417 4063 testamento
1462 4021 1730 4075 posteriore
1762 4022 1857 4067 im-

483 4071 701 4127 perfecto
742 4075 875 4130 prius
917 4074 1186 4131 perfectum
1211 4076 1343 4123 haud
1365 4088 1622 4136 rumpente
1647 4083 1659 4129 l
1681 4094 1850 4140 opusc.

485 4143 533 4189 p.
556 4130 612 4177 41
638 4138 845 4191 sqq.).-
869 4138 1123 4183 Auctoris
1144 4142 1331 4186 contin.
1358 4144 1391 4187 l.
1412 4145 1445 4187 l.
1468 4144 1494 4198 ς
1522 4140 1660 4189 1450.
1687 4156 1735 4201 p.
1759 4143 1856 4192 535

483 4192 721 4240 -464.-
738 4198 1158 4251 Quemadmodum
1181 4206 1347 4249 aulem
1372 4203 1564 4251 heredis
1585 4207 1853 4253 institutio·

483 4267 570 4301 nes
591 4260 857 4314 posteriore
881 4265 1170 4306 testamento
1188 4262 1475 4322 imperfecto
1491 4278 1587 4313 non
1602 4270 1854 4325 perimun-

483 4323 594 4369 tur.
614 4320 680 4364 sic
704 4333 791 4366 nec
812 4323 966 4378 legata
992 4355 1006 4374 ,
1026 4335 1151 4379 quae
1188 4327 1384 4381 quidem
1419 4334 1711 4376 testamento
1743 4332 1854 4386 jnre

484 4379 700 4437 perfecto
723 4384 892 4428 relicta
911 4389 1045 4436 sunt.
1066 4386 1157 4430 nisi
1171 4397 1299 4444 quae
1317 4392 1607 4437 nominatim
1631 4392 1856 4440 adimun-

485 4447 678 4551 ²⁰⁷4'0{'
713 4445 768 4490 L.
793 4444 873 4490 18.
893 4445 962 4500 de
983 4447 1081 4505 leq.
1108 4447 1256 4494 III.—
1282 4452 1529 4500 Auctoris
1548 4456 1737 4502 contin.
1761 4459 1795 4503 l.
1821 4461 1853 4504 l.

547 4563 594 4614 4)
615 4567 690 4613 ct.
709 4569 761 4613 Ι..
789 4569 866 4614 11.
892 4569 947 4615 D.
971 4568 1023 4614 Ιι.
1048 4572 1084 4615 t.
1108 4570 1338 4627 (xxvnt,
1359 4572 1427 4633 ὅ.)
1447 4580 1534 4634 ets
1553 4573 1666 4624 797.

547 4627 596 4683 5)
640 4629 893 4676 Caeterum
936 4632 1093 4676 minus
1138 4631 1417 4682 solennibus
1461 4641 1763 4687 testamentis
1796 4654 1855 4690 ex

483 4691 904 4745 privilegiatorum
941 4705 1145 4740 numero
1187 4699 1474 4758 pierumque
1499 4703 1640 4748 inerit
1677 4705 1748 4749 vis
1780 4705 1856 4750 in-

483 4750 708 4796 firmandi
747 4754 761 4806 (
786 4754 836 4799 L.
857 4754 907 4800 2.
927 4756 983 4801 D.
1004 4755 1121 4802 eod.
1155 4780 1217 4791 -
1251 4761 1303 4805 1..
1327 4760 1406 4808 36.
1426 4764 1476 4809 in
1502 4765 1539 4810 f.
1564 4766 1618 4810 D.
1640 4764 1710 4811 de
1733 4768 1853 4813 test.

484 4810 671 4870 mitit.)
694 4846 709 4868 ‚
743 4823 1081 4874 praeterquam
1105 4820 1410 4879 privilegiato
1450 4831 1705 4882 parentum
1727 4829 1857 4875 inter

484 4875 661 4921 liberos
681 4879 1130 4926 testamenta—Cf.
1151 4879 1297 4937 5688.
1321 4889 1540 4935 context.
1566 4888 1627 4935 ad
1648 4894 1753 4937 not.
1770 4890 1826 4939 11
1842 4926 1854 4938 .

1917 3039 2074 3085 posse,
2094 3027 2188 3072 nisi
2212 3027 2305 3073 hoc
2324 3034 2518 3085 quoque
2539 3035 2600 3069 ex
2621 3023 2920 3078 scriptorum
2941 3031 3118 3078 genere
3135 3020 3211 3064 sit.
3234 3041 3284 3050 -

1919 3089 2176 3135 Marezoll
2191 3089 2424 3134 Zeitschr.
2465 3089 2562 3134 fur.
2604 3085 2768 3130 Civilr.
2793 3095 2844 3128 u.
2867 3085 3007 3129 Proc.
3024 3082 3104 3127 III.
3132 3094 3180 3140 p.
3199 3077 3289 3126 288

1919 3165 1942 3197 s
2015 3185 2026 3197 .
2065 3164 2136 3197 nr.
2161 3151 2250 3203 1.).

1944 3163 2027 3260 Ἥ)
2045 3154 2100 3260 (t.
2123 3212 2174 3260 7.
2203 3215 2259 3260 D.
2282 3212 2348 3259 de
2371 3211 2517 3258 tiber.
2539 3211 2594 3255 et
2609 3207 2790 3265 posui.
2814 3205 2834 3263 (
2854 3207 3044 3252 xxvttt
3069 3239 3084 3260 ,
3105 3203 3156 3250 2.
3183 3208 3198 3258 )
3229 3227 3285 3236 -

1920 3276 1971 3323 t..
1996 3274 2071 3321 16.
2096 3278 2122 3332 s
2143 3273 2190 3321 1.
2217 3278 2272 3322 D.
2293 3276 2360 3321 de
2383 3275 2447 3321 V.
2472 3277 2528 3320 ee
2545 3274 2607 3319 P.
2629 3273 2681 3318 S.
2706 3270 2938 3325 (XXVIII.
2957 3265 3290 3325 6.>—cf..au-

1919 3337 2080 3386 eloris
2099 3340 2288 3384 contin.
2313 3340 2348 3384 l.
2374 3339 2407 3384 l.
2428 3349 2477 3396 p.
2501 3331 2594 3382 445
2617 3345 2692 3390 sq.
2711 3333 2812 3389 (Nr.
2839 3327 2945 3391 lv.)

1981 3399 2029 3454 7)
2051 3402 2103 3446 1..
2128 3399 2209 3446 12.
2231 3402 2257 3456 ς
2280 3399 2325 3446 1.
2368 3401 2422 3445 n.
2454 3399 2522 3444 de
2540 3398 2601 3442 B.
2627 3397 2688 3442 Ρ.
2714 3405 2762 3441 c.
2789 3396 2826 3439 ι.
2849 3392 3076 3446 (xxxvii
3099 3426 3114 3444 ,
3134 3388 3200 3445 4.)
3230 3411 3290 3422 -

1919 3462 2071 3518 Quem
2103 3463 2305 3521 quidem
2329 3464 2487 3508 locum
2530 3470 2590 3504 eo
2631 3461 2856 3514 accipere
2874 3466 3019 3501 sensu
3040 3455 3156 3511 ,qui
3194 3463 3284 3497 noa

1920 3526 2229 3571 incommode
2249 3527 2293 3570 ei
2316 3523 2574 3570 conveniat
2597 3520 2614 3575 (
2635 3520 2704 3566 cf.
2743 3517 2899 3590 Koch
2922 3520 2973 3563 Β.
2999 3517 3050 3560 P.
3075 3529 3124 3574 p.
3141 3511 3284 3561 563-

1919 3585 2030 3633 422.
2053 3591 2100 3644 ),
2118 3587 2250 3633 haud
2270 3584 2583 3637 dubitamus(
2607 3583 2704 3628 vid.
2744 3592 2882 3626 emm
2909 3581 2950 3652 θς
2974 3575 3056 3624 66.
3085 3589 3159 3648 nr.
3179 3575 3222 3624 4.
3242 3580 3290 3620 et

1921 3651 1948 3706 S
1965 3647 2046 3696 67.
2054 3660 2086 3705 ),
2111 3651 2225 3694 licet
2244 3661 2301 3694 ex
2326 3650 2527 3702 pristina
2546 3646 2653 3701 ejus
2668 3643 2833 3688 indole
2858 3644 3002 3687 aliter
3023 3653 3123 3687 esse
3146 3645 3288 3684 mter·

1923 3713 2216 3769 pretandum
2251 3711 2452 3757 minime
2493 3718 2744 3765 negemus.
2769 3705 2786 3761 (
2809 3706 3062 3752 foer-ster
3086 3705 3133 3749 Β.
3152 3703 3203 3750 P.
3228 3699 3287 3746 ΙΙ.

1923 3774 1949 3827 S
1976 3772 2338 3830 iss—150.)—
2361 3773 2438 3819 Cf.
2460 3777 2508 3816 et
2529 3767 2782 3818 Auctoris
2800 3768 2991 3822 contin.
3016 3768 3048 3813 l.
3074 3767 3107 3811 l.
3130 3778 3179 3824 p.
3200 3759 3287 3810 447

1981 3897 2030 3955 8)
2052 3900 2076 3954 S
2096 3897 2145 3945 2.
2167 3898 2207 3945 1.
2231 3896 2376 3956 quib.
2402 3908 2471 3942 m.
2506 3897 2626 3941 test.
2654 3892 2854 3948 infirm.
2879 3892 2922 3946 (ς
2943 3893 3088 3949 seq.).

1978 3960 2029 4015 9)
2054 3965 2103 4008 l..
2128 3959 2209 4007 16.
2235 3962 2289 4006 D.
2315 3960 2368 4005 Ιι.
2391 3962 2430 4005 t.
2449 3952 2920 4013 (xxvlll.5.).—Cl'.
2947 3955 2974 4009 S
2994 3952 3104 4000 648.
3125 3946 3280 3996 noti.

1918 4025 1968 4067 et
1990 4024 2437 4071 Auctoriscontin.
2462 4023 2496 4067 l.
2518 4021 2551 4065 I.
2571 4031 2621 4076 p.
2645 4013 2919 4063 550—357.

1979 4085 2059 4144 10)
2084 4088 2133 4132 L.
2159 4084 2239 4132 11.
2282 4085 2307 4139 S
2330 4084 2377 4130 2.
2420 4085 2474 4129 D.
2497 4082 2565 4127 de
2588 4082 2647 4126 B.
2678 4080 2740 4125 P.
2762 4090 2871 4125 sec.
2907 4078 3018 4125 tab.
3038 4074 3277 4134 (xxxvii,

1918 4143 2336 4200 tta-Auctoris
2356 4145 2545 4192 contin.
2570 4156 2626 4200 p.
2647 4139 2921 4187 478-480.

1980 4211 2057 4268 11)
2083 4212 2133 4257 1..
2159 4208 2242 4256 92.
2268 4211 2320 4254 D.
2348 4209 2415 4255 de
2432 4207 2546 4253 lter.
2572 4206 2698 4250 inst.
2723 4202 2933 4252 (xxvtt.
2953 4199 3023 4258 5.)
3045 4192 3277 4258 (casm.

1917 4270 1969 4316 in
1989 4271 2383 4329 I.).—-Auceoris
2406 4269 2591 4316 contin.
2616 4279 2666 4325 p.
2686 4261 2966 4312 476-478.

1983 4334 2062 4392 12)
2089 4338 2138 4380 Ι..
2161 4333 2239 4381 ts.
2262 4336 2289 4389 s
2312 4333 2356 4380 1.
2383 4334 2434 4377 I).
2462 4331 2516 4377 Ιι.
2541 4333 2576 4376 t.
2603 4328 2831 4380 (xxvlll.
2853 4326 2945 4385 3.).
3243 4379 3254 4390 ,

1981 4396 2060 4444 15)
2080 4400 2106 4452 s
2129 4397 2226 4443 l.l.
2251 4395 2396 4453 quib.
2423 4394 2560 4439 mod.
2582 4393 2699 4437 test.
2728 4390 2927 4445 infirm.
2951 4412 3016 4422 —
3044 4387 3279 4434 Auctoris

1919 4461 2106 4506 contin.
2126 4472 2178 4518 p.
2204 4454 2480 4505 1172-476.

1983 4519 2061 4575 14)
2095 4523 2204 4578 Arg.
2250 4522 2300 4567 1..
2338 4521 2385 4565 1.
2428 4520 2454 4574 S
2483 4515 2532 4564 6.
2591 4516 2647 4562 D.
2703 4514 2772 4562 de
2816 4514 2878 4558 B.
2913 4515 2976 4560 P.
3017 4521 3122 4585 sec.
3172 4505 3263 4552 tab.

1922 4582 2167 4638 (XXXVII,
2187 4582 2287 4635 11.)
2308 4583 2394 4640 (cf.
2422 4582 2470 4626 t..
2499 4575 2607 4625 188.
2629 4588 2703 4635 pt·-
2729 4580 2782 4623 D.
2808 4575 2879 4620 de
2897 4586 3160 4652 req-yur„
3191 4576 3277 4624 qufl

1919 4648 2115 4703 quidem
2138 4650 2244 4692 loco
2266 4644 2424 4691 stricti
2442 4640 2760 4697 juris-regula
2785 4643 3116 4697 proponitur».
3135 4652 3189 4665 -
3208 4628 3272 4672 Cf·

1921 4708 2084 4754 Glziclt
2106 4708 2253 4752 Pand.
2289 4705 2503 4753 XXXIV.
2545 4718 2590 4763 p.
2614 4699 2711 4750 ⁴75
2735 4725 2794 4735 -
2817 4697 2931 4746 479.
2967 4705 3018 4745 et
3050 4697 3273 4743 Auctoris

1919 4772 2102 4815 contin.
2133 4771 2165 4816 l.
2191 4771 2223 4815 Ι.
2248 4781 2297 4826 p.
2316 4768 2416 4816 480
2437 4778 2545 4825 sqq.
2571 4768 2672 4816 (Μ.
2697 4765 2784 4821 4.).
2808 4785 2871 4797 --
2894 4762 3065 4832 [idem
3083 4763 3275 4802 statuen-

1919 4832 2036 4877 dum
2060 4836 2162 4886 est,
2183 4832 2359 4889 quodsi
2383 4845 2412 4878 e
2431 4829 2622 4875 duobus
2653 4832 2962 4873 testamentis
2986 4857 3002 4877 ,
3032 4826 3187 4867 utrum
3217 4817 3272 4856 ⁸⁸¹»

1919 4895 2074 4956 prius,
2092 4900 2256 4941 utrum
2280 4892 2529 4952 posterius
2551 4893 2821 4949 ignoratur.
2836 4911 2899 4923 -·
2914 4883 3151 4934 Auctor-ts
3165 4885 3264 4925 con·
