3544 5506
157 2878 169 2885 ·
247 2876 394 2920 e—in
412 2889 510 2934 quo
530 2880 685 2935 spatio
705 2878 935 2935 temporis
962 2889 1105 2936 saepe
1126 2880 1320 2933 accidit,
1342 2886 1420 2930 ut,
1443 2881 1604 2937 proxi-

2926 328 3035 386 577

230 457 424 519 etiam
453 458 896 516 observanda:
931 457 992 531 1)
1029 456 1349 517 Proximus
1388 472 1522 516 non
1551 458 1778 531 utique
1807 457 1858 515 is
1883 463 2014 524 est,
2046 459 2156 529 qui
2180 463 2339 516 tunc
2368 456 2522 527 fuit,
2559 472 2708 516 cum
2740 465 3035 518 mortuus

230 562 331 616 est
357 555 809 629 paterfamilias
827 596 845 619 ,
889 556 1001 614 sed
1031 555 1141 627 qui
1169 569 1249 613 eo
1281 562 1610 628 tempore,
1633 570 1765 626 quo
1800 560 2050 612 certum
2078 560 2176 614 est
2200 555 2573 612 intestatum
2604 555 2945 614 decessisse
2968 552 3031 624 ⁶).

234 652 470 729 Quodsi
497 653 555 717 2)
574 646 853 723 cuipiam
869 650 1004 724 jam
1025 649 1240 708 delata
1261 656 1358 708 est
1377 650 1695 709 successio
1716 691 1733 719 ,
1759 650 1942 723 isque
1961 664 2108 707 cum
2129 649 2267 708 aliis
2287 650 2618 709 concurrit
2637 690 2654 719 ‚
2683 665 2801 709 nec
2820 656 3038 709 tamen

232 751 368 809 adit
387 746 853 818 hereditatem,
910 756 1084 819 tum,
1127 749 1235 823 qui
1268 751 1352 807 ab
1390 765 1470 809 eo
1518 751 1814 808 exclusus
1860 755 1993 817 est,
2042 747 2236 806 etiam
2285 749 2367 806 ab
2407 749 2574 806 iliius
2618 749 3043 808 coheredibus

232 841 645 917 excludetur,
677 842 809 905 scii.
832 847 982 920 jure
1009 847 1460 916 accrescendi,
1507 852 1963 919 praeterquam
1990 844 2040 902 si
2069 843 2235 903 rorte
2277 840 2761 903 transmissionis
2784 845 2934 917 jure
2976 845 3042 903 in

234 946 375 1020 ejus
410 948 664 1020 iocum,
713 947 822 1020 qui
871 947 1075 1019 ipsum
1127 946 1485 1020 antecedit,
1528 946 1876 1004 succedere
1914 945 2112 1016 possit
2153 940 2218 1017 ⁷).
2251 943 2314 1018 5)
2342 945 2446 1002 Sin
2481 945 2653 1001 solus
2687 943 3044 1001 invenietur

236 1044 460 1113 heres,
514 1044 622 1118 qui
672 1047 850 1118 prior
898 1052 1166 1105 vocatus
1217 1053 1349 1109 est.
1404 1053 1573 1117 tum,
1626 1046 1737 1103 iiio
1781 1059 1911 1102 non
1967 1045 2246 1102 adeunte
2290 1039 2738 1113 hereditatem,
2789 1058 3044 1115 semper

232 1141 553 1200 successio
581 1142 661 1200 ad
699 1156 848 1199 eum
889 1141 1255 1209 deseretur,
1296 1142 1405 1214 qui
1436 1141 1498 1200 in
1541 1142 1771 1199 eodem
1805 1140 2032 1199 ordine
2076 1143 2399 1213 sequitur,
2442 1146 2516 1197 ut
2555 1141 2617 1197 in
2647 1154 3042 1212 unoquoque

234 1239 555 1310 graduum
577 1238 961 1298 successioni
980 1239 1160 1297 locus
1180 1239 1261 1297 sit
1280 1241 1362 1314 ⁸).
1392 1240 1453 1305 4)
1479 1237 1748 1298 Omnino
1785 1244 2002 1296 autem
2029 1244 2103 1295 ut
2131 1237 2267 1296 aliis
2293 1238 2548 1295 obstare
2571 1236 2796 1309 aliquis
2822 1236 3039 1309 possit,

237 1351 506 1396 necesse
528 1344 626 1396 est
645 1378 662 1404 ,
707 1345 841 1395 tum
861 1377 880 1405 ‚
909 1345 984 1395 ut
1014 1333 1081 1396 in
1104 1338 1258 1397 vivis
1286 1344 1399 1396 aut
1430 1339 1658 1396 saitem
1683 1337 1748 1395 in
1777 1344 1966 1396 utero
1996 1334 2188 1397 suerit
2213 1352 2293 1396 eo
2319 1345 2611 1411 tempore
2630 1380 2648 1411 ‚
2679 1351 2811 1409 quo
2834 1342 3045 1408 pater-

233 1431 506 1492 familias
553 1441 921 1493 moreretur
965 1431 1009 1511 ⁹)
1039 1478 1056 1503 ‚
1101 1430 1415 1508 siquidem
1464 1430 1747 1507 alioquin
1800 1436 1979 1493 nullo
2034 1433 2409 1493 defunctum
2459 1433 2850 1506 cognationis
2894 1433 3044 1507 jure

238 1532 443 1603 tetigit
463 1528 554 1606 ¹⁰),
586 1538 724 1590 tum
753 1547 910 1591 vero
943 1534 1084 1591 talis
1112 1535 1193 1592 sit
1210 1579 1226 1606 ,
1259 1537 1524 1607 quinon
1549 1540 1851 1592 arceatur
1876 1550 1914 1592 a
1944 1533 2394 1592 detunctorum
2422 1533 2921 1592 successionibus
2947 1530 3039 1600 ¹¹).

238 1632 573 1690 Caeterum
594 1631 654 1705 5)
684 1647 759 1690 ex
780 1647 912 1705 quo
931 1639 1225 1706 tempore
1244 1635 1641 1692 aestimanda
1664 1640 1759 1692 est
1784 1634 2153 1707 proximitas
2170 1675 2186 1701 ,
2213 1649 2290 1693 ex
2320 1649 2402 1693 eo
2423 1634 2765 1692 definiatur
2784 1647 3043 1707 quoque

236 1732 501 1799 oportet
517 1768 537 1796 ,
569 1729 903 1801 quomodo
932 1729 1305 1797 hereditatis
1324 1732 1432 1788 nat
1453 1730 1675 1789 divisio
1705 1726 1795 1802 ¹²).

958 340 1092 383 cst.
1132 340 1230 382 111.
1269 341 1347 383 BR
1385 340 1752 383 utrumuis
1793 339 2292 383 naamitarum.

420 1925 614 2000 5652.
643 1926 706 1998 ὅ)
735 1923 965 2001 δίπρυῑὶ
986 1923 1373 2002 leyitimomm
1389 1943 1764 1985 successorum
1783 1924 2026 1985 ordines.
2048 1931 2106 1996 a)
2128 1925 2592 1985 Descendentem
2610 1924 2750 1984 ordo
2776 1925 2873 2002 (⁴³).

326 2121 691 2179 Succedunt
717 2121 776 2195 1)
803 2117 1063 2194 utrique
1096 2122 1344 2193 parenti
1375 2120 1557 2182 tiberi
1582 2166 1599 2193 ,
1634 2122 1745 2197 qui
1771 2139 1850 2183 ex
1883 2123 2060 2198 iusto
2104 2123 2515 2202 matrimonio
2543 2124 2674 2182 nati
2698 2130 2879 2193 sunt,
2911 2124 3044 2182 sive

238 2214 310 2271 in
351 2215 545 2274 sacris
591 2213 875 2288 paternis
916 2218 1243 2275 constituti
1274 2218 1406 2276 sive
1436 2220 1856 2292 emancipati,
1907 2220 2343 2293 cujuscunque
2386 2222 2509 2279 sint
2549 2227 2660 2277 aut
2700 2235 2882 2278 sexus
2927 2226 3041 2277 aut

239 2316 500 2386 gradus.
532 2311 871 2373 Habentur
901 2317 1094 2374 etiam
1127 2318 1192 2373 in
1222 2318 1649 2387 legitimorum
1679 2335 1954 2379 numero
1983 2327 2120 2378 tum
2149 2322 2256 2392 qui
2294 2336 2370 2379 ex
2400 2322 2682 2394 putativo
2708 2319 3041 2377 matrimo-

242 2410 390 2487 nio,
441 2414 616 2483 quod
656 2419 928 2482 vocant,
980 2414 1299 2490 procreati
1354 2421 1504 2472 sunt
1547 2411 1610 2486 ¹),
1660 2421 1799 2472 tum
1845 2430 2003 2475 vero
2051 2412 2407 2487 legitimati.
2459 2417 2586 2474 sive
2634 2415 3043 2473 matrimonio

245 2511 509 2584 posthac
556 2513 722 2571 inter
767 2520 1066 2586 parentes
1105 2515 1473 2590 celebrato,
1529 2510 1659 2573 sive
1710 2530 1827 2588 per
1879 2515 2258 2589 rescriptum
2304 2515 2562 2588 legitimi
2608 2514 2756 2574 facti
2799 2510 2927 2598 sint
2973 2510 3039 2582 ²).

313 2683 363 2740 6)
389 2689 440 2734 L.
466 2689 514 2735 2.
536 2691 563 2745 ς
587 2686 634 2734 6.
660 2687 712 2734 D.
736 2686 805 2734 de
824 2689 940 2736 suls
958 2693 1015 2735 et
1032 2689 1169 2748 [equ.
1192 2689 1472 2750 (xxxviii,
1490 2690 1566 2738 16.
1586 2693 1603 2748 )
1691 2691 1948 2740 bonorum
1966 2693 2348 2752 possessionem
2369 2724 2388 2753 ,
2413 2693 2572 2750 quam
2591 2693 2750 2746 pater
2782 2688 3001 2746 petierit
3018 2718 3037 2748 ‚

241 2751 335 2805 -S
352 2749 402 2798 7·
427 2753 464 2798 ¹·
484 2751 553 2800 do
571 2751 750 2799 hered-
767 2788 782 2807 .
805 2764 947 2811 quae
980 2753 1049 2799 ab
1077 2755 1170 2801 int.
1195 2750 1365 2805 deser·
1390 2778 1451 2791 —
1475 2756 1527 2802 L.
1551 2755 1599 2800 2.
1684 2755 1936 2813 quoniam
1972 2759 2246 2805 omittente
2270 2768 2334 2804 eo
2360 2757 2536 2812 potest
2577 2764 2648 2801 ex
2685 2753 2817 2800 Scio
2854 2762 3044 2799 suece-

243 2815 273 2870 ς
292 2811 343 2859 5.
381 2815 435 2861 D.
454 2813 521 2861 de
541 2816 653 2862 suis
672 2819 729 2860 et
748 2812 884 2875 leqit.
910 2817 956 2873 (ς
975 2814 1023 2862 0.
1036 2816 1150 2862 Lde
1166 2816 1303 2876 legit.
1316 2828 1440 2875 ayn.
1454 2828 1600 2864 suec.
1682 2816 1830 2865 dere.
1854 2835 1879 2861 ›-

1744 2877 1795 2936 8)
1826 2880 1981 2928 Koch
2002 2883 2054 2927 B.
2077 2883 2128 2928 P.
2155 2894 2202 2939 p.
2225 2877 2319 2927 285
2339 2892 2443 2938 sqq.
2465 2883 2514 2924 et
2536 2891 2585 2936 p.
2606 2875 2701 2926 447
2736 2889 2809 2937 sq.
2835 2900 2894 2911 -
2917 2877 3038 2922 Cae-

1685 2946 1843 2988 terum
1887 2951 2085 3002 propter
2126 2946 2337 3002 priorem
2379 2942 2596 2998 reguiam
2635 2946 2650 2993 (
2675 2945 2773 2986 not.
2800 2936 2882 2986 7.)
2932 2937 3040 2984 fieri

1684 3009 1862 3061 potest,
1877 3010 1950 3060 ut,
1971 3007 2054 3065 qui
2076 3009 2295 3052 exclusus
2313 3008 2385 3050 est
2405 3015 2431 3050 a
2455 3004 2750 3060 proximiore
2773 3035 2788 3057 ,
2809 3000 2903 3047 hoc
2935 3001 3041 3059 qui-

1685 3068 1798 3111 dem
1822 3078 1916 3112 non
1935 3070 2144 3114 adeunte
2164 3067 2486 3114 hereditatem
2512 3098 2528 3124 ‚
2568 3066 2715 3110 etiam
2756 3064 3042 3109 excludatur

1687 3128 1751 3172 ab
1775 3129 1851 3185 iis,
1873 3130 2184 3187 quibuscum,
2204 3130 2289 3174 ilio
2310 3140 2402 3173 non
2426 3129 2672 3174 obstante.
2688 3127 2828 3171 simui
2845 3130 3041 3170 vocatus

1687 3189 1833 3235 fuerit
1872 3191 1934 3235 ad
1976 3192 2347 3237 successionem.
2376 3214 2431 3223 —
2466 3189 2577 3235 vid.
2623 3189 2679 3234 V
2676 3190 2764 3234 oet
2803 3187 2862 3232 ad
2887 3186 3039 3232 Pand.

1685 3250 1935 3303 xxxviii.
1955 3250 2032 3299 17.
2061 3250 2143 3305 53.
2168 3258 2218 3298 et
2241 3249 2400 3299 Gli'a'clt
2424 3253 2456 3296 Ι.
2479 3252 2511 3296 1.
2535 3253 2561 3306 S
2584 3249 2692 3297 151.
2715 3254 2763 3295 ει
2785 3244 2893 3295 152.

1748 3311 1797 3370 9)
1831 3315 1882 3359 L.
1908 3315 1954 3361 1.
1975 3316 2002 3370 S
2019 3313 2067 3361 8.
2089 3317 2142 3361 D.
2162 3313 2307 3360 unde
2324 3311 2554 3373 coqnaei.
2579 3312 2866 3373 (xxxviii,
2888 3306 2936 3356 8.
2960 3310 3039 3368 )-

1688 3373 1741 3419 Ι..
1763 3373 1813 3422 8.
1839 3377 1864 3431 S
1887 3375 1933 3423 1.
1959 3378 2013 3423 υ.
2035 3378 2103 3424 de
2121 3376 2235 3424 suis
2251 3380 2305 3422 e!
2320 3376 2458 3437 qun.
2484 3376 2751 3431 (xxxviii,
2769 3371 2870 3430 16.)

1755 3436 1834 3496 10)
1868 3440 1921 3485 L.
1945 3440 1992 3485 1.
2013 3442 2039 3497 s
2060 3436 2109 3485 8.
2134 3442 2187 3485 D.
2212 3437 2355 3485 unde
2393 3450 2545 3496 coqu.
2571 3439 2618 3494 (α
2637 3436 2728 3482 Sed
2749 3435 2842 3482 hoc
2865 3435 2930 3480 ita
2952 3434 3040 3480 de-

1688 3510 1823 3546 mum
1845 3503 1935 3546 erit
1954 3502 2288 3561 accipiendum
2313 3534 2329 3557 ‚
2372 3503 2409 3546 si
2428 3500 2507 3547 hic
2529 3533 2545 3555 ,
2586 3503 2667 3558 qui
2704 3499 2754 3544 in
2778 3502 2917 3543 utero
2939 3506 3044 3542 esse

245 2937 402 2983 miore
424 2945 634 2998 mortuo,
656 2942 1015 2997 proximusesse
1029 2941 1245 2998 incipiat,
1262 2941 1344 2998 qui
1364 2948 1604 2988 moriente

244 3004 478 3047 testatore
498 3013 594 3048 non
613 3007 721 3048 erat
735 3003 981 3060 proximus
994 3002 1381 3059 n).--Caeterum
1396 3004 1603 3061 absenti,

249 3063 315 3107 de
335 3063 477 3118 cujus
499 3070 584 3109 aut
605 3072 761 3112 morte
781 3070 867 3110 aut
897 3066 993 3109 vita
1018 3065 1139 3110 nihii
1159 3065 1279 3110 certi
1292 3070 1500 3124 constat,
1545 3080 1605 3114 ex

236 3135 303 3169 eo
324 3130 540 3182 tempore
577 3127 875 3179 succeditur,
901 3137 1000 3184 quo
1023 3130 1267 3172 mortuum
1290 3138 1403 3171 eum
1420 3140 1524 3173 esse
1545 3141 1604 3175 ex

236 3185 367 3241 §uris
400 3186 637 3242 judiciove
674 3190 966 3235 auctoritate
1014 3190 1262 3234 statuitur.
1318 3188 1390 3233 Cf.
1454 3202 1599 3248 supra

241 3247 273 3302 s
312 3245 407 3294 186
463 3254 514 3295 ct
549 3252 701 3298 Koch
744 3253 780 3297 1.
825 3252 857 3296 Ι.
892 3250 1172 3296 Auctarium
1207 3251 1262 3297 11.
1304 3262 1352 3307 p.
1376 3251 1470 3298 223
1493 3264 1600 3311 sqq.

241 3310 297 3358 (-
318 3311 495 3358 Utrum
515 3313 789 3360 absentium
830 3314 1066 3358 successio
1101 3313 1190 3359 flat
1214 3324 1272 3358 ex
1299 3324 1429 3360 nunc
1451 3326 1514 3361 an
1543 3327 1603 3361 ex

238 3372 531 3479 kuncbny-
552 3376 718 3433 cmpp
739 3377 788 3421 in
820 3377 886 3430 el.
923 3381 975 3421 ει
992 3374 1153 3422 Heise
1180 3375 1345 3431 jurist.
1380 3376 1504 3424 Abh.
1545 3379 1602 3422 11.

282 3447 325 3480 r.
413 3468 426 3481 .
451 3441 502 3481 ει
524 3438 580 3482 V.

310 3493 364 3553 7)
397 3498 509 3556 Arg.
545 3499 598 3545 L.
617 3497 665 3546 9.
691 3500 749 3545 D.
772 3497 841 3544 de
857 3496 971 3544 svis
988 3501 1044 3544 et
1064 3498 1205 3558 leqit.
1224 3497 1339 3544 lter.
1364 3501 1467 3556 —s
1493 3497 1542 3546 0.
1566 3502 1604 3546 1.

241 3558 316 3607 de
336 3561 397 3605 B.
416 3562 478 3606 P.
502 3584 564 3595 -—-
582 3562 632 3607 L.
654 3560 702 3608 5.
724 3563 751 3617 s
771 3558 819 3606 9.
842 3562 895 3607 L.
918 3559 966 3606 4.
992 3562 1043 3607 L.
1070 3558 1119 3607 5.
1143 3562 1195 3606 1).
1218 3561 1331 3608 eod.
1360 3562 1605 3623 (xxxvii,

242 3624 319 3671 1.)
344 3642 401 3654 -—
418 3623 470 3668 L.
494 3621 573 3669 15.
596 3624 622 3678 S
642 3622 691 3670 ὅ.
715 3624 769 3668 C.
793 3622 860 3669 de
883 3622 1021 3681 [equ.
1047 3622 1232 3669 lter-ed.
1250 3623 1268 3679 (
1286 3626 1346 3671 Vi
1364 3659 1378 3679 ,
1403 3622 1483 3671 58.
1505 3626 1523 3683 )
1546 3649 1604 3659 —-

240 3683 408 3730 Glaeiek
430 3686 456 3741 s
480 3682 586 3731 150.
610 3688 659 3731 in
681 3686 716 3732 f.
749 3689 795 3729 et
818 3686 884 3731 ibi
918 3690 1020 3730 not.
1046 3682 1123 3731 18.
1149 3710 1207 3719 -
1231 3687 1350 3733 Cum
1374 3688 1482 3733 aliis
1503 3690 1605 3735 dis-

241 3748 399 3792 sentit
447 3747 686 3794 ancke
740 3748 882 3793 Beitr.
939 3758 1027 3792 zur
1064 3748 1299 3794 Eriauter.
1357 3750 1605 3797 cinzeiuer

241 3807 656 3855 Rechtsmaterien
682 3811 718 3855 i.
743 3810 822 3854 Nr.
850 3809 969 3854 viii.
989 3810 1058 3865 (p.
1082 3807 1173 3855 167
1197 3821 1325 3867 sqq.)
1350 3846 1365 3867 ,
1389 3815 1602 3859 maxime

239 3875 449 3929 propter
469 3873 522 3917 L.
543 3874 589 3918 2.
609 3872 635 3926 ς
658 3870 735 3917 18.
764 3872 816 3916 1).
837 3870 913 3916 ad
926 3871 1038 3917 See.
1066 3872 1274 3918 Ter-lull.
1296 3873 1313 3927 (
1336 3875 1563 3920 xxxviii
1585 3908 1600 3932 ,

245 3930 365 3979 17.)
410 3936 516 3989 Quo
539 3942 697 3980 tamen
718 3937 822 3979 ioco
847 3965 863 3987 ,
887 3934 935 3978 ni
954 3935 1214 3980 admodum
1240 3934 1455 3983 fallimur
1473 3971 1487 3992 ,
1510 3949 1600 3983 no-

240 4000 345 4040 stra
370 3998 607 4042 sententia
631 3997 785 4053 magis
808 3995 1142 4050 confirmatur,
1165 4008 1309 4053 quam
1334 4001 1593 4046 refutatur.

241 4058 367 4103 Nam
389 4068 474 4115 per
496 4059 672 4105 SCtum
693 4058 1049 4104 Tertuiiianum
1067 4058 1448 4108 extraordinaria
1471 4075 1594 4120 qua-

240 4121 361 4165 dam
382 4122 569 4166 ratione
592 4155 607 4177 ,
627 4133 718 4167 nec
740 4120 830 4166 nisi
860 4131 1003 4165 causa
1024 4121 1215 4177 cognita
1236 4125 1380 4170 matri
1404 4136 1596 4171 succur-

240 4192 355 4227 sum
374 4187 448 4227 est
466 4183 548 4237 (cf.
572 4183 662 4240 32.
682 4181 732 4230 ὅ.
755 4183 791 4227 1.
815 4182 885 4228 de
904 4183 1034 4228 SCto
1061 4183 1293 4241 Tertull.)
1319 4199 1332 4245 ;
1357 4189 1486 4235 unde
1508 4199 1598 4233 nec

246 4253 374 4301 pure
391 4246 606 4291 delatum
627 4257 730 4291 esse
745 4245 824 4298 jus
842 4244 935 4290 dici
959 4249 1168 4301 poterat,
1184 4252 1443 4304 antequam
1469 4253 1599 4296 recte

243 4311 514 4365 constaret,
539 4311 784 4354 neminem
804 4308 969 4351 adesse
993 4339 1009 4363 ,
1047 4307 1132 4363 qui
1153 4310 1321 4352 matris
1359 4322 1429 4356 ea:
1470 4313 1600 4358 SCto

244 4368 536 4414 succedendi
550 4370 631 4425 ,ius
654 4370 934 4415 excluderet
954 4367 972 4425 (
993 4368 1055 4413 ci.
1077 4379 1218 4426 supra
1236 4370 1263 4425 5
1281 4368 1393 4417 622.
1417 4374 1464 4420 in
1490 4375 1525 4420 f.
1550 4379 1599 4421 et

245 4434 351 4475 not.
371 4428 461 4487 7.).
485 4432 571 4477 Cui
592 4432 880 4478 conveniens
896 4437 988 4486 est,
1020 4430 1148 4488 quod
1168 4430 1345 4477 dicitur
1382 4434 1432 4482 d.
1471 4437 1522 4482 L.
1547 4434 1595 4481 ἰ).

243 4494 273 4547 s
297 4488 377 4538 18.
401 4494 453 4539 D.
476 4495 550 4539 ad
567 4497 682 4541 SCt.
710 4496 842 4539 Tert.
863 4507 884 4537 .·
913 4493 1190 4551 «quamvis
1208 4494 1342 4540 alias
1382 4509 1487 4542 non
1517 4509 1600 4543 so·

243 4555 358 4600 lea!
378 4559 843 4614 mater-expectare
860 4555 1333 4616 consenquineam,
1358 4559 1483 4605 velit
1500 4571 1600 4607 nec

247 4626 320 4661 ue
338 4617 494 4664 odire
523 4619 893 4676 hereditatem,
920 4628 1068 4664 nunc
1094 4622 1274 4664 lamen
1293 4623 1600 4675 expectatu-

251 4688 391 4734 mm;
401 4682 759 4738 consanguinea
772 4692 901 4725 emm
914 4685 1133 4737 est,quae
1142 4682 1346 4736 patrem
1370 4686 1598 4730 excludit.

246 4741 553 4798 Repudiante
573 4745 719 4799 igitur
742 4745 1113 4799 consanguinea,
1150 4742 1392 4789 bonorum
1416 4758 1602 4803 posses-

246 4804 435 4850 sionem
478 4805 677 4852 babebit
721 4810 876 4850 mater
912 4814 1023 4849 cum
1066 4809 1203 4861 patre
1228 4818 1253 4845 n
1294 4806 1312 4862 [
1334 4818 1399 4852 sc.
1425 4813 1510 4853 aut
1550 4809 1600 4854 in

243 4866 558 4923 adoptionem
568 4867 801 4923 dato,aut
820 4865 1194 4924 emancipato],u
1216 4869 1353 4924 quasi
1371 4875 1596 4929 cognata;

247 4928 473 4977 sedetin
481 4929 585 4978 Ιιαε
604 4941 801 4977 moram
816 4928 1083 4990 patietur,
1111 4939 1210 4976 nee
1228 4934 1355 4978 ante
1374 4932 1604 4990 accipiet

1686 3563 1884 3619 dicitur,
1904 3564 2012 3610 vivo
2032 3576 2090 3610 eo
2106 3598 2121 3620 ,
2143 3564 2203 3610 de
2223 3562 2360 3617 cujus
2393 3563 2444 3609 b.
2466 3573 2515 3619 p.
2535 3563 2719 3620 agitur,
2739 3560 2833 3606 fuit
2867 3570 3041 3604 conce-

1688 3632 1799 3682 ptus
1834 3642 1846 3671 z
1871 3637 1985 3673 nam
2009 3629 2047 3672 si
2089 3631 2194 3684 post
2216 3630 2419 3673 mortem
2450 3658 2466 3681 ,
2497 3635 2654 3683 neque
2675 3622 2888 3669 obstabit
2911 3620 2993 3666 alii
3015 3656 3031 3678 ,

1687 3700 1846 3746 neque
1885 3690 1985 3746 ipse
2025 3689 2309 3734 admittetur
2333 3721 2348 3744 ,
2386 3687 2500 3745 quia
2541 3698 2635 3732 non
2666 3686 2760 3730 fuit
2791 3685 3041 3741 proximus

1685 3754 1920 3806 cognatus
1943 3753 1985 3797 ei
2008 3784 2024 3808 ,
2043 3764 2140 3809 quo
2173 3752 2281 3796 vivo
2304 3751 2519 3796 nondum
2547 3749 2743 3794 animax
2768 3744 3007 3812 [αηὶηιαζ
3020 3777 3038 3805 ‚

1685 3812 1926 3869 animans]
1950 3814 2115 3861 fuerit.
2140 3833 2162 3853 υ
2182 3817 2197 3873 )
2219 3814 2270 3857 L.
2295 3810 2343 3857 6.
2362 3810 2410 3858 7.
2435 3809 2481 3857 8.
2512 3810 2565 3855 D.
2588 3810 2656 3857 de
2674 3809 2786 3856 suis
2805 3810 2860 3854 et
2895 3809 3034 3867 (equ.

1684 3875 1955 3935 (xxxviii,
2001 3874 2102 3925 16.)
2175 3903 2230 3912 -
2272 3872 2368 3929 88.
2404 3874 2439 3919 1.
2464 3871 2530 3919 de
2550 3870 2755 3931 liet-ed„
2782 3881 2924 3928 quae
2946 3869 3034 3916 ab.

1682 3938 1781 3982 int.
1806 3936 1971 3991 defer.
2011 3937 2112 3992 (cf.
2135 3932 2289 3992 5618.
2332 3949 2410 3982 nr.
2448 3934 2494 3983 1.
2520 3959 2576 3968 -
2616 3936 2806 3981 Caeter.
2833 3932 3035 3979 dissent.

1679 3994 1844 4046 claci:
1864 3998 2017 4056 3153.
2038 4012 2087 4058 p.
2107 3995 2413 4056 583-586.).

1740 4064 1818 4117 11)
1852 4061 2005 4109 Koch
2028 4064 2061 4108 1.
2087 4063 2119 4108 i.
2141 4063 2166 4116 S
2187 4062 2264 4107 20.
2288 4062 2366 4106 Nr.
2389 4061 2465 4106 tv.
2488 4059 2571 4113 (cf.
2594 4068 2738 4116 supra
2754 4057 2780 4112 ς
2798 4051 2950 4114 (118.).
2971 4079 3029 4096 -.

1678 4124 1824 4170 secus
1841 4129 1933 4179 est,
1953 4125 1990 4169 si
2022 4125 2061 4169 is
2079 4125 2140 4170 sit
2160 4124 2400 4182 legitimus
2420 4133 2666 4167 successor
2680 4154 2696 4181 ,
2723 4131 2748 4166 a
2772 4130 2869 4175 quo
2894 4153 2908 4177 ‚
2923 4129 3035 4164 cum

1679 4187 1782 4243 ipse
1851 4186 1968 4232 nihii
2011 4197 2183 4244 capere
2227 4186 2375 4244 possit
2400 4219 2416 4237 ,
2468 4190 2607 4230 extra
2645 4181 2868 4229 ordinem
2915 4180 3041 4228 bona

1678 4248 1962 4293 deferantur
1981 4250 2040 4292 ad
2065 4249 2214 4295 atium
2240 4282 2256 4305 ,
2277 4247 2359 4305 qui
2393 4246 2525 4291 velut
2563 4245 2788 4291 succedat
2827 4244 2877 4289 in
2902 4244 3031 4289 illius

1685 4311 1869 4367 iocum,
1890 4320 1934 4356 ν.
1955 4321 1998 4356 c.
2021 4311 2082 4356 ad
2107 4311 2293 4357 fiscum.
2321 4309 2430 4354 vid.
2454 4303 2613 4355 Glt‘iek
2633 4310 2659 4364 S
2677 4304 2764 4353 29.

1742 4370 1824 4419 12)
1860 4370 2020 4420 Glie'clt
2041 4375 2066 4429 S
2085 4370 2166 4419 58.
2191 4378 2239 4419 et
2264 4369 2386 4417 intra
2407 4372 2433 4425 S
2451 4368 2561 4416 655.
2585 4373 2688 4418 not.
2713 4366 2765 4418 8.
2784 4367 2833 4413 in
2854 4368 2888 4413 t.
2915 4422 2918 4423 γ

2272 4498 2299 4553 S
2329 4492 2440 4542 632.

1744 4619 1802 4677 (⁶)
1837 4622 1956 4669 Nov.
1985 4620 2091 4670 118.
2113 4634 2157 4669 c.
2181 4618 2227 4667 1.
2589 4646 2601 4659 -

1749 4683 1794 4738 1)
1827 4697 1870 4730 c.
1889 4684 1938 4730 Ξ.
1962 4690 2011 4730 ει
2033 4682 2108 4730 15.
2133 4686 2192 4730 x.
2217 4680 2400 4741 quifil.
2421 4681 2545 4729 sint.
2571 4680 2715 4739 Ieyit.
2761 4680 2777 4728 (
2807 4679 2865 4724 iv
2884 4713 2899 4735 ,
2917 4674 2993 4725 17.
3020 4680 3037 4735 )

1684 4746 1751 4792 cf.
1775 4745 1929 4800 5506.
1955 4752 2057 4794 not.
2096 4743 2144 4794 5.
2169 4747 2217 4792 in
2265 4745 2301 4790 1.
2342 4748 2390 4790 ει
2412 4744 2540 4802 quod
2565 4745 2625 4788 ad
2662 4742 2838 4788 liberos
2859 4742 3036 4787 attinet

1682 4821 1741 4854 ex
1765 4821 1938 4866 sponsa
1958 4814 2095 4855 natos
2118 4805 2274 4864 3508.
2298 4812 2401 4852 not.
2426 4807 2472 4852 8.
2494 4810 2542 4850 ει
2564 4802 2724 4852 Glt‘iclr
2752 4805 2785 4852 1.
2810 4806 2843 4851 1.
2867 4804 2895 4859 S
2925 4801 3039 4850 155.

1682 4876 1732 4916 ει
1762 4871 1977 4918 ΠσΙιΙείη
2001 4872 2146 4918 Arch.
2168 4871 2204 4918 f.
2226 4872 2318 4917 civ.
2344 4870 2423 4914 Pr.
2443 4870 2565 4914 xiii.
2600 4870 2684 4916 Nr.
2710 4867 2787 4913 vl.

1741 4931 1792 4994 2)
1825 4934 1877 4981 L.
1900 4934 1979 4982 10.
2004 4934 2057 4983 C.
2078 4933 2145 4984 de
2162 4931 2400 4982 natural.
2424 4932 2571 4981 liber.
2592 4932 2609 4989 (
2631 4934 2669 4978 v
2685 4966 2701 4989 ,
2719 4927 2802 4977 27.
2826 4925 2842 4976 )
2865 4952 2918 4961 -
2944 4926 3036 4974 Nec

2559 5024 2637 5082 75
