3544 5506
1159 336 1296 381 ciui.
1336 338 1410 379 ii.
1452 338 1529 380 ns
1555 338 1718 395 ,iuius
1755 337 2171 381 rosstsstonls.
2964 328 3073 387 22⁷

257 448 359 499 tiir
403 438 472 517 ι),
497 455 733 502 verum
759 443 955 503 etiam
981 457 1058 503 ex
1094 457 1320 503 earum
1360 458 1629 515 genere,
1660 445 1724 502 in
1757 459 1919 517 quas
1948 444 2301 507 doininiuin
2328 444 2564 509 eadere
2595 451 2841 521 potem
2888 447 3077 520 siqui-

258 541 394 599 dem
417 542 575 599 nihil
613 549 719 602 est
740 544 1060 614 possessio
1078 590 1096 617 ,
1124 544 1241 602 nisi
1285 559 1438 602 usus
1469 544 1732 604 dominii
1760 551 1828 603 et
1853 545 2028 603 velut
2058 544 2267 615 imago
2300 542 2354 618 (S
2383 545 2529 603 253.
2569 544 2635 604 in
2665 543 2761 619 r.).
2794 549 2864 605 Et
2888 546 3075 620 hujus

260 637 512 709 quidem
534 638 992 698 introducendi
1012 639 1209 713 juris,
1242 646 1562 712 quatenus
1585 639 1829 699 scilicet
1854 654 1933 701 ex
1963 641 2102 699 solo
2141 635 2390 701 oriatur
2427 639 2828 712 possessionis
2858 640 3032 705 tacto
3051 685 3069 713 ,

259 737 594 808 peculiaris
621 739 879 797 videtur
919 739 1111 801 fuisse
1142 741 1316 799 ratio.
1349 745 1419 797 et
1448 739 1652 811 origo.
1687 743 1841 799 Nam
1869 754 2018 799 cum
2040 738 2394 811 antiquitus
2422 739 2490 796 in
2527 738 2814 799 dominio
2851 739 3075 800 haberi

259 851 382 895 non
439 845 704 911 possent
736 839 1039 913 praedia,
1088 840 1204 897 nisi
1231 855 1404 912 quae
1432 846 1498 899 et
1525 838 1588 898 in
1630 840 1810 898 Italia
1838 845 1901 899 et
1926 854 2003 898 ex
2026 840 2428 912 privatorum
2456 855 2730 901 numero
2770 853 3072 910 agrorum

258 944 490 1005 essent,
532 938 809 996 invaluit
831 945 1050 996 tamen
1068 984 1084 1009 ‚
1118 947 1190 995 ut
1220 935 1577 998 actionibus
1606 939 1738 997 sive
1768 938 2121 1003 interdictis
2144 938 2648 997 defenderentur
2674 939 3071 1011 reliquorum

256 1036 670 1107 praediorum
691 1051 1094 1109 possessores
1109 1077 1126 1106 ,
1161 1038 1402 1111 quippe
1426 1039 1534 1109 qui
1573 1038 1860 1110 alioquin
1885 1037 2058 1095 omni
2086 1037 2351 1095 carituri
2370 1043 2559 1095 erant
2578 1036 2737 1110 juris
2760 1039 2857 1096 sui
2880 1053 3069 1111 prae·

254 1131 432 1189 sidio.
459 1133 644 1207 Quod
682 1147 835 1191 cum
874 1138 1086 1197 tantas
1107 1133 1348 1191 habere
1376 1135 1704 1192 videretur
1731 1134 2249 1206 opportunitates
2273 1140 2469 1205 atque
2498 1129 2801 1191 utilitates
2818 1177 2836 1209 ‚
2861 1150 3071 1206 quan·

255 1236 355 1289 tae
377 1245 458 1290 ex
483 1231 549 1289 in
587 1247 727 1290 rem
749 1233 1073 1291 actionum
1095 1249 1213 1292 usu
1253 1233 1510 1291 minime
1536 1232 1775 1307 percipi
1808 1239 2065 1306 possent
2086 1273 2102 1300 ,
2132 1234 2274 1290 ideo
2300 1239 2372 1290 et
2399 1233 2480 1290 ad
2506 1233 2659 1291 alios
2688 1235 3069 1292 translatum

250 1343 469 1388 rerum
517 1345 914 1404 possessores
953 1339 1021 1389 et
1058 1338 1201 1404 post
1245 1337 1555 1391 mutatam
1607 1338 1894 1391 veterem
1925 1332 2183 1390 dominii
2228 1332 2542 1389 rationem
2587 1346 2706 1389 usu
2747 1337 3070 1390 servatum

250 1435 346 1487 est
363 1425 431 1501 ²).
462 1430 662 1501 Igitur
682 1432 1042 1489 secundum
1073 1432 1213 1506 ejus
1231 1474 1250 1505 ‚
1291 1447 1423 1503 quo
1449 1432 1728 1506 utimur,
1749 1432 1910 1505 iuris
1932 1431 2131 1489 civilis
2155 1430 2432 1488 indolem
2473 1429 2779 1503 possessio
2809 1430 3076 1503 proprie

250 1529 508 1601 quidem
534 1535 632 1587 est
660 1545 881 1588 rerum
900 1522 1333 1604 'corporalium
1355 1527 1400 1602 ³)
1429 1548 1445 1605 ;
1475 1545 1595 1590 nec
1625 1537 1842 1591 tamen
1871 1531 2042 1589 intra
2067 1544 2177 1588 eos
2202 1530 2423 1601 utique
2456 1530 2614 1587 fines
2641 1528 3070 1588 constiterunt

253 1626 544 1684 Romani.
577 1629 865 1699 Namque
895 1628 1305 1699 possessionis
1334 1634 1440 1705 jus
1470 1634 1666 1699 atque
1692 1628 2103 1685 commodum
2128 1628 2209 1687 ad
2239 1640 2469 1683 eorum
2498 1640 2761 1697 quoque
2786 1625 3025 1698 jnrium
3047 1664 3071 1692 „

249 1740 416 1797 quae
428 1726 584 1800 jura
614 1726 680 1784 in
704 1741 777 1785 re
799 1728 1018 1785 vocari
1041 1729 1286 1795 solent,
1334 1732 1587 1785 tantum
1618 1741 1750 1785 non
1795 1727 2083 1785 omnium
2109 1725 2576 1783 transtulerunt
2607 1738 2791 1782 usum
2818 1740 2835 1795 ;
2887 1723 3069 1780 unde

247 1823 730 1901 novumjim‘um
753 1825 922 1901 quasi
939 1824 1300 1901 possessionis
1329 1833 1547 1885 ortum
1588 1832 1687 1885 est
1724 1841 1922 1902 genus
1944 1821 2010 1892 ⁴).
2049 1829 2122 1882 At
2149 1828 2320 1881 ultra
2360 1824 2675 1896 progressi
2714 1837 2845 1881 non
2875 1826 3024 1879 sunt
3048 1863 3067 1891 ,

249 1938 364 1982 nec
407 1925 662 1982 romani
686 1925 847 1996 juris
875 1940 994 1983 nec
1025 1925 1329 1998 pontificii
1374 1932 1675 1984 auctores
1693 1968 1710 1995 ‚
1761 1925 2053 1998 quamvis
2075 1923 2139 1980 hi
2180 1923 2438 1996 quidem
2463 1923 2757 1990 remedii,
2782 1921 2955 1994 quod
2985 1921 3068 1978 de

250 2024 695 2096 recuperanda
723 2025 1120 2096 possessione
1148 2018 1288 2097 iure
1316 2025 1480 2083 civili
1522 2026 1850 2098 proditum
1882 2031 2012 2095 est,
2045 2024 2171 2080 vim
2209 2037 2286 2081 ac
2325 2028 2704 2095 potestatem
2737 2022 3069 2094 aliquanto

249 2129 596 2196 auxerunt,
634 2138 1000 2196 novamque
1047 2123 1105 2181 ei
1149 2124 1548 2197 exceptionis
1585 2123 1858 2182 formam
1894 2122 2278 2181 addiderunt
2317 2121 2547 2194 (5154.
2598 2127 2734 2179 not.
2762 2119 2897 2177 5-
2932 2118 3071 2193 7.).

251 2223 431 2281 Recte
458 2224 728 2297 quidem
759 2223 1003 2281 utimur
1038 2221 1476 2282 Romanorum
1508 2226 1589 2283 de
1609 2224 1771 2298 juris
1796 2218 2190 2297 possessione
2222 2219 2584 2294 praeceptis
2614 2221 2679 2277 in
2710 2234 2931 2277 rerum
2955 2234 3065 2276 ar-

252 2320 588 2388 gumentis,
631 2335 803 2393 quae
832 2326 945 2377 aut
978 2334 1241 2393 prorsus
1273 2328 1460 2378 erant
1481 2320 1806 2393 incognita
1832 2314 2195 2392 antiquitati
2224 2361 2238 2384 ‚
2264 2324 2375 2375 aut
2417 2331 2546 2374 non
2576 2317 2640 2374 in
2670 2315 3065 2387 singulorum

258 2411 491 2488 juribus
536 2416 761 2477 haberi
803 2417 985 2474 solita
1012 2456 1029 2482 ‚
1059 2416 1124 2473 in
1147 2431 1316 2490 quae
1341 2423 1557 2474 tamen
1593 2416 1837 2489 jurium
1863 2415 1928 2472 in
1957 2430 2030 2473 re
2058 2421 2124 2471 et
2155 2413 2333 2472 notio
2358 2418 2423 2469 et
2454 2412 2697 2470 indoles
2729 2417 2878 2483 apte
2909 2424 3067 2468 con-

258 2513 465 2571 veniat
488 2510 553 2588 ⁵).
596 2516 785 2593 Quod
830 2522 1046 2572 autem
1087 2515 1278 2587 vulgo
1326 2515 1702 2588 perhibemr
1724 2558 1741 2583 ‚
1795 2514 2033 2573 scilicet
2082 2513 2437 2571 remedium
2484 2511 2745 2584 aliquod
2777 2510 3063 2568 omnium

253 2608 506 2667 omnino
521 2610 775 2684 jurium
799 2625 952 2668 usus
973 2611 1385 2684 exercitiique
1418 2611 1642 2669 tuendi
1672 2624 1864 2668 causa
1889 2615 2334 2683 comparatum
2373 2622 2511 2665 esse
2534 2607 2681 2681 jure
2709 2605 3024 2664 canonico
3043 2647 3063 2676 ‚

249 2706 307 2765 iil
353 2724 485 2769 non
533 2710 907 2770 dubitamus
926 2753 944 2787 ,
990 2711 1145 2784 quin
1197 2712 1366 2771 inter
1411 2726 1590 2771 mera
1635 2708 2181 2783 pragmaticorum
2231 2713 2603 2766 commenta
2654 2704 3065 2764 referendum

246 2809 320 2867 sit
341 2807 412 2884 6).
438 2814 566 2871 Nec
601 2812 806 2884 magis
835 2812 1114 2886 pontifex
1133 2852 1150 2881 ‚
1181 2812 1303 2872 hoc
1344 2812 1784 2886 praecipiens:
1809 2815 1882 2868 ut
1910 2809 1956 2867 si
1985 2810 2060 2867 lis
2089 2815 2265 2867 mota
2300 2808 2379 2865 sit
2414 2807 2494 2864 de
2520 2805 2905 2864 matrimonii
2927 2804 3067 2861 vin-

242 2911 404 2982 culo,
431 2911 722 2983 primum
749 2912 1034 2970 omnium
1057 2913 1220 2969 alter
1247 2910 1480 2987 coniux
1497 2913 1873 2970 restituatur
1911 2911 2097 2968 alteri
2127 2906 2174 2983 7)
2202 2952 2219 2979 ,
2238 2939 2317 2948 --
2337 2914 2452 2964 aut
2480 2906 2725 2979 talejus
2744 2950 2759 2976 ‚
2788 2903 2971 2981 cujus
3000 2903 3069 2964 in

242 3007 641 3078 possessione
671 3009 884 3067 omnis
917 3008 1118 3080 posita
1149 3007 1228 3067 sit
1267 3023 1462 3068 causa
1490 3050 1506 3077 ‚
1541 3013 1654 3066 aut
1698 3007 1961 3066 omnino
1993 3005 2138 3064 novi
2171 3002 2408 3076 aliquid
2440 3008 2723 3059 statuere
2772 3002 2975 3060 voluit
2992 2996 3057 3070 ⁸).

241 3109 472 3166 Verum
496 3107 675 3167 enim
698 3123 859 3168 vero
883 3124 1011 3167 non
1039 3109 1384 3167 tacendum
1402 3152 1420 3183 ‚
1462 3123 1543 3167 eo
1560 3123 1699 3166 sese
1723 3107 2134 3165 veliementer
2158 3104 2461 3161 inclinare
2482 3101 2826 3159 sorensium
2846 3115 3065 3158 rerum

244 3208 558 3266 antistites
577 3251 595 3279 ‚
640 3215 717 3266 ut
744 3209 1030 3267 omnium
1070 3223 1207 3271 esse
1228 3208 1471 3283 jurium
1498 3216 1563 3268 et
1607 3201 2069 3281 possessionem
2095 3247 2112 3271 ‚
2147 3210 2213 3262 et
2239 3201 2695 3274 usucapionem
2717 3244 2733 3269 ‚
2773 3207 2839 3258 et
2866 3200 3065 3258 vindi-

239 3303 557 3363 cationem
576 3305 946 3364 existiment
970 3324 987 3361 ι
1008 3320 1137 3381 quo
1160 3305 1421 3379 quidem
1447 3304 1597 3362 nihil
1631 3318 1749 3362 nec
1781 3300 2251 3374 imprudentius
2278 3314 2399 3359 nec
2420 3298 2617 3369 inagis
2651 3296 3065 3356 temerarium

239 3406 443 3471 potest
471 3400 749 3480 cogitari
777 3397 844 3469 9).

1141 3615 1167 3689 5
1196 3616 1340 3677 237.
1371 3614 1453 3672 De
1471 3630 1855 3693 possessorum
1874 3612 2155 3691 personis.

314 3830 418 3886 Jus
441 3828 870 3902 possessionis
892 3830 974 3888 ad
1002 3829 1317 3890 neminem
1342 3837 1555 3904 potest
1578 3831 1900 3903 pertinere
1918 3875 1933 3902 ,
1965 3828 2082 3887 nisi
2113 3828 2198 3886 ad
2227 3839 2376 3885 eum
2397 3868 2412 3897 ,
2441 3824 2552 3897 qui
2574 3865 2592 3895 ,
2618 3836 2764 3881 cum
2800 3818 3065 3878 omnino

847 4037 875 4092 S
894 4036 1006 4085 236.
1683 4040 1737 4085 1..
1764 4038 1813 4083 2.
1838 4040 1866 4094 s
1885 4035 1938 4085 ὅ.
1963 4038 2015 4083 D.
2042 4036 2277 4092 deprec.
2300 4033 2483 4090 (xLlll‚
2501 4030 2740 4087 20.)—-l..
2766 4026 2843 4076 10.
2869 4028 2923 4074 C.
2950 4028 3002 4075 li.
3023 4031 3060 4076 e.

1683 4102 1945 4156 (cuperus
1967 4101 2021 4145 P.
2041 4104 2076 4146 t.
2092 4111 2138 4144 e.
2159 4096 2233 4154 4.)
2254 4119 2314 4128 —-
2330 4093 2564 4154 saviam
2585 4094 2611 4146 ς
2629 4092 2708 4138 12.
2736 4116 2791 4124 —-
2813 4103 2865 4137 υ.
2896 4092 3064 4139 Bueli·

303 4158 348 4217 1)
366 4162 417 4207 l..
439 4164 522 4212 23.
544 4167 575 4221 ς
602 4165 656 4210 2.
681 4164 743 4209 D.
771 4161 828 4210 Ιι.
853 4165 890 4209 t.
920 4164 1004 4221 (cf.
1030 4165 1080 4211 l..
1106 4163 1150 4212 1.
1170 4167 1198 4221 ς
1216 4162 1265 4212 6.
1289 4165 1456 4223 eom).
1482 4189 1538 4199 -
1563 4166 1617 4210 1..
1683 4162 1828 4210 liollz
1852 4164 1989 4209 Vers.
2012 4165 2093 4209 ΝΡ.
2122 4160 2245 4206 Vlll.
2276 4157 2348 4204 Ci'.
2376 4158 2402 4210 ς
2425 4169 2527 4214 seq.
2551 4159 2655 4202 not.
2678 4151 2727 4200 4.
2750 4158 2801 4198 et
2818 4150 2869 4199 5.

234 4220 422 4280 ³⁰41.
445 4228 495 4273 3.
522 4224 573 4272 4.
597 4225 734 4272 ndi.
759 4229 798 4271 t.
1744 4219 2193 4284 5)Sav1·qnys119.
2238 4235 2285 4279 ρ.
2328 4217 2422 4265 isos
2461 4231 2534 4276 iq.
2570 4240 2629 4249 -
2666 4216 2738 4264 ci.
2777 4213 3069 4268 antemna

295 4285 342 4341 ἲ)
360 4289 602 4336 Niebuhr
634 4289 694 4334 R.
718 4288 899 4360 (jesch-
925 4287 983 4334 ΙΙ.
1015 4301 1062 4346 p.
1090 4285 1185 4336 570
1214 4303 1320 4349 sqq.
1349 4291 1433 4363 (οξ.
1463 4290 1532 4334 ili.
1566 4301 1614 4346 p.
1683 4298 1733 4359 p.
1774 4284 1839 4333 7⁴
1862 4299 1968 4345 sqq.
1986 4312 2046 4321 -
2067 4281 2306 4356 ‘Rosshi‘rc
2337 4281 2378 4352 Ι..
2408 4283 2443 4353 Ι..
2477 4295 2526 4354 μ.
2557 4276 2762 4351 Ais—74.
2787 4279 3058 4348 7-Caeter.

240 4345 350 4393 358·
377 4349 896 4409 359.).-Savzyny3
927 4351 1040 4395 120.
1077 4353 1324 4399 -Caeter.
1358 4354 1454 4399 vid.
1494 4350 1620 4396 inti-a
1683 4350 1780 4395 vid.
1804 4350 2050 4396 Huschke
2066 4359 2114 4391 in
2136 4341 2487 4403 ephemeridib.
2505 4343 2658 4398 iurid.
2683 4340 2896 4396 Tubing.
2919 4342 2976 4386 Τ.
2998 4340 3055 4387 ΙΙ.

228 4408 382 4482 5242·
417 4412 668 4487 9⁰‘·⁵·.⁸.²
693 4413 1394 4488 “niwimiqfliqscqikeffliair.
1417 4413 1622 4486 laudat.)
1687 4425 1734 4469 p.
1762 4407 1876 4483 3565
1899 4424 2006 4468 sqq.
2064 4473 2073 4484 .
2156 4471 2166 4481 ·
2205 4472 2213 4480 ι
2493 4467 2502 4476 ·

228 4483 314 4546 (13¹¹
332 4485 433 4531 mi
457 4477 821 4585 pnai‘elioeizaiiitn
857 4480 1004 4521 totius
1030 4487 1154 4530 Juris
1186 4489 1498 4535 possessionis
1519 4487 1619 4521 ori-
1684 4538 1731 4584 in
1744 4471 1938 4593 (3³:21.
1943 4471 2187 4592 :fagffld
2203 4470 2539 4525 interpretatio
2550 4478 2660 4513 can.
2679 4463 2729 4512 5.
2751 4466 2805 4511 C.
2825 4465 2875 4511 5.
2898 4477 2982 4522 qii.
3008 4465 3055 4510 1.

286 4600 317 4644 3
347 4600 397 4647 i..
419 4600 470 4648 δ.
498 4615 579 4661 pr.
603 4602 663 4646 Ι).
688 4598 743 4645 li.
770 4603 807 4647 t.
840 4618 904 4631 -
938 4599 1015 4646 Cf.
1039 4600 1091 4646 1..
1113 4598 1163 4649 4.
1186 4604 1212 4657 ς
1237 4599 1316 4648 27.
1340 4601 1409 4647 de
1428 4611 1617 4655 usurp.
1747 4597 1795 4654 7)
1815 4599 1962 4670 0.,13.
1983 4598 2062 4645 14.
2090 4601 2148 4644 Χ.
2167 4595 2233 4642 de
2256 4597 2383 4639 rest.
2407 4589 2618 4665 spoliat.
2644 4589 2854 4668 (lh-13.)-

227 4659 360 4720 (xm,
376 4665 422 4710 3.
1745 4659 1795 4717 8)
1818 4661 1927 4706 Vid.
1950 4673 1994 4705 v.
2017 4673 2060 4705 c.
2086 4672 2130 4706 c.
2157 4660 2204 4706 2.
2228 4660 2286 4703 X.
2309 4659 2371 4702 ut
2388 4655 2476 4702 lits
2497 4654 2659 4711 pond.
2681 4656 2813 4702 nillil
2834 4665 3057 4703 innove-

291 4722 425 4777 ωσι.
449 4728 503 4774 ι..
523 4724 609 4772 23.
634 4728 663 4782 ς
685 4722 737 4770 3.
765 4727 821 4772 n.
851 4736 921 4770 ex
940 4722 1083 4782 quis.
1110 4735 1159 4772 c.
1184 4727 1307 4782 πω.
1335 4726 1440 4781 (ιν,
1461 4722 1531 4781 6.)
1557 4748 1619 4761 -
1685 4728 1795 4770 mr.
1827 4721 2028 4781 (ιι,16.)

230 4784 283 4830 1..
304 4787 353 4832 2.
381 4791 432 4837 in
454 4788 495 4836 i.
520 4792 579 4836 l).
604 4798 803 4835 comm.
820 4786 1014 4844 praed.
1036 4788 1177 4844 (vill,
1193 4786 1263 4846 ⁴.)
1286 4811 1348 4821 --
1367 4791 1417 4835 l..
1445 4788 1523 4834 10.
1544 4799 1619 4844 pr.
1747 4786 1797 4844 tl)
1824 4786 1929 4831 vid.
1956 4784 2209 4833 Auctoris
2231 4781 2424 4828 Cession
2447 4792 2494 4838 p.
2520 4776 2598 4826 14.
2625 4777 2701 4826 15.
2722 4779 2876 4838 20..p.
2901 4777 3056 4827 490—-

224 4847 282 4891 D.
301 4850 350 4895 si
367 4862 516 4897 sei-v.
536 4849 693 4898 vind.
716 4850 864 4907 (vill,
884 4845 953 4904 5.)
992 4874 1046 4884 —
1072 4850 1124 4894 L.
1148 4852 1195 4896 3.
1219 4851 1246 4906 ς
1269 4848 1344 4896 17.
1381 4852 1435 4896 1).
1459 4848 1527 4896 de
1549 4847 1618 4895 vi.
1686 4846 1797 4896 499.
1823 4849 1917 4902 (ed.
1939 4848 2026 4906 9.).
2051 4874 2102 4881 --
2124 4847 2201 4893 Cf.
2226 4851 2275 4891 ct
2298 4843 2578 4898 Hufeland
2598 4845 2630 4890 l.
2655 4846 2688 4891 l.
2714 4856 2762 4903 p.
2788 4839 3059 4893 170-200.

226 4912 403 4975 (mu,
433 4913 534 4971 16.)
559 4939 621 4950 --
646 4914 704 4960 1..
730 4910 784 4960 7.
805 4912 856 4959 in
878 4911 914 4960 i.
940 4915 996 4960 l).
1018 4912 1086 4961 de
1103 4911 1218 4961 iliu.
1245 4913 1424 4975 (xLlll,
1446 4911 1546 4969 19.)
1565 4933 1620 4943 -
1688 4937 1746 4947 --
1771 4912 2017 4960 Huschke
2036 4909 2277 4959 Abiiandl.
2302 4920 2350 4966 p.
2383 4904 2476 4958 104
2493 4918 2597 4965 sqq.
