3544 5506
452 344 567 401 ³52
1192 353 1345 396 rus
1382 351 1538 396 εγω.
1579 352 1699 394 us.
1741 352 1842 394 111.
1882 350 1959 393 nn
1996 347 2513 393 omosrromsus.

452 465 659 527 modis
692 461 1162 535 dispendiisque
1181 502 1197 531 ,
1229 476 1400 535 quae
1421 475 1499 520 ex
1522 461 1750 520 eadem
1787 455 1895 518 illa
1925 472 2120 518 causa
2140 472 2281 517 esse
2308 456 2600 530 protecta
2621 462 2735 515 aut
2766 462 2949 516 certo
2968 463 3225 517 constat
3242 496 3263 525 ‚

453 570 568 623 aut
593 563 679 620 ita
703 567 800 619 est
824 558 1158 633 probabile
1179 602 1195 626 ‚
1229 565 1307 616 ut
1335 557 1488 617 satis
1522 559 1605 616 de
1630 572 1711 615 eo
1746 555 1939 631 judici
1966 556 2121 613 tides
2151 554 2322 614 facta
2348 569 2488 613 esse
2514 555 2817 613 videatur
2845 547 2917 626 ⁹).
2951 555 3267 629 Quoniam

453 666 666 719 autem
701 655 985 730 inprimis
1014 661 1111 714 est
1136 651 1407 714 difficilis
1434 655 1821 713 damnorum
1849 650 2239 719 aestimatio,
2268 665 2440 724 quse
2479 664 2557 708 ex
2594 650 2906 723 pecuniae
2943 652 3267 711 solutione

454 757 697 817 tardius
744 756 913 815 iacta
958 754 1144 814 nobis
1196 754 1610 825 contingant,
1656 753 1897 812 idcirco
1937 753 2211 826 placuit,
2256 760 2365 823 ut,
2403 750 2557 824 quid
2601 751 2855 809 intersit
2893 752 3263 822 creditoris,

450 861 742 927 tempore
779 852 996 911 debito
1038 864 1172 909 non
1200 865 1337 909 esse
1364 850 1600 908 iactam
1640 849 2061 915 solutionem,
2102 848 2485 922 plerumque
2513 861 2857 905 usurarum
2905 848 3099 906 modo
3124 842 3266 905 fini-

449 963 630 1013 retur
654 951 723 1027 8).
779 953 960 1029 Quod
1003 958 1223 1010 tamen
1266 966 1398 1009 non
1426 950 1517 1008 ita
1563 956 1662 1009 est
1690 956 2112 1023 perpetuum,
2152 954 2227 1007 ut
2264 964 2397 1007 non
2426 948 2780 1016 interdum,
2823 948 2936 1021 qui
2963 949 3045 1006 de
3081 962 3158 1005 ea
3191 962 3264 1007 re

441 1040 793 1113 judicaturi
822 1052 948 1109 sint
966 1098 980 1123 ‚
1006 1065 1352 1109 usurarum
1377 1048 1806 1122 quantitatem
1832 1048 2144 1109 excedere
2164 1047 2443 1105 debeant
2463 1065 2482 1122 ς
2505 1049 2569 1104 id
2592 1088 2609 1121 ,
2629 1046 2805 1119 quod
2827 1053 2964 1104 tum
2993 1047 3265 1106 maxime

450 1154 560 1213 tlet
581 1196 598 1225 ‚
626 1167 771 1211 cum
793 1195 810 1223 ‚
838 1166 905 1212 se
930 1158 1112 1211 certo
1135 1151 1280 1209 loco
1308 1151 1670 1209 soluturum
1703 1164 1843 1208 esse
1869 1149 1950 1217 is,
1983 1148 2091 1221 qui
2118 1147 2458 1221 pecuniam
2482 1148 2674 1206 debet
2692 1192 2708 1220 ‚
2745 1146 3034 1219 promisit
3062 1147 3136 1219 ⁹).

1060 1324 1250 1403 5565.
1289 1322 1341 1397 φ)
1376 1320 1505 1391 Qua
1532 1322 1756 1380 ratione
1781 1322 1986 1382 damni
2013 1323 2143 1383 dati
2168 1324 2277 1404 fiat
2300 1323 2646 1383 aestimatio.

528 1531 679 1586 Cum
724 1530 805 1586 de
838 1526 1084 1584 damnis
1123 1527 1531 1585 aestimandis
1572 1529 1941 1600 quaeritur,
1974 1527 2248 1585 maxime
2276 1535 2340 1586 et
2384 1542 2845 1601 personarum,
2884 1524 3262 1599 quibusda-—

448 1638 586 1688 tum
617 1636 711 1688 est
733 1625 1039 1686 damnum
1061 1672 1079 1695 ‚
1111 1634 1176 1687 et
1205 1629 1325 1686 loci
1346 1671 1364 1701 ,
1393 1636 1457 1686 et
1485 1630 1832 1703 temporie,
1864 1636 1931 1687 et
1968 1626 2164 1703 ipsius
2190 1645 2422 1688 causae
2443 1672 2461 1705 ‚
2496 1644 2665 1703 quae
2690 1628 2902 1688 intulit
2927 1630 3259 1701 damnum,

448 1730 615 1788 ratio
634 1729 928 1787 habenda
942 1734 1061 1787 est.
1087 1724 1135 1800 1)
1166 1732 1238 1786 Et
1261 1744 1684 1801 personarum
1707 1730 1966 1802 quidem
1997 1731 2084 1788 ita
2103 1774 2119 1798 ‚
2150 1736 2225 1787 ut
2250 1730 2390 1805 ejus
2412 1733 2586 1803 quod
2605 1722 2871 1789 interest
2898 1729 3261 1787 aestimatio

448 1842 580 1884 non
632 1826 826 1883 modo
874 1825 955 1882 ad
1000 1839 1341 1882 commune
1376 1839 1591 1882 rerum
1634 1825 1912 1897 pretium
1968 1823 2306 1883 referenda
2350 1826 2465 1901 sit,
2503 1841 2728 1884 verum
2768 1825 2998 1894 etiam,
3035 1823 3263 1897 quanti

450 1924 644 1996 ipsius
663 1966 679 1992 ‚
708 1923 815 1998 qui
846 1924 1153 1979 damnum
1177 1936 1398 1994 passus
1421 1928 1550 1997 est,
1586 1921 1994 1994 singulariter
2017 1923 2322 1980 interesse
2357 1922 2585 1995 possit,
2616 1924 2925 1980 damnum
2963 1936 3095 1979 non
3121 1935 3260 1980 esse

448 2022 685 2080 iactum
706 2062 722 2089 ‚
757 2023 1139 2095 plerumque
1166 2021 1562 2079 considerari
1585 2022 1816 2081 debeat
1838 2021 1876 2097 ¹)
1901 2062 1917 2087 .
1947 2022 2037 2081 sic
2059 2028 2276 2080 tamen
2296 2062 2313 2090 ‚
2340 2028 2416 2079 ut
2437 2034 2658 2081 rerum
2686 2023 2784 2081 vel
2818 2028 3261 2094 peremtarum

445 2119 548 2176 vel
575 2118 854 2175 deterius
884 2116 1198 2175 factarum
1225 2117 1403 2174 nullo
1443 2118 1635 2175 modo
1679 2112 2041 2176 aestimatio
2078 2133 2153 2175 ex
2181 2118 2486 2188 singulari
2527 2120 2806 2192 quadam
2832 2131 3259 2190 personarum

445 2218 527 2276 ad
562 2217 727 2290 ipsas
758 2217 1096 2275 affectione
1130 2214 1423 2274 facienda
1463 2216 1543 2274 sit
1564 2213 1634 2290 ²).
1667 2219 1740 2291 ll)
1769 2221 1971 2276 Locus
1999 2216 2061 2273 in
2103 2217 2352 2276 damnis
2380 2218 2789 2277 aestimandis
2819 2210 3259 2289 respiciendus

446 2319 540 2373 est
571 2315 656 2382 is,
683 2314 790 2371 ubi
818 2319 932 2370 aut
959 2313 1100 2370 dari
1130 2314 1228 2369 vel
1254 2314 1413 2372 solvi
1443 2313 1663 2370 debuit
1682 2357 1698 2382 ‚
1742 2320 1857 2370 aut
1891 2314 1998 2371 ubi
2024 2314 2263 2386 petitur
2291 2329 2428 2384 res,
2469 2330 2637 2389 quae
2666 2315 2879 2372 danda
2920 2318 3257 2388 praestan·

444 2411 607 2468 dave
627 2414 722 2467 est
746 2407 814 2482 ³).
847 2406 947 2481 111)
974 2408 1301 2480 Temporis
1323 2409 1488 2467 ratio
1515 2409 1813 2467 habenda
1837 2417 1932 2467 est
1967 2410 2090 2468 hoc
2112 2412 2341 2479 modo,
2370 2417 2477 2483 ut,
2507 2412 2554 2468 si
2582 2407 2841 2483 quidem
2868 2415 3120 2468 certum
3150 2424 3258 2468 so·

444 2506 701 2565 lutionis
743 2511 997 2576 tempus
1027 2505 1447 2563 constitutum
1486 2510 1609 2574 est,
1636 2520 1711 2562 ex
1740 2520 1821 2564 eo
1851 2512 2142 2579 tempore
2169 2522 2273 2565 res
2308 2508 2682 2566 aestimetur
2703 2550 2721 2583 ,
2751 2508 2842 2565 sic
2880 2512 3100 2564 tamen
3119 2549 3137 2575 ‚
3181 2512 3261 2563 ut

445 2621 630 2664 mora
655 2600 1129 2661 interveniente
1153 2604 1217 2660 id
1240 2605 1432 2661 etiam
1458 2606 1916 2676 praestandum
1944 2605 2022 2663 sit
2040 2646 2057 2679 ,
2096 2603 2320 2678 quanti
2351 2607 2603 2680 plurimi
2635 2607 2827 2666 fuerit
2856 2621 2959 2663 res
2982 2621 3063 2664 eo
3091 2612 3258 2663 tem-

446 2705 625 2779 poris
651 2704 892 2777 spatio,
921 2704 1095 2776 quod
1130 2702 1299 2786 inter
1332 2718 1583 2763 moram
1612 2720 1882 2778 remque
1901 2705 2255 2779 judicatam
2298 2707 2706 2782 interjectum
2734 2713 2864 2784 est3
2908 2707 3005 2764 sin
3032 2719 3250 2769 secus.

448 2806 511 2862 in
557 2805 809 2876 generis
853 2804 1113 2875 quidem
1164 2803 1657 2875 obligationibus
1687 2806 1811 2863 litis
1860 2813 2260 2866 contestatae
2296 2813 2549 2881 tempus
2576 2808 2995 2880 spectandum
3023 2807 3139 2878 sit,
3186 2805 3255 2864 in

446 2904 777 2977 speciebus
815 2918 970 2962 vero
997 2898 1224 2961 debitis
1247 2910 1362 2960 aut
1390 2904 1469 2962 ad
1505 2904 1626 2963 litis
1654 2907 2134 2966 contestationis
2156 2913 2270 2965 aut
2296 2909 2378 2965 ad
2415 2907 2963 2966 condemnationis
3001 2912 3255 2977 tempus

506 3092 556 3152 7)
578 3097 630 3142 1..
656 3094 735 3142 21.
759 3093 852 3151 85.
878 3098 930 3142 D.
956 3095 1024 3143 de
1045 3107 1100 3143 α.
1119 3109 1169 3143 e.
1192 3109 1241 3144 v.
1268 3096 1464 3153 (Paul.
1512 3114 1537 3143 u
1567 3100 1687 3147 Cum
1730 3111 1819 3158 pet·

447 3158 748 3206 venditorem
780 3159 999 3216 steterit,
1018 3171 1117 3217 quo
1140 3162 1299 3205 minus
1320 3172 1424 3207 rem
1447 3163 1630 3223 tradat,
1654 3166 1815 3213 omnis

446 3221 632 3268 utilitas
651 3223 851 3268 emtoris
875 3222 923 3267 in
946 3223 1335 3269 aestimationem
1354 3225 1509 3282 venit,
1525 3236 1650 3283 quse
1670 3227 1816 3275 modo

445 3284 572 3330 circa
595 3284 753 3341 ipsam
777 3296 882 3331 rem
907 3286 1156 3330 consistit:
1183 3297 1342 3344 neque
1378 3288 1512 3332 enim
1534 3321 1548 3340 .,
1581 3288 1621 3332 si
1657 3292 1816 3345 potuit

450 3356 512 3391 ex
537 3345 673 3400 vino,
694 3351 832 3406 puts,
854 3348 1093 3403 negotiari
1113 3353 1163 3392 et
1185 3348 1371 3394 lucrum
1395 3349 1575 3405 facere,
1596 3349 1643 3395 id
1666 3354 1813 3398 aesti-

445 3409 681 3454 mandum
703 3414 776 3455 est
794 3442 810 3465 ,
828 3419 930 3454 non
954 3410 1108 3467 magis
1125 3422 1275 3468 quam
1299 3411 1335 3456 si
1359 3412 1576 3458 triticum
1601 3414 1775 3459 emerit
1797 3448 1813 3470 ‚

445 3475 496 3515 et
515 3471 581 3517 ob
601 3482 712 3517 eam
730 3482 854 3527 rem,
868 3472 1000 3528 quod
1018 3483 1113 3518 non
1138 3473 1201 3518 sit
1225 3475 1481 3530 traditum,
1500 3467 1688 3521 familia
1709 3475 1816 3530 eius

445 3532 576 3579 fame
601 3533 922 3579 laboraverit:
950 3544 1063 3580 nam
1087 3536 1296 3592 pretium
1327 3537 1497 3591 tritici,
1527 3546 1628 3582 non
1649 3548 1817 3586 servo·

445 3606 556 3640 rum
580 3594 710 3640 fame
733 3601 1020 3642 necatorum
1035 3630 1050 3652 ‚
1072 3599 1387 3655 consequitur
1413 3612 1426 3659 ;
1465 3609 1553 3643 nec
1576 3599 1734 3653 major
1757 3602 1813 3648 flt

444 3657 680 3714 obligatio
701 3690 716 3713 ‚
738 3658 868 3716 quod
887 3660 1071 3704 tardius
1090 3662 1272 3719 agitur,
1292 3659 1513 3718 quamvis
1533 3666 1717 3706 crescat
1737 3695 1753 3721 ‚
1772 3665 1812 3710 si

444 3721 614 3765 vinum
637 3718 779 3765 hodie
803 3721 954 3778 pluris
970 3721 1084 3766 sit.»
1113 3723 1128 3776 )
1169 3745 1224 3753 -
1267 3726 1422 3781 Atque
1446 3728 1643 3780 propter
1664 3734 1809 3784 supe-

445 3783 574 3827 riora
598 3782 732 3827 Pauli
757 3780 903 3828 verba
941 3784 1237 3829 recentiores
1279 3786 1520 3831 damnum
1558 3785 1683 3829 circa
1704 3800 1807 3835 rem

445 3844 618 3889 datum
653 3844 698 3889 el
742 3849 1024 3902 opponunt,
1046 3846 1176 3902 quod
1217 3851 1355 3893 extra
1397 3859 1500 3893 rem
1523 3848 1696 3894 datum
1719 3856 1811 3899 est.

445 3906 546 3962 Qua
589 3907 650 3951 de
688 3907 785 3955 vid.
815 3906 883 3953 de
907 3909 1033 3953 Gau
1075 3908 1112 3953 l.
1160 3909 1194 3953 l.
1238 3907 1427 3964 (8560.
1452 3914 1555 3955 not.
1581 3910 1617 3954 '.
1642 3911 1816 3971 laud.)

445 3980 495 4025 p.
512 3965 623 4014 763.
646 3965 757 4016 764.
778 3992 836 4001 -
853 3972 1083 4029 Magnus
1109 3971 1143 4015 l.
1163 3972 1199 4016 1.
1221 3983 1264 4017 c.
1283 3969 1331 4017 7.
1359 3969 1636 4019 8-6Ιᾶοή
1660 3975 1816 4022 Pand.

446 4031 523 4076 lv.
549 4032 575 4084 S
597 4031 707 4139 33825.
733 4027 1068 4140 piro—4⁴5.
1095 4055 1157 4065 —-
1187 4032 1474 4082 Schoeman
1496 4035 1821 4084 Scbadenser·

445 4097 549 4139 saiz
573 4103 624 4149 p.
706 4118 761 4127 —
828 4095 874 4140 3.

506 4152 556 4210 8)
601 4155 650 4199 1..
699 4153 771 4203 19.
810 4157 864 4203 D.
903 4155 972 4202 de
1001 4167 1115 4213 per.
1158 4160 1216 4204 et
1243 4157 1514 4206 commodo
1547 4158 1625 4206 rei
1655 4155 1815 4204 vend.

443 4217 631 4273 (xviii,
652 4215 785 4275 6.)-
799 4217 851 4263 1..
874 4216 956 4264 70.
980 4221 1006 4275 S
1028 4220 1076 4268 1.
1096 4222 1150 4268 D.
1173 4219 1243 4268 de
1265 4222 1366 4282 leq.
1390 4224 1448 4268 11.
1473 4247 1534 4256 -
1568 4225 1625 4268 G.
1649 4220 1821 4267 Noodt

444 4281 505 4327 de
529 4291 669 4326 usur.
696 4281 799 4326 Lib.
831 4282 883 4326 11.
916 4292 961 4327 c.
980 4278 1030 4329 6.

506 4340 556 4401 0)
579 4344 631 4388 1..
653 4341 702 4389 2.
725 4345 752 4399 ς
776 4343 861 4388 uit.
891 4344 946 4388 D.
973 4343 1041 4391 de
1060 4356 1142 4406 eo,
1168 4343 1314 4403 qnod
1332 4347 1477 4391 certo
1498 4347 1627 4393 loco.
1651 4345 1772 4404 (xill
1797 4379 1813 4405 ‚

440 4402 491 4451 ⁴.
517 4403 534 4460 )
567 4429 626 4438 -
663 4406 770 4451 vid.
796 4407 862 4450 Η.
903 4406 1107 4454 Donelli
1124 4411 1387 4453 comment.
1421 4408 1483 4464 (ς
1502 4407 1614 4455 360.
1639 4415 1743 4455 not.
1768 4408 1812 4433 ⁸¹·

443 4467 580 4513 laud.
602 4469 619 4524 )
642 4480 685 4513 c.
723 4466 802 4513 93.
839 4490 896 4500 --
933 4470 1156 4516 Noodtl.
1184 4472 1216 4516 l.
1238 4478 1286 4514 et
1309 4470 1544 4517 Gesterd.
1568 4473 1602 4517 1.
1622 4471 1656 4516 Ι.
1680 4483 1728 4528 p.
1751 4470 1809 4519 st

444 4541 553 4587 sqq.
574 4554 631 4563 --
657 4528 733 4577 Ct‘.
756 4536 805 4576 et
829 4529 938 4576 Rec.
966 4533 1079 4589 dep.
1104 4532 1228 4590 Spir.
1254 4532 1314 4576 de
1340 4529 1480 4579 1600.
1500 4535 1526 4588 ς
1549 4530 1658 4580 139.
1705 4532 1815 4581 «So

442 4592 531 4636 ord
542 4605 636 4638 nen
649 4593 740 4638 wir
760 4627 775 4650 ,
795 4592 904 4637 dass
919 4594 1053 4640 solch
1077 4597 1312 4640 interesse
1327 4606 1355 4639 a
1379 4598 1602 4654 tempore
1644 4607 1814 4643 morae

444 4658 671 4701 erstattet
711 4654 811 4700 und
845 4655 1190 4713 derentwegeu
1214 4657 1312 4702 den
1333 4658 1614 4704 Creditoren
1640 4656 1673 4705 5
1694 4658 1811 4704 Gul-

443 4717 539 4763 den
565 4729 675 4763 vom
696 4717 913 4762 hundert
945 4719 1066 4780 oder
1086 4719 1206 4765 aber
1227 4722 1338 4765 <iem
1358 4721 1596 4768 Creditori
1621 4721 1754 4767 solcis
1776 4717 1809 4768 5

442 4777 636 4826 Golden
678 4778 816 4826 nicht
852 4779 1126 4828 annemlicb
1149 4813 1166 4838 ‚
1197 4782 1407 4827 sondern
1445 4794 1500 4829 er
1529 4786 1809 4832 vermeinen

441 4843 638 4899 volite,
661 4846 762 4887 tam
786 4853 844 4888 ex
874 4844 1012 4890 lucro
1030 4847 1255 4889 cessante
1275 4855 1424 4902 quam
1446 4845 1628 4894 damno
1648 4858 1808 4893 emer·

442 4908 588 4961 gente
603 4904 684 4950 ein
704 4902 920 4951 mehrers
950 4917 1013 4952 zu
1045 4905 1244 4953 fordern
1270 4939 1286 4965 ‚
1308 4905 1419 4954 (lass
1449 4909 1584 4956 ihme
1603 4910 1808 4959 alsdann

1879 3104 1984 3149 scin
2013 3114 2139 3212 gaas
2170 3104 2405 3150 interesse
2428 3115 2491 3150 zu
2524 3102 2789 3152 deduciren
2809 3129 2866 3139 -
2885 3102 3251 3151 unbenommen

1879 3177 1997 3224 seyn
2019 3177 2074 3211 so
2117 3200 2129 3212 .
2154 3180 2180 3208 η

2473 3273 2644 3333 3365.

1941 3355 1986 3406 1)
2007 3354 2061 3400 Ι..
2082 3351 2164 3401 24.
2189 3354 2242 3399 D.
2273 3353 2342 3399 de
2364 3363 2603 3414 re9.Jur.
2632 3381 2689 3390 —
2710 3358 2764 3402 Ι..
2786 3352 2869 3402 54.
2892 3357 2945 3401 D.
2973 3356 3042 3403 de
3060 3358 3160 3418 leq.
3187 3359 3251 3404 11.

1877 3418 1980 3473 Quo
1999 3417 2148 3463 etiam
2169 3416 2453 3462 referendae
2484 3424 2597 3464 sunt
2627 3418 3053 3476 frequentissimae
3070 3420 3255 3475 injure

1877 3485 2047 3527 nostro
2067 3480 2295 3537 loquendi
2317 3477 2558 3527 formulae
2584 3495 2595 3526 :
2621 3483 2789 3538 quanti
2820 3477 3053 3537 actoris,
3074 3483 3253 3540 qnsnti

1879 3549 1983 3588 sua
2005 3542 2201 3587 interest
2217 3554 2230 3600 ς
2252 3540 2349 3588 rel.
2374 3542 2457 3600 (εἰ.
2470 3541 2631 3590 σῖεῐεΙε
2643 3543 2795 3589 Pauci.
2807 3545 2907 3590 Xli.
2931 3555 2980 3601 p.
2990 3541 3087 3591 423
3099 3549 3252 3604 ηιμ).

1874 3629 1935 3638 -
1955 3604 2269 3662 Excipiuntur
2286 3614 2460 3650 causae
2480 3638 2495 3660 ‚
2515 3617 2640 3663 quae
2668 3607 2809 3664 pretii
2832 3611 3025 3653 tantum
3045 3641 3063 3662 ,
3084 3619 3254 3664 quan-

1876 3666 2054 3712 tumvis
2070 3666 2374 3724 maumam
2396 3668 2590 3723 quanti
2610 3678 2677 3714 ea
2699 3679 2789 3714 res
2808 3672 2907 3729 est,
2929 3679 3029 3715 non
3052 3671 3254 3727 proprie

1872 3729 1975 3784 clus
1999 3762 2011 3788 ‚
2036 3730 2165 3786 quod
2186 3728 2387 3775 interest
2408 3728 2455 3782 {S
2469 3728 2580 3776 360.
2606 3731 2657 3776 in
2676 3730 2753 3788 1.),
2776 3728 2925 3777 habet
2943 3731 3251 3780 aestimatio·

1871 3802 1983 3836 nem
2007 3792 2055 3836 l..
2080 3789 2158 3836 33.
2181 3802 2254 3847 pr.
2274 3792 2330 3836 D.
2353 3790 2498 3836 adL.
2526 3792 2706 3850 Aquil.
2742 3816 2801 3825 —
2837 3792 2983 3840 1..63.
3011 3795 3068 3840 D.
3091 3797 3246 3843 adl.

1877 3845 2074 3900 Falcid.
2099 3852 2115 3909 (
2136 3853 2322 3910 xxxv,
2344 3853 2391 3899 2.
2418 3856 2435 3910 )
2458 3853 2550 3907 (cf.
2577 3854 2739 3903 Glack
2775 3857 2929 3902 Pand.
2953 3856 3034 3904 lv.
3055 3871 3105 3917 p.
3128 3855 3246 3908 ⁴39.

1880 3921 1981 3961 not.
2009 3913 2126 3971 25.).
2162 3938 2223 3947 —
2257 3916 2308 3960 1..
2330 3911 2381 3963 3.
2403 3918 2429 3972 ς
2452 3918 2528 3963 11.
2554 3918 2608 3964 D.
2631 3913 2918 3974 utimum.
2941 3921 3120 3976 (xuu,
3144 3920 3249 3981 17.)

1879 3978 1925 4036 (ιι
1945 3978 2118 4033 Quanti
2142 3988 2217 4022 res
2235 3983 2326 4030 est.
2349 3980 2418 4024 sic
2441 3980 2722 4037 accipimus.
2742 3982 2914 4038 quanti
2935 3983 3254 4041 uniuscujus-

1880 4052 1975 4099 que
1996 4043 2219 4098 lnterest‚
2243 4042 2592 4098 possessionem
2611 4045 2836 4090 retinere.
2851 4046 2907 4102 n)

1943 4102 1993 4158 2)
2016 4097 2179 4160 Neque
2210 4105 2454 4151 contraria
2496 4109 2569 4150 est
2612 4107 2664 4152 1..
2690 4104 2769 4153 54.
2792 4117 2867 4162 pr.
2899 4107 2954 4152 D.
2980 4109 3250 4170 mandati,

1880 4167 2057 4225 qnippe
2076 4165 2137 4211 de
2157 4176 2300 4211 causa
2314 4178 2410 4213 non
2426 4168 2487 4214 de
2497 4169 2654 4224 pretio
2674 4169 2879 4216 actionis
2896 4170 3247 4236 intelligendu

1879 4234 2027 4286 atque
2049 4226 2269 4274 similiter
2291 4231 2683 4288 interpretandae
2722 4236 2835 4277 sunt
2876 4232 2927 4276 1..
2971 4230 3054 4279 55.
3094 4236 3152 4280 D.
3176 4237 3252 4285 de

1878 4290 2067 4337 minor.
2086 4293 2103 4349 (
2124 4292 2204 4344 lv,
2225 4287 2310 4349 4.)
2343 4311 2406 4327 -ι-
2439 4294 2490 4338 i..
2512 4289 2562 4338 6.
2587 4307 2663 4351 pr.
2686 4299 2734 4340 et
2758 4295 2809 4340 t..
2833 4289 2887 4341 7.
2920 4296 2975 4341 D.
2997 4295 3064 4341 de
3098 4308 3248 4347 serv.

1876 4357 2083 4411 empore.
2105 4354 2262 4408 (leil
2281 4389 2295 4414 ,
2318 4354 2388 4413 7.)
2411 4379 2468 4388 --
2489 4356 2539 4402 1..
2564 4354 2644 4404 86.
2669 4358 2724 4403 D.
2747 4356 2817 4404 de
2836 4353 2986 4406 bonis
3006 4357 3249 4412 (themor.

1876 4416 2154 4472 (xxxviii,
2177 4416 2247 4472 Ξ.)
2270 4441 2332 4450 -
2366 4417 2472 4465 vid.
2499 4419 2699 4476 Cnjaeii
2720 4422 2882 4467 recitt.
2901 4421 2963 4467 ad
2980 4421 3245 4479 Papinian.

1876 4478 1982 4524 Lib.
2006 4479 2193 4524 xxvii.
2220 4479 2412 4533 Quaest.
2434 4480 2497 4526 ad
2521 4482 2571 4528 1..
2591 4481 2670 4530 5⁴.
2697 4483 2955 4530 mandati.
2973 4485 3115 4530 -11.
3142 4487 3251 4533 Do-

1877 4542 2053 4587 nellus
2077 4543 2113 4586 l.
2136 4542 2170 4586 1.
2207 4541 2259 4585 Ι..
2284 4539 2362 4589 15.
2406 4554 2455 4601 p.
2501 4542 2642 4592 1369.
2675 4539 2755 4591 70.
2793 4568 2852 4578 -
2885 4545 2956 4592 de
2988 4548 3121 4594 Gau
3142 4549 3175 4593 Ι.
3196 4558 3243 4600 c.

1876 4613 1925 4660 p.
1949 4600 2060 4650 763.
2084 4627 2141 4636 -
2161 4603 2365 4651 Dissent.
2386 4608 2615 4665 Maymu
2638 4609 2672 4654 l.
2708 4619 2751 4653 c.
2786 4609 2841 4655 C.
2886 4605 2936 4655 6.
2963 4631 3022 4640 ——-
3052 4610 3249 4659 Schoe-

1874 4660 2462 4774 m1g⁰h1³0d²⁰⁸⁸mm
2496 4671 2555 4717 il.
2590 4681 2640 4729 p.
2663 4666 2754 4715 15⁴
2777 4682 2884 4729 sqq.
2903 4669 3050 4717 —cf.
3086 4673 3114 4728 ς
3137 4685 3247 4736 seq,

1874 4732 1981 4773 not.
2073 4762 2085 4774 .
2179 4759 2192 4773 .

1932 4791 1981 4847 3)
2004 4792 2055 4838 i..
2077 4790 2157 4837 23.
2182 4790 2232 4837 in
2254 4791 2288 4836 f.
2315 4793 2369 4838 D.
2394 4792 2460 4840 de
2481 4795 2541 4840 R.
2571 4796 2621 4841 C.
2648 4792 2943 4853 (Χ11,1.)-
2967 4799 3023 4846 1..
3050 4797 3102 4847 4.
3128 4802 3180 4848 in
3206 4804 3247 4850 ί.

1870 4851 1926 4898 D.
1949 4851 2017 4899 de
2036 4853 2194 4901 cond.
2222 4854 2331 4902 trie.
2356 4857 2499 4915 (xm,
2515 4857 2585 4914 3.)
2621 4881 2675 4890 —-
2712 4858 2767 4904 t..
2784 4853 2836 4903 2.
2857 4860 2885 4913 s
2901 4859 2951 4907 3.
2985 4862 3044 4911 D.
3064 4861 3138 4912 de
3155 4875 3249 4927 eu,

1870 4914 2019 4972 quod
2034 4918 2182 4965 certo
2199 4919 2329 4966 loco.
2351 4919 2493 4978 (xm,
2514 4916 2585 4975 4.)
