3544 5506
935 342 1073 385 car.
1117 343 1260 385 ιω.
1301 343 1462 395 Qum.
1508 344 1653 385 non.
1697 344 1865 386 του..
1907 343 2357 387 οΒιιοΑτωΜε.
2947 333 3060 391 459

275 456 487 523 debita,
520 461 863 530 postquam
878 461 999 514 aut
1027 470 1209 514 mora
1233 454 1404 515 facta
1430 461 1527 515 est
1548 471 1666 531 per
1686 457 2075 516 creditorem
2093 500 2111 528 ,
2146 464 2262 515 aut
2286 456 2415 516 alio
2446 458 2640 518 modo
2671 473 2748 518 ex
2772 474 3052 532 persona

279 557 389 629 rjus
403 556 747 629 impeditur
770 596 783 624 ‚
809 568 940 629 quo
960 555 1171 614 minus
1191 555 1306 629 ipsi
1331 562 1469 613 tute
1490 556 1649 614 solvi
1674 558 1903 629 possit,
1927 556 2368 634 obsignatione
2392 557 2565 617 facta
2588 561 2757 632 apud
2774 560 3059 635 judicem

278 653 595 725 deponitur
624 648 709 727 ⁶);
754 648 982 724 quodsi
1008 645 1171 709 aliae
1197 666 1300 709 res
1333 651 1395 708 in
1440 652 1828 723 obligatione
1852 659 2034 722 sunt,
2070 653 2206 729 jam
2235 654 2739 731 derelinquendo
2779 670 2925 733 eas,
2959 659 3059 716 vel

273 741 636 807 effundendo
664 745 918 806 debitor
941 745 1248 806 liberatur
1274 788 1293 817 ,
1319 742 1562 806 scilicet
1581 747 2070 807 denuntiatione
2101 756 2291 808 antea
2320 749 2442 808 rite
2465 748 2632 812 facta
2659 751 2728 820 ⁷).

1177 943 1322 1003 468.
1352 938 1413 1017 C)
1443 940 1528 1000 Do
1544 938 1856 1021 probanda
1876 940 2175 1004 solutione.

338 1123 646 1183 Probandi
675 1138 841 1183 onus
862 1123 919 1183 ei
955 1116 1299 1194 incumbit,
1335 1123 1448 1195 qui
1481 1121 1716 1181 factam
1741 1138 1878 1182 esse
1905 1119 2291 1183 solutionem
2319 1132 2642 1184 asseverat
2672 1123 2738 1200 ¹).
2776 1126 2883 1183 Cui
2915 1143 3061 1200 pro-

269 1224 490 1283 bationi
509 1223 794 1295 inprimis
823 1222 1111 1296 apochae
1138 1218 1490 1281 inserviunt
1517 1218 1587 1293 ²),
1622 1227 1758 1281 tum
1785 1223 1978 1281 etiam
2002 1231 2195 1284 testes
2212 1269 2229 1297 ‚
2261 1224 2346 1282 ita
2370 1226 2658 1298 quidem,
2683 1232 2756 1283 ut
2779 1227 3062 1300 quinque
3123 1260 3126 1265 -

268 1326 373 1383 sint
397 1318 739 1400 necessarii
776 1331 969 1381 testes
997 1323 1076 1380 ad
1106 1321 1495 1382 solutionem
1544 1324 1979 1394 probandam,
2031 1324 2280 1396 quoties
2327 1324 2391 1381 in
2436 1324 2686 1397 scriptis
2716 1340 2784 1383 se
2825 1326 3062 1386 debere

267 1421 471 1494 aliquis
507 1418 827 1492 professus
857 1426 988 1494 est,
1028 1433 1149 1477 nec
1181 1419 1504 1478 redditum
1540 1414 2038 1491 chirographum
2066 1415 2136 1495 ³).
2169 1424 2500 1479 Praeterea
2530 1419 2763 1479 factam
2798 1436 2935 1481 esse
2957 1438 3062 1481 so-

265 1520 557 1578 lutionem
583 1519 1015 1592 praesumitur
1035 1566 1052 1591 ,
1097 1533 1244 1576 cum
1268 1526 1380 1577 aut
1407 1518 1698 1578 redditae
1730 1524 1881 1577 sunt
1912 1520 2248 1578 cautiones
2273 1516 2349 1595 ⁴),
2380 1528 2491 1579 aut
2522 1527 2868 1593 corruptae
2890 1516 3062 1580 inve-

264 1620 511 1677 niuntur
536 1614 621 1691 ⁵);
653 1633 819 1692 quae
838 1618 1095 1690 quidem
1120 1616 1513 1693 praesumtio
1533 1633 1610 1677 ex
1631 1634 1856 1678 earum
1874 1633 2111 1691 genere
2133 1625 2230 1678 est
2250 1662 2268 1691 ,
2292 1619 2522 1694 quibus
2545 1634 2674 1677 non
2705 1621 3060 1680 excluditur

264 1712 558 1779 contrarii
584 1711 885 1792 probatio
910 1716 985 1792 ¹⁵).

940 1915 967 1989 ς
1000 1911 1141 1971 469.
1176 1908 1245 1987 D)
1276 1907 1589 1970 solutionis
1608 1904 1795 1986 factae
1820 1908 1906 1968 vis
1932 1917 2104 1989 atque
2128 1907 2374 1991 effectus.

333 2108 674 2168 solutionis
701 2107 822 2167 rite
865 2106 1073 2166 sactae
1116 2107 1277 2165 haec
1307 2112 1404 2166 est
1438 2107 1565 2180 vis,
1596 2114 1670 2164 ut
1703 2107 1841 2179 ipso
1862 2106 2013 2181 jure
2045 2115 2108 2165 et
2137 2107 2389 2166 debitor
2415 2107 2723 2166 liberetur
2745 2151 2763 2184 ‚
2795 2114 2856 2167 et
2890 2126 3056 2182 quae

257 2209 471 2266 crediti
500 2208 725 2266 tuendi
753 2224 946 2267 causa
980 2208 1037 2267 ei
1068 2214 1479 2266 accesserunt
1506 2208 1926 2279 obligationes
1949 2250 1966 2278 ,
2011 2214 2084 2264 ut
2115 2207 2558 2281 ildeJussorum
2584 2249 2604 2280 ,
2649 2215 2721 2266 ut
2752 2208 3057 2281 hypothe-

253 2323 464 2367 carum
482 2352 499 2380 ,
525 2310 813 2368 similiter
830 2310 1139 2368 tollantur
1162 2306 1229 2383 ¹).
1253 2312 1391 2367 Jam
1414 2309 1463 2367 si
1488 2310 1559 2380 is,
1588 2309 1696 2382 qui
1723 2304 2016 2382 pluribus
2040 2325 2114 2368 ex
2134 2310 2342 2369 causis
2363 2311 2616 2370 debitor
2635 2317 2753 2381 est,
2778 2311 3058 2385 aliquam

251 2406 551 2465 solvendo
584 2406 893 2480 pecuniae
933 2422 1246 2465 summam
1266 2446 1283 2472 ‚
1315 2421 1448 2466 non
1488 2401 1637 2464 dicit
1663 2449 1681 2475 ,
1710 2406 1794 2463 in*
1826 2408 2155 2479 quodnam
2187 2407 2560 2479 potissimun
2589 2406 2874 2465 debitum
2909 2408 3057 2466 velit

249 2502 525 2561 solutum
550 2505 749 2576 (quod
775 2503 1032 2577 quidem
1061 2503 1454 2577 permittitur
1481 2503 1574 2573 ei,
1607 2502 1656 2560 si
1701 2499 1851 2561 nihil
1882 2509 2223 2577 praeterea
2255 2502 2542 2575 obstat),
2573 2509 2707 2560 tum
2733 2504 3016 2561 creditor
3035 2549 3053 2575 ,

248 2601 504 2660 cuinam
545 2609 887 2676 acceptum
917 2601 1114 2676 serat,
1152 2604 1239 2660 ita
1272 2596 1649 2672 constituat,
1691 2603 2233 2676 quemadmodum
2266 2603 2540 2662 voluisse
2565 2603 2921 2661 debitorem
2949 2618 3057 2662 ve-

248 2695 506 2758 risimile
529 2704 626 2758 est
648 2694 721 2776 2);
749 2715 876 2774 qua
918 2699 982 2758 in
1014 2715 1118 2771 re,
1159 2695 1279 2759 nisi
1308 2701 1495 2758 aliter
1533 2700 1702 2758 inter
1748 2706 1964 2772 partes
1996 2704 2210 2759 actum
2256 2714 2394 2759 esse
2427 2706 2774 2773 appareat,
2809 2700 2929 2758 hae
2955 2714 3058 2759 se-

248 2800 547 2871 quendae
569 2807 717 2858 sunt
734 2802 903 2873 leges
920 2817 935 2858 t
942 2798 1230 2878 primum,
1252 2800 1407 2858 utin
1421 2799 1779 2877 graviorem
1798 2814 2055 2858 causam
2075 2800 2357 2859 solutum
2376 2800 2670 2858 videatur
2689 2817 2706 2875 ;
2728 2805 2824 2858 est
2840 2806 3056 2858 autem

252 2894 513 2976 gravior
549 2915 745 2988 causa
772 2918 789 2956 ε
819 2901 904 2960 ob
949 2916 1144 2974 quam
1172 2899 1432 2959 infamia
1462 2906 1774 2973 sequatur
1817 2901 2354 2967 condemnatum,
2397 2894 2600 2958 aliave
2632 2914 2876 2973 poena.
2922 2905 3056 2957 tum

248 3010 414 3066 quae
435 2997 557 3054 sub
584 2997 792 3055 usuris
819 2997 1126 3070 debetur,
1159 2997 1343 3055 cuive
1378 2997 1644 3070 pignora
1676 3004 2084 3054 accesserunt
2118 2998 2213 3054 vel
2248 2996 2656 3070 fidejussores
2675 3036 2693 3063 ,
2719 3001 3059 3068 praeterea

252 3089 435 3165 cujus
457 3091 595 3150 dies
616 3094 716 3151 vel
736 3092 1015 3151 conditio
1045 3093 1316 3162 exstitit,
1349 3107 1601 3165 quaeve
1624 3107 1745 3149 nec
1780 3087 1914 3148 aliis
1939 3091 2186 3149 excludi
2209 3096 2420 3163 potest
2443 3090 2956 3162 exceptionibus,
2981 3106 3057 3147 ea

253 3206 556 3266 quoque,
587 3210 755 3267 quae
777 3194 1246 3268 principaliter,
1276 3209 1407 3253 non
1434 3191 1831 3267 fidejussorio
1855 3193 2113 3250 nomine
2137 3193 2376 3264 obligat
2393 3235 2410 3260 ,
2438 3192 2712 3264 denique
2737 3190 3060 3263 antiquior

245 3304 470 3348 causa.
497 3286 743 3358 Deinde,
773 3297 844 3349 ut
880 3291 1090 3365 primo
1117 3290 1179 3350 in
1222 3306 1484 3378 usuras,
1513 3296 1658 3364 post
1685 3289 1745 3347 in
1772 3296 2011 3348 sortem
2042 3295 2381 3361 acceptum
2411 3286 2659 3346 seratur
2685 3281 2781 3360 ²a)·
2825 3288 3056 3364 Quodsi

240 3505 413 3549 lamen
456 3515 558 3550 non
594 3502 894 3551 omnimodo
934 3503 1188 3550 nobiscnm
1229 3505 1619 3553 consentientem
1744 3501 1861 3557 4)1..
1877 3500 1965 3560 25
1982 3503 2027 3549 1.
2051 3504 2105 3548 D.
2126 3502 2194 3549 de
2213 3505 2359 3559 pace.
2380 3503 2458 3558 (ll.
2474 3499 2572 3559 14.)
2589 3500 2671 3558 (cf.
2698 3502 2725 3556 ς
2743 3498 2824 3547 98.
2839 3504 2941 3547 not.
2965 3498 3053 3556 4.).

240 3563 583 3612 babemus.—
602 3569 859 3613 Caeterum
894 3578 984 3612 nec
1023 3567 1221 3614 nomina
1250 3568 1462 3615 creditor
1493 3568 1617 3615 acci·
1748 3564 1799 3623 5)
1825 3569 1876 3611 L.
1901 3564 1981 3613 24.
2009 3567 2062 3611 D.
2087 3563 2153 3611 de
2170 3565 2382 3621 probae.
2404 3565 2574 3620 (xxll.
2597 3566 2645 3610 3.
2667 3562 2786 3622 )(cf.
2832 3564 2883 3610 L.
2902 3561 2980 3609 2⁶2.
2998 3562 3052 3610 C.

240 3638 359 3683 pere
383 3629 637 3684 cogendus
658 3633 754 3686 est,
788 3629 879 3674 nisi
900 3628 1132 3676 deficiant
1172 3630 1373 3676 mobiles
1414 3642 1488 3675 res
1511 3663 1527 3686 ,
1562 3642 1622 3677 ex
1685 3627 1738 3675 Ιι.
1765 3628 2074 3685 1.).-61ι201ε
2091 3626 2240 3674 Pand.
2259 3629 2381 3674 Xxl.
2407 3640 2455 3686 p.
2479 3625 2576 3674 570
2597 3639 2707 3685 sqq.

234 3692 575 3747 corporalium
605 3690 804 3748 quidem
830 3703 1028 3748 genere.
1052 3694 1101 3738 1..
1124 3689 1202 3737 16.
1226 3692 1278 3737 C.
1303 3692 1356 3739 ὴ.
1400 3694 1439 3738 t.
1476 3692 1616 3750 (vul,
1741 3689 1790 3749 6)
1812 3691 1884 3738 ef.
1912 3692 1961 3737 L.
1989 3687 2064 3738 14.
2089 3695 2137 3736 ct
2161 3688 2240 3736 15.
2268 3691 2322 3735 C.
2341 3690 2392 3736 k.
2415 3693 2453 3737 t.
2491 3713 2550 3723 —
2592 3690 2646 3738 1..
2673 3687 2751 3738 24.
2778 3690 2827 3737 in
2847 3686 2883 3733 f.
2907 3686 2961 3733 D.
2987 3684 3055 3734 de

236 3749 342 3808 45.)
383 3758 440 3798 et
473 3754 540 3799 ibi
584 3752 732 3799 Autb.
771 3755 885 3801 Hoc
908 3752 1105 3800 nisi.-
1131 3753 1379 3803 Auctoris
1421 3755 1616 3802 Cession
1675 3755 1891 3811 probat.

236 3815 264 3868 ς
285 3811 371 3860 37.
395 3828 475 3860 nr.
500 3816 580 3861 111.
601 3828 649 3874 p.
671 3811 767 3863 ⁴27
788 3828 861 3874 sq.
885 3816 982 3870 (ed.
1006 3816 1092 3873 2.).

297 3874 351 3931 6)
388 3878 505 3924 vid.
529 3877 576 3934 a)
602 3878 653 3923 1..
677 3875 726 3924 7.
754 3881 806 3925 D.
836 3878 903 3924 de
926 3891 1078 3925 usur.
1103 3877 1262 3938 (xxll,
1287 3877 1353 3935 1.)
1375 3902 1435 3912 --
1459 3878 1511 3924 L.
1534 3873 1613 3925 19.
2220 3879 2246 3933 ς
2284 3872 2394 3922 469.

236 3937 292 3984 C.
311 3940 441 3986 eod.
476 3940 579 3996 (lv,
597 3938 774 3998 51)-
802 3940 852 3985 1..
872 3938 921 3986 9.
945 3943 997 3987 C.
1034 3939 1085 3986 Ιι.
1113 3943 1153 3987 e.
1177 3964 1236 3974 «-
1260 3941 1313 3987 L.
1339 3937 1418 3987 28.
1438 3941 1465 3995 S
1490 3939 1536 3986 1.
1562 3942 1618 3987 D.

235 4001 473 4049 denam.
496 4005 551 4048 ee
576 4014 692 4058 per.
718 4006 817 4050 tue.
840 4001 1113 4058 (xle.7.)
1139 4025 1194 4033 -—
1220 4001 1269 4058 b)
1294 4004 1346 4050 L.
1369 4000 1418 4048 7.
1448 4005 1475 4059 ς
1494 4002 1541 4049 2.
1567 4003 1621 4050 D.
1749 4002 1796 4060 1)
1815 4002 1893 4048 Pr.
1919 4000 1957 4048 l.
1981 4003 2033 4047 L.
2056 3998 2136 4047 43.
2177 4002 2231 4045 D.
2256 3999 2308 4046 ti.
2335 4003 2371 4046 t.
2397 3995 2617 4048 (caeter.
2638 4001 2705 4047 cf.
2731 4010 2877 4059 supra
2897 4000 2921 4054 S
2939 3996 3051 4045 517.

232 4063 305 4111 de
328 4064 530 4110 minor.
554 4063 654 4120 (lv,
675 4063 747 4124 4.)
768 4090 824 4098 -
851 4066 895 4121 c)
920 4065 969 4110 t..
990 4062 1070 4111 59.
1092 4065 1146 4110 D.
1172 4062 1224 4110 Ιι.
1246 4069 1283 4111 t.
1686 4069 1797 4111 not.
1816 4060 1866 4110 5.
1887 4068 1934 4108 et
1954 4062 2002 4110 6.
2028 4068 2076 4108 et
2099 4064 2125 4118 s
2150 4061 2263 4109 520.
2291 4067 2391 4110 not.
2413 4060 2502 4120 5.).
2520 4087 2576 4096 -
2592 4064 2659 4108 De
2676 4074 2731 4108 ea
2748 4064 3055 4121 quaestione,

297 4125 353 4184 7)
389 4128 448 4174 L.
478 4124 525 4173 1.
547 4129 574 4184 s
596 4129 644 4173 3.
672 4128 727 4174 D.
751 4129 820 4176 de
859 4138 994 4173 rese.
1036 4126 1196 4173 vend.
1236 4127 1405 4182 (xvlll
1427 4161 1442 4184 ,
1464 4123 1546 4186 5.)
1569 4152 1622 4160 -
1688 4139 1806 4172 num
1828 4126 2050 4172 liberatio
2071 4127 2323 4180 contingat
2340 4125 2568 4182 debitori,
2589 4125 2630 4170 si
2652 4125 2716 4171 ab
2737 4137 2816 4179 eo,
2834 4125 2912 4170 cui
2933 4124 3053 4169 nibil

233 4188 288 4234 1..
313 4187 365 4236 9.
390 4191 444 4235 in
469 4189 506 4234 f.
535 4192 585 4236 L.
608 4188 691 4236 72.
727 4202 800 4248 pr.
827 4191 881 4235 D.
902 4188 953 4234 Ιι.
980 4191 1016 4235 t.
1043 4213 1097 4223 --
1123 4190 1174 4234 L.
1199 4186 1310 4236 105.
1337 4189 1386 4236 in
1407 4189 1443 4235 f.
1478 4191 1532 4236 D.
1555 4190 1624 4252 de
1687 4189 1925 4241 debetur,
1949 4189 1995 4233 vi
2018 4192 2208 4234 extorta
2247 4191 2319 4231 est
2359 4187 2567 4247 solutio,
2591 4189 2689 4234 vid.
2717 4185 2992 4242 Hoepsner
3007 4191 3055 4230 et

234 4252 309 4297 V.
364 4254 427 4298 0.
468 4249 617 4305 (va
631 4287 648 4313 ‚
677 4253 755 4310 1.)
780 4276 838 4285 -
855 4252 931 4298 Cf.
952 4263 1097 4308 supra
1120 4254 1146 4308 s
1168 4250 1282 4299 575.
1306 4253 1384 4299 111.
1408 4249 1455 4298 1.
1476 4257 1623 4311 atque
1691 4250 1896 4298 Weber·
1916 4250 2188 4296 comment.
2231 4250 2257 4303 S
2280 4246 2392 4298 975.
2439 4256 2544 4296 not.
2567 4247 2617 4296 2.
2641 4275 2700 4284 —
2739 4248 2811 4298 cl.
2838 4246 3057 4304 Pseiffer

229 4312 361 4362 ibid.
386 4319 499 4361 not.
522 4311 573 4362 9.
589 4320 640 4361 et
658 4317 686 4372 s
710 4311 821 4362 406.
845 4318 949 4360 not.
974 4314 1050 4359 11.
1686 4312 1771 4358 das
1803 4311 1954 4384 Recht
1991 4314 2079 4384 der
2112 4312 2555 4371 Kriefxseroberung
2579 4313 2629 4358 in
2663 4313 2933 4367 Beziehunu
2971 4310 3060 4356 auf

792 4412 819 4467 ς
859 4410 972 4460 ⁴⁶3·
1688 4375 2133 4495 smssvffggtgaytffis
2157 4370 2322 4492 «3ιεῖῗῇ
2345 4436 2561 4481 creditor
2583 4442 2769 4495 partem
2794 4435 3056 4492 obligatio-

264 4517 277 4534 ·
304 4500 358 4559 1)
392 4504 448 4550 L.
470 4503 562 4549 ult.
584 4503 638 4549 C.
663 4502 717 4550 lt.
746 4506 783 4548 t.
800 4501 885 4557 (cf.
903 4504 930 4559 s
956 4501 1063 4550 147.
1089 4508 1192 4550 not.
1219 4503 1302 4559 1.).
1692 4500 1766 4544 nis
1789 4499 1910 4546 solvi
1935 4498 2300 4557 permiserit.—
2316 4498 2500 4544 Funke
2521 4501 2737 4556 Reitrttge
2757 4511 2848 4546 zur
2869 4498 3057 4543 lit-(irte-

303 4562 359 4622 Ξ)
384 4564 441 4611 L.
462 4563 542 4612 14.
564 4567 620 4612 C.
647 4564 700 4611 Ιι.
726 4567 763 4611 t.
790 4565 871 4621 (cf.
895 4578 1039 4624 supra
1063 4569 1088 4622 ς
1108 4562 1220 4612 578.
1246 4566 1294 4611 in
1317 4563 1393 4621 1.).
1436 4589 1489 4596 -
1515 4564 1624 4611 vid.
1692 4574 1819 4619 rung
1856 4566 2010 4620 praet.
2038 4559 2447 4608 Rechtsmatcrlcn
2482 4561 2599 4607 diss.
2625 4562 2778 4607 lV.—
2799 4559 2911 4609 Viti.
2935 4566 2983 4605 et
3004 4559 3055 4607 Ξ.

230 4630 287 4672 et
317 4626 641 4686 cester-dina
667 4626 839 4674 Archiv
863 4627 901 4673 f.
921 4630 1114 4678 civilist.
1141 4627 1308 4674 Praxis
1329 4628 1406 4673 lv.
1436 4628 1518 4673 ΝΡ.
1545 4626 1623 4672 lv.
1690 4628 1794 4671 not.
1818 4634 1919 4680 seq.
1942 4648 2000 4656 —-
2023 4624 2074 4668 Ε.
2101 4618 2181 4679 6.]

232 4687 352 4741 (cf.
396 4693 455 4735 Α.
501 4691 554 4735 L.
596 4692 647 4735 Z.
715 4690 829 4734 anui
871 4688 1014 4738 1855.
1076 4690 1158 4735 Nr.
1203 4687 1283 4734 74.
1333 4691 1427 4736 col.
1471 4686 1581 4734 591.
1618 4689 1634 4745 )
1759 4685 1846 4741 20)
1867 4685 1943 4731 cl.
1968 4686 2096 4731 inter
2120 4696 2169 4729 se
2190 4684 2238 4730 bi
2263 4684 2355 4729 loci
2383 4697 2394 4730 :
2419 4685 2471 4729 L.
2499 4683 2542 4727 1.
2574 4683 2629 4728 D.
2653 4683 2704 4729 Ιι.
2730 4688 2767 4731 t.
2795 4699 2810 4745 ς
2851 4684 3059 4743 quiqui-

229 4753 562 4812 eundemque
586 4752 648 4797 ad
675 4752 727 4798 L.
752 4752 801 4798 5.
846 4754 900 4799 C.
945 4753 1014 4800 de
1036 4751 1250 4809 apochis
1270 4751 1411 4809 publ.
1438 4751 1634 4810 (1139.)
1698 4749 1809 4794 dem
1832 4748 1965 4792 locus
1986 4753 2058 4791 est
2083 4744 2578 4804 corruptissimus3cf.
2598 4746 2838 4792 Basilicor.
2855 4748 3055 4803 interpr.

232 4810 373 4860 ibid.
396 4814 482 4860 Nr.
515 4816 596 4860 111.
1698 4812 1757 4856 Τ.
1783 4811 1861 4856 lv.
1887 4821 1936 4867 p.
1961 4806 2071 4855 156.
2105 4812 2153 4853 et
2197 4810 2375 4865 cujac.
2400 4809 2457 4853 V.
2477 4807 2581 4852 obs.
2601 4804 2704 4864 54.)
2726 4843 2741 4868 ,
2767 4809 2818 4854 L.
2842 4808 2888 4852 2.
2933 4808 2984 4852 L.
3007 4806 3058 4853 5.

299 4877 434 4934 5)1..
461 4874 540 4924 18.
566 4879 622 4923 C.
646 4873 715 4921 de
735 4874 903 4924 testib.
926 4878 1027 4939 (lv,
1050 4875 1149 4935 ΞΟ.)
1174 4901 1228 4910 -
1254 4877 1370 4924 Nov.
1404 4873 1484 4923 90.
1515 4887 1559 4922 c.
1583 4872 1632 4921 2.
1700 4873 1751 4919 L.
1774 4869 1820 4918 4.
1857 4872 1909 4918 1..
1935 4867 1982 4916 5.
2023 4883 2096 4929 pr.
2141 4868 2262 4916 1..7.
2309 4872 2362 4917 L.
2380 4866 2429 4917 8.
2476 4869 2526 4914 1..
2551 4866 2630 4914 89.
2654 4881 2729 4927 pr.
2774 4871 2824 4917 L.
2847 4868 2925 4918 94.
2962 4872 2988 4926 ς
3007 4869 3057 4916 5.

224 4933 323 4991 (ct.
364 4939 394 4993 ς
417 4936 525 4986 148.
550 4945 658 4986 not.
679 4936 777 4996 5.).
1698 4935 1752 4980 L.
1776 4931 1856 4981 97.
1883 4934 1934 4979 L.
1961 4930 2071 4979 103.
2098 4932 2151 4979 D.
2177 4933 2230 4979 Ιι.
2256 4936 2292 4979 l.
2318 4957 2372 4966 —
2401 4933 2453 4978 L.
2478 4927 2527 4979 5.
2561 4928 2652 4986 55.
2680 4933 2731 4980 L.
2756 4930 2805 4981 6.
2832 4933 2883 4980 L.
2909 4928 2988 4980 48.
3011 4934 3060 4978 in
