3544 5506
845 345 980 388 car.
1023 346 1153 389 nv.
1195 347 1272 390 nn
1307 348 1487 392 umus
1525 351 1952 398 osuoutoms
1992 356 2283 399 emamus
2322 359 2482 401 nnis.
2960 353 3069 409 4157

253 449 515 523 quidem
540 448 603 505 in
636 451 910 511 solidum
937 461 1035 513 est
1067 453 1379 528 obligatio
1399 453 1465 533 ¹²)
1491 502 1507 530 ‚
1528 475 1740 533 neque
1761 477 1922 522 vero
1948 479 2066 538 per
2092 462 2307 525 omnia
2333 467 2450 526 sibi
2483 476 2631 528 sunt
2663 469 2926 550 similes,
2959 478 3067 548 qui

253 547 377 604 hoc
407 544 602 604 modo
624 547 1021 627 obligantur,
1051 558 1247 625 atque
1278 554 1370 612 rei
1396 554 1815 627 promittendi
1848 555 1939 632 13).
2270 551 2273 554 ’

824 804 849 876 §
893 800 1035 859 492.
1085 798 1146 874 C)
1193 799 1275 856 De
1300 816 1624 858 coi-reorum
1654 801 2017 879 obliqationis
2035 805 2096 863 vi
2122 813 2175 864 et
2190 814 2488 883 potestate.

331 1043 719 1106 Correorum
755 1045 852 1125 jus
887 1052 928 1114 1)
956 1045 1262 1108 credendi
1291 1063 1371 1107 eo
1399 1051 1612 1120 valet,
1657 1057 1732 1106 ut
1771 1050 1973 1109 cuivis
2011 1050 2092 1108 sit
2133 1051 2409 1111 solidum
2439 1049 2698 1126 petendi
2733 1060 3017 1128 potestas
3047 1101 3064 1129 ,

249 1159 407 1216 nec,
438 1162 588 1205 cum
615 1147 701 1206 ita
731 1147 1004 1221 petitum
1048 1154 1144 1206 est
1164 1186 1181 1217 ‚
1209 1148 1462 1207 debitor
1494 1154 1607 1206 aut
1636 1150 1819 1208 alteri
1860 1151 2251 1209 solutionem
2282 1152 2613 1211 oflerendo
2660 1160 2773 1212 aut
2807 1151 3067 1226 singulis

250 1247 499 1312 partem
547 1245 858 1303 solvendo
888 1244 1199 1303 liberetur
1228 1241 1288 1308 ¹).
1333 1247 1550 1317 Neque
1578 1259 1763 1317 vern,
1798 1245 1905 1317 qui
1950 1247 2226 1304 solidum
2257 1247 2480 1320 petiit,
2525 1248 2785 1321 reliquis
2817 1257 3067 1322 partem

248 1337 589 1396 restituere
613 1354 873 1398 necesse
903 1341 1132 1407 habet,
1166 1335 1287 1396 nisi
1310 1345 1426 1396 aut
1444 1339 1766 1398 societatis
1790 1340 2051 1399 vinculo
2082 1341 2251 1401 inter
2279 1358 2345 1400 se
2371 1349 2524 1402 sunt
2543 1346 2896 1403 creditores
2919 1362 3066 1405 con·

252 1434 457 1511 iuncti
475 1486 491 1511 ,
523 1446 633 1498 aut
657 1448 850 1513 pacto
868 1484 887 1515 ,
926 1442 1022 1499 vel
1063 1447 1451 1500 testamento
1473 1482 1491 1511 ,
1516 1444 1616 1500 vel
1643 1441 1875 1515 judicis
1898 1443 2219 1501 sententia
2248 1445 2330 1501 ad
2360 1451 2613 1516 partem
2636 1461 2784 1503 cum
2809 1447 3067 1520 reliquis

243 1537 844 1596 communicandam
869 1534 1236 1610 obligantur
1256 1532 1327 1609 2).
1356 1539 1593 1595 Rursus
1634 1537 1710 1611 11)
1735 1554 1774 1595 a
1805 1538 2031 1610 quovis
2059 1553 2438 1598 correorum
2482 1541 2758 1599 debendi
2791 1537 3063 1600 solidum

241 1631 373 1702 peti
401 1638 612 1704 potest
638 1629 684 1706 3)
701 1674 716 1701 ,
753 1649 874 1692 nec
904 1634 1102 1706 partis
1123 1649 1161 1691 a
1185 1633 1455 1692 caeteris
1488 1634 1882 1706 repetendae
1895 1634 2001 1707 ,ius
2025 1641 2121 1692 est
2142 1635 2199 1691 ei
2216 1677 2234 1709 ,
2264 1635 2372 1707 qui
2399 1640 2605 1694 totum
2626 1637 2847 1712 solvit,
2873 1654 3063 1710 prae·

241 1730 539 1799 terquam
589 1734 703 1786 aut
751 1744 827 1788 ex
875 1731 1023 1802 jure
1070 1743 1251 1789 cesso
1270 1771 1285 1797 ,
1347 1735 1460 1786 aut
1505 1743 1582 1787 ex
1622 1736 1846 1802 pacto,
1895 1736 2010 1787 aut
2059 1744 2136 1787 ex
2163 1730 2305 1801 lege
2331 1725 2380 1804 ⁴)
2408 1772 2425 1806 ,
2478 1737 2591 1788 aut
2619 1747 2700 1790 ex
2730 1734 3060 1793 societatis

231 1825 384 1899 jure
404 1825 482 1900 ³),
516 1835 630 1886 aut
662 1836 981 1903 quatenus
1006 1846 1082 1888 ex
1105 1829 1365 1902 negotio
1383 1872 1400 1900 ‚
1432 1830 1606 1887 unde
1629 1831 1941 1888 correalis
1974 1829 2277 1901 obligatio
2300 1830 2588 1902 profecta
2610 1839 2708 1890 est
2730 1873 2746 1899 ,
2779 1848 3062 1894 commo·

240 1924 397 1983 dum
425 1927 682 2000 aliquod
729 1929 809 1986 ad
852 1931 1125 1988 alterum
1154 1930 1537 1987 redundavit
1561 1927 1633 2002 ⁶).
1687 1925 1918 2001 Utique
1944 1944 2101 1988 vero
2129 1930 2279 1987 dolo
2304 1932 2664 1990 excluditur
2702 1933 2810 2006 jus
2861 1929 3060 2006 partis

239 2027 630 2095 repetendae
661 2023 731 2099 ⁷).
770 2030 1149 2087 Beneficium
1181 2034 1398 2086 autem
1427 2028 1770 2103 divisionis,
1802 2034 1875 2085 ut
1903 2034 2158 2095 vocant,
2186 2044 2320 2088 non
2343 2036 2475 2104 est,
2505 2032 2679 2104 quod
2706 2032 3062 2103 denegetur

235 2121 482 2178 correis
509 2122 818 2193 debendi,
846 2125 956 2196 qui
986 2124 1248 2197 quidem
1285 2137 1416 2181 non
1448 2124 1662 2182 delicti
1699 2122 2010 2182 societate
2027 2124 2392 2197 junguntur
2437 2122 2482 2196 ⁸)
2506 2169 2521 2195 ,
2580 2126 2935 2186 dummodo
2991 2134 3058 2186 et

233 2221 545 2280 solvendo
572 2223 698 2280 sint
730 2224 983 2297 reliqui,
1011 2231 1077 2282 et
1105 2239 1311 2296 aeque
1342 2224 1683 2282 commode
1706 2224 2035 2282 conveniri
2063 2225 2306 2297 possint
2326 2221 2397 2298 ⁹).
2436 2221 2569 2284 Nec
2589 2240 2745 2285 vero
2775 2241 3053 2299 poenam

233 2317 316 2373 ab
348 2318 551 2376 altero
573 2320 973 2394 promissam,
999 2334 1349 2392 moraeque
1378 2321 1785 2379 incommoda
1809 2328 2141 2393 praestare
2171 2322 2270 2379 vel
2297 2320 2468 2378 serre
2494 2337 2765 2380 correus
2789 2338 3054 2382 necesse

231 2413 430 2475 babet
471 2413 565 2490 ¹⁰).
623 2414 1171 2487 Quemadmodum
1218 2421 1434 2477 autent
1484 2418 1672 2475 unius
1717 2418 1889 2478 tacto
1928 2419 2187 2478 evenire
2236 2426 2484 2496 potest,
2520 2427 2592 2478 ut
2623 2422 2806 2479 alteri
2841 2437 3051 2495 poena

297 2694 377 2740 19)
412 2695 464 2740 1..
484 2691 532 2740 5.
553 2691 736 2750 315.st
753 2693 1083 2741 commodam.
1105 2693 1471 2753 (x111‚6.)(ct.s
1493 2693 1600 2743 168.
1670 2694 1745 2741 lv.
1778 2696 1857 2743 Nr.
1886 2696 1945 2742 11.
1972 2717 2032 2728 -·
2049 2694 2123 2740 Cl'.
2147 2696 2297 2743 Rubo
2319 2695 2403 2741 ub.
2428 2697 2818 2745 Uutbeilbarkeit
2836 2700 2885 2745 d.
2907 2699 3042 2745 Obli-

232 2763 337 2802 not.
353 2756 403 2803 9.
427 2763 477 2802 et
500 2757 968 2815 12—Ribbentrop
982 2771 1029 2815 p.
1059 2759 1169 2805 231.
1200 2762 1249 2805 in
1274 2760 1311 2805 f.
1335 2761 1530 2817 sq.—L.
1555 2760 1601 2804 1.
1668 2758 1899 2813 gationen
1919 2771 1967 2816 p.
2020 2759 2111 2804 112
2131 2772 2203 2817 sq.
2232 2764 2333 2805 not.
2363 2759 2451 2806 ’“.
2476 2767 2526 2806 et
2548 2759 2801 2808 Auctoris
2844 2763 3038 2809 Cession

230 2819 257 2872 S
279 2816 363 2865 43.
395 2821 449 2865 D.
470 2819 708 2876 deposui.
734 2820 882 2874 (xvl.
902 2822 985 2874 3.)
1007 2846 1061 2853 —
1088 2824 1344 2867 Caeterum
1367 2833 1462 2867 non
1490 2822 1603 2867 item
1668 2820 1693 2872 S
1714 2818 1794 2866 44.
1841 2833 1889 2877 p.
1933 2818 2047 2869 468.
2086 2822 2165 2868 Nr.
2199 2820 2249 2867 Ξ.
2288 2821 2510 2877 inprimis
2542 2835 2655 2869 vero
2675 2824 2958 2870 Sem-oetei-
2987 2827 3039 2871 in

219 2881 302 2934 jus
322 2882 371 2927 iu
394 2882 605 2927 solidum
637 2886 821 2941 spectat
845 2881 906 2927 ad
932 2884 1091 2938 plures
1111 2916 1125 2939 ‚
1150 2885 1233 2942 qui
1264 2895 1369 2929 rem
1389 2884 1603 2940 aliquam
1667 2881 1901 2929 Zeitschr.
1924 2883 1960 2930 f.
1983 2884 2145 2929 Civilr.
2178 2895 2229 2930 u.
2265 2884 2405 2931 Prot.
2429 2886 2488 2931 T.
2511 2886 2587 2931 vt.
2610 2886 2727 2932 diss.
2751 2886 2850 2931 xtt.
2889 2887 2972 2934 Nr.
2999 2890 3035 2934 1.

229 2944 305 2988 vel
326 2943 659 2999 deposuerunt
682 2945 754 2989 vel
788 2946 1162 2990 commodarunt
1185 2978 1201 3001 ,
1245 2944 1337 2990 nisi
1373 2944 1438 2989 lta
1462 2947 1522 2989 de
1543 2956 1602 2991 eo
1667 2942 1787 3001 ibiq.
1813 2957 1860 3001 p.
1884 2941 1979 2991 415
1993 2957 2099 3003 sqq.

224 3006 520 3051 nominatim
547 3006 672 3051 inter
693 3006 1036 3053 contrahentes
1059 3008 1305 3054 convenit.
1332 3005 1447 3053 1..1.
1475 3004 1599 3063 844.
1728 3005 1778 3062 7)
1817 3009 1866 3053 1..
1922 3006 1967 3052 1.
2011 3009 2038 3061 ς
2081 3004 2156 3053 14.
2208 3008 2265 3052 D.
2310 3006 2379 3053 de
2420 3009 2520 3053 tut.
2562 3011 2620 3054 et
2662 3012 2767 3056 rat.
2792 3006 2946 3055 distr.
2973 3033 3035 3044 —-

225 3067 281 3111 D.
301 3067 546 3124 depositi.
573 3091 631 3099 -
662 3069 712 3113 L.
737 3067 785 3113 9.
807 3079 879 3125 pr.
903 3068 958 3113 D.
993 3069 1043 3114 Ιι.
1071 3072 1108 3115 t.
1664 3067 1717 3112 L.
1753 3065 1834 3114 44.
1866 3071 1892 3121 S
1924 3065 1972 3113 5.
2010 3070 2063 3114 D.
2096 3068 2262 3122 famil.
2297 3080 2403 3115 erc.
2441 3070 2519 3125 (X
2542 3103 2559 3127 ,
2587 3069 2641 3116 2.
2667 3068 2684 3126 )
2717 3093 2779 3102 —
2810 3072 2969 3117 Selll.
2994 3074 3028 3118 l.

288 3127 368 3184 13)
404 3131 456 3174 L.
479 3126 527 3174 5.
552 3129 578 3182 S
597 3131 688 3175 ult.
709 3131 764 3175 D.
779 3132 1158 3187 commodam«
1179 3132 1338 3186 Quare
1356 3130 1600 3189 duoquo-
1668 3130 1684 3185 (
1708 3130 1787 3175 111.
1813 3133 1826 3183 )
1858 3126 1978 3183 898.

217 3190 507 3237 dammodo
528 3193 597 3236 rei
636 3190 984 3254 habebuntur,
1025 3198 1074 3239 et
1098 3197 1137 3240 si
1160 3196 1302 3239 aliter
1322 3196 1591 3238 conventus
1718 3193 1767 3247 δ)
1804 3193 1868 3236 De
1902 3191 2040 3243 aliis.
2078 3191 2170 3249 qui
2207 3202 2489 3237 cori-eorum
2522 3193 2630 3237 loco
2668 3191 2828 3238 babiti
2872 3199 2982 3239 sunt
3010 3230 3025 3248 ,

217 3253 544 3308 praestiterit,
560 3253 786 3299 liberabit
808 3255 1097 3307 alterum.et
1111 3255 1348 3301 ambobus
1359 3254 1591 3310 competit
1653 3252 1858 3298 dubium
1870 3263 1966 3298 non
1983 3250 2236 3310 erat,quin
2256 3249 2544 3299 dividendae
2565 3254 2769 3299 aetionis
2805 3258 3027 3313 exceptio

214 3314 341 3359 furti
361 3315 740 3368 actium-vid.
764 3317 949 3370 Curae.
973 3318 1080 3364 obs.
1101 3317 1269 3376 xxvi,
1288 3314 1368 3363 26.
1394 3322 1445 3361 et
1462 3315 1591 3362 intra
1656 3316 1718 3360 ad
1737 3326 1820 3360 eos
1842 3315 2133 3375 pertineret;
2166 3317 2191 3368 s
2217 3311 2266 3361 4.
2290 3315 2327 3360 Ι.
2351 3314 2790 3371 defidejussorlb.
2819 3340 2874 3349 -
2898 3318 2947 3362 1..
2975 3320 3024 3375 1,

213 3378 242 3432 S
272 3375 384 3424 493.
405 3380 511 3424 nol.
529 3374 579 3423 5.
1660 3377 1688 3430 S
1710 3375 1788 3423 11.
1815 3381 1864 3423 et
1879 3374 1957 3423 14.
1984 3378 2037 3423 D.
2058 3375 2126 3422 de
2146 3379 2242 3427 lut.
2265 3380 2319 3422 ee
2337 3381 2439 3424 rat.
2466 3376 2619 3424 distr.
2639 3378 2846 3433 (xxvll.
2865 3377 2937 3435 3.)
2959 3405 3022 3417 -

1662 3437 1715 3484 L.
1741 3437 1816 3485 11.
1856 3451 1932 3496 pr.
1959 3440 2012 3484 D.
2035 3437 2377 3496 adnitente-tp.
2402 3437 2561 3495 (1.,1.)
2583 3464 2639 3472 —-
2665 3440 2714 3484 1..
2739 3437 2818 3486 47.
2844 3441 2897 3485 D.
2919 3443 3019 3491 luc.

1662 3498 1680 3557 (
1702 3503 1806 3546 xlx
1832 3536 1847 3559 ‚
1869 3502 1917 3547 2.
1942 3501 1959 3558 )
1980 3524 2038 3534 —-
2057 3502 2193 3547 Unde
2215 3502 2456 3557 probabili
2483 3504 2672 3547 ratione
2693 3502 2803 3547 licet
2818 3536 2833 3557 ‚
2856 3506 3020 3550 existi-

1660 3573 1826 3619 mare,
1860 3563 2211 3621 sastinianum,
2232 3564 2316 3621 qul
2338 3566 2536 3623 quidem
2555 3565 2616 3610 de
2636 3563 2786 3610 dubio
2802 3566 2913 3619 jure
2931 3578 3018 3613 ex·-

1651 3625 1896 3682 planando
1913 3625 2216 3682 cogitaverit..
2234 3626 2480 3672 divisionis
2504 3626 2816 3684 beneficium,
2836 3629 2897 3673 de
2917 3642 3015 3688 qua

1650 3688 1756 3743 lege
1777 3698 1861 3733 sua
1882 3688 2016 3745 (Nov.
2037 3685 2118 3733 99.
2138 3700 2180 3733 c.
2205 3688 2271 3744 1.)
2286 3689 2550 3746 praecepit,
2568 3689 2770 3734 omnino
2786 3691 3013 3737 omnibus

1650 3749 1864 3795 tribuere
1883 3750 2090 3795 voluisse
2111 3750 2290 3795 coi-reis
2310 3750 2539 3808 debendi,
2573 3751 2664 3795 nisi
2689 3752 2772 3807 qui
2796 3762 2853 3797 ex
2879 3752 3010 3799 facto

1650 3810 1820 3857 illicito
1841 3811 2041 3867 obligati
2063 3815 2239 3856 essent.
2275 3813 2416 3857 Certe
2453 3813 2581 3858 bunc
2603 3824 2796 3857 sensum
2817 3825 2912 3858 non
2931 3826 3010 3860 re·

1648 3871 1986 3929 sputtntt'erba
2004 3889 2014 3918 :
2034 3889 2059 3915 u
2077 3871 2138 3918 Εἰ
2160 3875 2257 3935 γάρ
2280 3889 2351 3926 τις
2376 3871 2705 3932 ἀλληλεγγὺως
2728 3873 3009 3930 &vausaillon

818 3502 846 3557 S
876 3499 988 3552 ⁴92.

278 3625 328 3681 1)
366 3625 419 3670 1..
442 3627 523 3671 31.
548 3625 574 3680 S
609 3626 652 3672 1.
680 3629 733 3674 D.
755 3626 822 3674 de
843 3625 1197 3681 novatiana(
1223 3626 1394 3683 XLVI,
1417 3622 1465 3669 2.
1491 3624 1505 3679 )
1530 3646 1586 3658 -—-

215 3686 268 3731 t..
315 3684 397 3733 16.
436 3689 492 3734 D.
534 3687 586 3735 Ιι.
613 3693 649 3736 t.
673 3714 729 3723 —
757 3689 808 3736 L.
836 3689 914 3737 11.
940 3692 966 3746 S
987 3692 1064 3735 21.
1100 3692 1169 3735 de
1196 3691 1293 3748 leq.
1320 3690 1397 3734 ΙΙΙ.
1423 3709 1486 3720 -
1507 3687 1584 3733 Cf·

217 3749 269 3793 t..
297 3747 379 3794 57.
405 3751 432 3805 S
458 3751 505 3795 1.
531 3751 584 3794 D.
610 3751 851 3799 desolat.
878 3754 1055 3811 (XLVI,
1077 3753 1147 3807 3.)

276 3809 328 3860 2)
366 3813 418 3856 L.
443 3809 522 3857 62.
559 3825 631 3869 pr.
671 3816 725 3861 D.
749 3815 827 3861 ad
852 3818 909 3861 L.
931 3812 1128 3861 Falcid.
1153 3812 1369 3871 (xxxv,
1390 3810 1467 3871 2.)
1489 3813 1581 3870 (cf.

213 3877 267 3918 et
287 3874 314 3927 3
333 3885 439 3931 seq.
465 3878 571 3921 not.
589 3873 676 3932 9.).

279 3936 329 3991 3)
362 3936 388 3988 S
416 3934 460 3980 1.
491 3937 527 3981 1.
551 3936 601 3983 lt.
630 3939 666 3983 t.
687 3962 748 3971 -
767 3939 819 3984 L.
845 3941 892 3985 3.
915 3940 940 3994 S
965 3938 1010 3984 1.
1037 3941 1089 3983 D.
1112 3936 1229 3983 eod.
1257 3951 1282 3978 ιε
1304 3961 1363 3970 -
1387 3961 1446 3970 -
1471 3949 1581 3996 par·
1648 3933 1797 4000 λάβοι
1823 3938 1956 3989 τινὰς
1990 3953 2036 3981 κ.
2072 3955 2120 3984 τ.
2156 3937 2201 3982 λ.
2229 3938 2313 3996 (ct.
2340 3940 2389 3984 L.
2416 3939 2493 3989 11.
2521 3952 2593 3996 pr.
2621 3942 2675 3984 D.
2697 3940 2747 3986 Ιι.
2772 3943 2807 3986 t.
2833 3946 2882 3985 et
2903 3943 3009 3988 Pu-

214 4001 290 4039 tes
324 4003 494 4043 autem
529 4009 558 4044 a
587 4000 786 4057 singulis
804 4003 915 4057 peti
933 4012 1113 4060 posse,
1151 4010 1459 4057 nequaquam
1488 4000 1580 4046 du·
1641 4000 1873 4056 tendor!
1883 4004 1987 4051 obs.
2015 4006 2075 4058 ll,
2093 4000 2216 4065 77.);
2238 4006 2460 4062 quamvis
2482 4004 2530 4051 id
2549 4003 2680 4050 baud
2702 4008 3004 4065 negaverim,

213 4056 353 4104 bium
376 4065 470 4105 est.
493 4079 517 4100 n
1648 4066 1792 4110 verba
1820 4099 1834 4121 ,
1869 4075 1994 4122 quae
2034 4078 2179 4123 porro
2220 4067 2450 4123 leguntur
2473 4102 2488 4125 ,
2533 4068 2608 4112 vix
2649 4067 2710 4113 de
2748 4067 2856 4114 aliis
2898 4080 3004 4115 esse

279 4119 327 4177 4)
361 4125 408 4173 a)
430 4122 506 4167 ct.
533 4124 585 4169 L.
607 4124 685 4170 36.
709 4126 763 4170 D.
781 4124 849 4171 de
872 4134 989 4184 neq.
1009 4125 1143 4184 qest.
1167 4123 1278 4177 (111,
1301 4120 1370 4180 5.)
1386 4127 1434 4169 et
1455 4125 1507 4169 L.
1533 4125 1581 4171 1.
1646 4124 1960 4184 intelligenda
1980 4158 1995 4181 ,
2019 4129 2111 4173 nisi
2131 4127 2192 4173 de
2209 4128 2268 4173 iis
2285 4161 2299 4183 ,
2321 4131 2402 4186 qui
2426 4129 2745 4175 conventione
2769 4130 2884 4176 tacti
2906 4131 3005 4178 sint

206 4184 237 4238 5
265 4184 343 4228 13.
367 4184 424 4227 D.
445 4183 514 4229 de
536 4188 633 4231 tut.
654 4191 707 4234 e!
729 4192 834 4233 rat.
857 4187 1008 4234 distr.
1031 4185 1318 4243 (Xlel‚2.)
1336 4187 1577 4243 (Auctor.

207 4246 410 4291 Cession
437 4244 560 4299 544.
606 4260 653 4304 p.
692 4245 785 4295 474
818 4261 888 4307 sq.
916 4261 993 4294 nr.
1027 4246 1075 4294 8.
1101 4250 1117 4304 )
1149 4271 1209 4281 --
1244 4247 1292 4302 b)
1311 4248 1362 4293 1..
1388 4247 1437 4295 4.
1462 4248 1510 4294 in
1537 4250 1572 4295 f.
1607 4254 1616 4263 '

207 4309 273 4354 D.
299 4306 368 4354 de
387 4306 471 4352 his
500 4309 596 4367 qm·
612 4308 841 4365 effuder.
867 4311 956 4358 vel
969 4312 1195 4366 dejecer.
1222 4309 1322 4365 (ΙΧ,
1341 4308 1410 4367 ὃ.)

275 4367 326 4424 5)
362 4372 415 4416 L.
439 4371 487 4415 3.
510 4368 598 4428 53.
625 4373 677 4416 D.
703 4373 770 4418 de
791 4371 938 4419 liber.
963 4374 1061 4432 leq.
1099 4372 1324 4424 (xxXlV
1350 4406 1365 4426 .
1404 4370 1491 4429 5.)
1518 4398 1572 4407 -

206 4433 266 4478 L.
287 4431 370 4479 71.
397 4445 473 4490 pr.
491 4435 544 4479 D.
568 4434 634 4479 de
650 4434 951 4492 fidejussor.
972 4436 1160 4491 (xhvl,
1183 4435 1248 4489 1.)
1286 4433 1403 4487 (vid.
1427 4439 1454 4491 s
1470 4447 1572 4493 seq.

206 4498 317 4540 not.
342 4493 391 4541 8.
416 4495 535 4553 10.).
557 4499 712 4553 Atque
736 4498 787 4542 in
804 4497 930 4543 hanc
951 4508 1147 4543 causam
1177 4496 1314 4542 multi
1339 4496 1575 4554 interpre-

206 4561 388 4602 tantur
412 4559 461 4603 l..
497 4556 546 4603 2.
571 4559 623 4603 C.
649 4558 701 4604 Ιι.
740 4562 774 4606 t.
797 4570 844 4606 ν.
881 4572 926 4605 c.
963 4557 1198 4605 Vinnrus
1237 4560 1324 4603 sel.
1350 4563 1451 4614 jur.
1486 4571 1571 4617 qu.

203 4620 246 4665 Ι.
271 4615 321 4663 6.
348 4632 397 4677 p.
417 4618 481 4665 39
500 4632 574 4677 sq.
596 4624 645 4664 et
664 4620 815 4667 Rubo
836 4625 941 4667 not.
962 4633 1064 4678 seq.
1093 4621 1223 4666 laud.

271 4678 324 4736 6)
358 4685 470 4739 Arg.
515 4684 569 4727 1..
610 4682 657 4726 2.
682 4684 736 4729 C.
761 4683 813 4729 Ιι.
847 4688 961 4729 1,-
982 4683 1235 4728 Caeterum
1265 4694 1576 4731 communem

201 4746 535 4800 sententiam,
559 4744 664 4789 scil.
688 4756 879 4803 semper
898 4746 975 4802 ei,
995 4746 1078 4803 qui
1102 4746 1310 4791 solidum
1333 4746 1534 4791 exsolvit
1550 4779 1565 4797 .

195 4805 300 4851 nisi
323 4806 467 4852 dolus
488 4806 532 4852 ei
564 4804 708 4860 objici
747 4808 919 4865 possit,
948 4808 1120 4852 utilem
1146 4808 1448 4863 negotiorum
1471 4818 1581 4863 ges-

193 4872 372 4914 torum
398 4869 645 4914 actionem
663 4875 967 4928 competere,
989 4879 1145 4926 nuper
1172 4869 1321 4915 etiam
1354 4869 1574 4916 defendit

186 4930 315 4976 Seu
333 4930 573 4978 zeitschr.
600 4927 636 4975 t.
663 4930 923 4980 Clvllreclit
940 4943 989 4979 u.
1012 4932 1152 4979 Proc.
1175 4932 1249 4979 lll.
1275 4932 1359 4979 Νι.
1383 4932 1501 4979 xxl.
1527 4935 1578 4979 et

1644 4192 1818 4235 correi.
1843 4213 1899 4222 —-
1923 4189 2032 4234 vid.
2075 4194 2125 4235 et
2158 4191 2445 4247 scriptores,
2483 4191 2567 4248 qul
2610 4203 2689 4248 ap.
2733 4189 3001 4240 amomum

1643 4250 1904 4297 laudantur
1925 4286 1939 4309 ,
1964 4251 2117 4297 Pand.
2139 4253 2218 4297 lv.
2245 4265 2292 4308 p.
2317 4250 2412 4297 52ss
2441 4265 2513 4310 sq.
2537 4257 2640 4298 not.
2678 4251 2743 4300 85
2763 4252 2911 4315 -88.
2937 4281 3000 4291 -

1641 4311 1822 4365 Quibus
1843 4313 1989 4357 etiam
2008 4313 2121 4359 add.
2157 4312 2430 4360 Zimmem
2453 4315 2502 4360 in
2523 4318 2639 4371 ejus
2657 4320 2708 4361 et
2725 4319 3000 4366 Neustete·

1638 4372 1696 4418 1ἰὶ
1735 4374 2240 4421 romisch-rechtlicbe
2268 4376 2703 4436 Untersuchungen
2733 4391 2782 4435 p.
2806 4379 2899 4427 274
2923 4394 2996 4440 sq.

1640 4440 1740 4480 not.
1768 4434 1848 4481 45.
1875 4442 1923 4481 et
1946 4437 2163 4493 inprimis
2182 4440 2237 4483 G.
2264 4441 2502 4484 Asverus
2524 4441 2663 4497 spec.
2679 4442 2739 4486 ad
2755 4442 2999 4490 Novellam

1638 4498 1985 4543 Lxxxxvllll.
2008 4499 2114 4546 Jen.
2142 4497 2283 4546 1829.
2307 4533 2322 4558 ,
2357 4503 2437 4558 qui
2458 4503 2772 4559 caeteroquin
2798 4509 2897 4550 tola
2919 4518 2999 4551 ra-

1637 4559 1770 4604 tione
1794 4561 2043 4606 nobiscum
2066 4562 2306 4608 dissentit.
2323 4587 2380 4596 -
2403 4563 2718 4620 Ribbentrop
2739 4577 2785 4620 p.
2814 4564 2905 4613 116
2922 4579 2997 4627 sq.

1637 4625 1742 4666 not.
1764 4619 1842 4668 18.
1869 4647 1929 4656 -
1951 4622 2018 4669 de
2038 4623 2315 4670 Solu-oeter
2336 4626 2369 4670 l.
2405 4626 2439 4670 l.
2465 4626 2544 4670 Nr.
2577 4626 2634 4671 11.
2660 4638 2707 4684 p.
2731 4623 2825 4673 438
2845 4640 2953 4688 sqq.

1702 4680 1749 4737 9)
1786 4682 1877 4738 st.
1904 4685 1941 4731 l.
1966 4685 2304 4741 defidej.—l..
2326 4685 2499 4743 5t.§1.
2527 4689 2582 4733 D.
2602 4688 3001 4753 eod.(XLV1,1.)

1641 4746 1757 4792 Nov.
1779 4746 1859 4792 99.
1882 4759 1926 4791 c.
1953 4749 1999 4793 1.
2021 4759 2095 4804 pr.

1710 4805 1791 4865 10)
1825 4810 1872 4865 a)
1899 4812 2007 4867 Arg.
2030 4812 2083 4856 1..
2105 4806 2186 4857 34.
2223 4821 2300 4865 pr.
2327 4812 2383 4858 D.
2410 4810 2481 4858 de
2508 4816 2704 4869 recept.
2732 4812 2852 4869 (not.
2876 4821 3002 4876 seq.)

1637 4870 1753 4929 —b)
1780 4872 1827 4915 t..
1853 4870 1935 4918 52.
1960 4876 1985 4929 S
2010 4874 2055 4919 4.
2080 4874 2134 4922 D.
2158 4873 2227 4920 de
2247 4885 2397 4922 usur.
2422 4876 2583 4937 (xxll,
2609 4874 2795 4932 t.)—1..
2822 4877 3002 4928 1731».

1641 4933 1708 4981 de
1733 4936 1971 4992 req.jur.

2644 5040 2723 5099 38
