3544 5506
527 351 642 410 526
1255 363 1406 408 PARS
1443 363 1605 406 svm.
1644 363 1762 405 Lm.
1803 364 1901 406 111.
1944 364 2019 406 ΒΕ
2057 361 2578 407 ΟΒΙᾸΟΑΤΙΟΝῘΒΠΞ.

528 481 594 539 in
620 476 1002 550 obligatione
1049 482 1342 535 versatur
1362 520 1378 547 ,
1432 476 1776 534 admissum
1797 518 1813 544 ‚
1845 476 1894 534 si
1929 476 2189 550 quidem
2230 476 2296 551 1)
2319 477 2403 534 de
2437 490 2713 549 corpore
2756 476 2848 534 rei
2879 480 3165 544 erratur,
3200 476 3241 534 i.
3274 491 3333 534 e.

528 580 806 646 uterque
851 574 932 631 de
959 572 1223 631 diversis
1252 572 1446 631 rebus
1489 573 1761 643 cogitat,
1807 572 2031 645 utique
2058 578 2156 630 est
2178 571 2416 630 nuliius
2440 572 2745 630 momenti
2771 614 2789 646 ‚
2816 573 2990 644 quod
3016 572 3238 643 agitur
3255 572 3336 646 ⁹);

528 673 812 732 similiter
838 671 900 745 2)
922 687 1110 732 error
1141 672 1222 730 de
1248 673 1339 730 rei
1361 672 1716 730 substantia
1739 688 1794 732 s.
1818 673 2089 731 materia
2118 666 2184 729 in
2211 673 2423 730 bonae
2448 672 2593 730 fidei
2618 667 2886 743 negotiis
2903 672 3109 744 iisque
3132 673 3336 729 domi-

528 763 615 826 nii
661 783 894 826 ususve
948 767 1374 826 transferendi
1408 784 1608 827 causa
1645 768 1846 840 initis,
1887 767 2134 825 irritam
2179 766 2333 825 facit
2380 767 2877 825 conventionem
2900 764 2995 842 ¹⁰),
3021 761 3142 824 nisi
3171 765 3337 825 forte

528 863 842 939 ejusmodi
870 859 952 922 sit
983 879 1109 926 res.
1141 864 1206 921 in
1234 881 1361 937 qua
1383 864 1588 922 forma
1607 865 1817 937 potius
1840 864 2241 938 respiciatur,
2264 878 2458 935 quam
2479 863 2773 933 materia,
2801 869 2873 919 ut
2897 862 2963 919 in
2982 862 3338 923 artificiosis

529 963 831 1036 operibus
860 959 996 1021 fieri
1019 964 1208 1023 solet.
1237 967 1313 1021 At
1340 963 1403 1038 5)
1431 979 1617 1023 error
1640 964 1811 1023 circa
1841 962 1934 1022 rei
1958 964 2332 1037 qualitatem
2357 979 2434 1021 ac
2458 964 2839 1033 bonitatem,
2866 963 2985 1021 nisi
3005 963 3177 1021 illius
3196 979 3339 1021 con·

529 1062 948 1136 temptatione
971 1070 1377 1122 contractum
1403 1070 1522 1139 est,
1544 1078 1676 1122 non
1702 1064 1964 1136 impedit
1999 1059 2492 1122 conventionem
2523 1060 2607 1133 ¹¹),
2634 1063 2933 1135 idemque
2963 1064 3023 1129 4)
3046 1064 3132 1121 de
3160 1077 3339 1121 erro·

530 1154 704 1216 ribus
745 1158 1086 1217 dicendum
1144 1167 1239 1217 est
1266 1205 1282 1233 ,
1325 1156 1437 1233 qui
1474 1160 1557 1217 ad
1593 1176 1814 1218 rerum
1847 1159 2242 1218 accessiones
2276 1165 2569 1232 spectant
2592 1155 2681 1228 ¹²),
2715 1166 2854 1216 tum
2879 1173 3062 1228 vero,
3097 1159 3163 1232 5)
3195 1174 3342 1218 cum

530 1247 815 1325 alioquin
844 1261 1103 1314 erratur
1122 1255 1187 1313 in
1222 1256 1316 1313 rei
1358 1255 1760 1331 conditione,
1802 1257 1979 1313 velut
2033 1254 2180 1313 cum
2225 1255 2613 1313 commercio
2660 1270 2797 1312 rem
2839 1261 3166 1312 exemtam
3209 1270 3343 1314 esse

529 1347 1085 1426 ignoratur¹³)‚aut
1102 1353 1184 1410 de
1213 1352 1306 1410 rei
1337 1352 1621 1410 dominio
1648 1367 1836 1410 error
1863 1346 2360 1426 est¹⁴),quamvis
2390 1350 2573 1409 bisin
2600 1351 2810 1409 causis
2834 1346 3104 1409 dominii
3131 1357 3342 1410 trans·

532 1449 686 1508 latio
718 1445 1105 1523 impediatur
1136 1448 1226 1526 ¹⁵).
1262 1455 1386 1511 Nec
1412 1448 1612 1524 magis
1639 1454 1696 1520 6)
1722 1467 1908 1510 error
1929 1452 2011 1510 de
2048 1452 2411 1525 quantitate
2440 1466 2657 1510 rerum
2681 1467 2799 1525 per
2825 1466 2894 1509 se
2918 1450 3192 1522 quidem
3216 1452 3346 1509 inu·

530 1547 708 1607 tilem
730 1550 928 1609 efficit
948 1552 1440 1612 conventionem
1460 1548 1554 1628 ¹⁶),
1573 1551 1691 1609 nisi
1714 1558 1829 1610 aut
1848 1552 1930 1610 de
1946 1552 2329 1624 quantitate,
2355 1557 2687 1623 tamquam
2708 1551 2790 1607 de
2809 1550 3182 1626 necessaria
3191 1565 3344 1609 con·

531 1653 776 1707 tractus
805 1657 1012 1724 parte,
1040 1652 1208 1709 inter
1236 1652 1693 1711 contrahentes
1718 1652 2042 1720 convenit,
2069 1657 2184 1708 aut
2208 1653 2289 1709 de
2317 1645 2504 1723 pretii
2533 1650 2893 1723 quantitate
2923 1649 3017 1706 ita
3056 1656 3342 1724 erratur,

531 1752 608 1803 ut
633 1748 714 1805 de
743 1749 992 1808 minore
1022 1751 1231 1825 pretio
1260 1751 1310 1809 is
1337 1752 1596 1823 cogitet,
1627 1767 1664 1809 a
1693 1767 1825 1824 quo
1876 1750 2030 1808 illud
2061 1751 2439 1809 solvendum
2468 1754 2566 1807 est
2592 1745 2687 1824 ¹²).
2717 1749 2952 1825 Quodsi
2982 1749 3046 1822 7)
3092 1750 3344 1820 ignora-

534 1849 668 1920 tur,
690 1861 851 1917 rem,
882 1849 963 1906 de
984 1865 1114 1922 qua
1140 1851 1494 1922 quaeritur,
1523 1857 1636 1908 aut
1663 1864 1925 1923 prorsus
1954 1865 2084 1908 non
2115 1855 2390 1922 exstare,
2425 1854 2539 1906 aut
2560 1849 2832 1920 amplius
2858 1854 3048 1922 parte
3080 1849 3342 1906 dimidia

531 1955 672 2000 esse
695 1944 1088 2004 destructam
1111 1988 1128 2017 ‚
1179 1962 1312 2004 non
1341 1947 1544 2021 valet,
1573 1948 1745 2019 quod
1775 1941 1987 2018 agitur
2015 1942 2101 2016 ¹⁸),
2125 1941 2351 2018 utique
2375 1951 2537 2012 tum,
2562 1959 2710 2003 cum
2735 1945 2817 2001 ab
2854 1949 3142 2017 utraque
3166 1950 3346 2017 parte

531 2051 722 2095 error
741 2038 1083 2100 intervenit
1112 2042 1270 2118 (not.
1297 2039 1445 2107 20.).
1478 2047 1811 2101 Caeterum
1839 2041 1911 2114 V)
1937 2041 2001 2098 id
2027 2041 2128 2099 vix
2153 2047 2250 2099 est
2272 2083 2289 2111 ,
2322 2041 2497 2113 quod
2527 2054 2927 2115 moneamus,
2950 2054 3255 2098 errorem
3285 2040 3347 2096 in

532 2138 795 2197 nomine
825 2141 918 2198 rei
945 2138 1159 2218 ejusve
1188 2143 1628 2214 designatione
1654 2142 2019 2210 admissum,
2040 2136 2301 2199 minime
2320 2155 2559 2199 nocere
2586 2135 3000 2199 conventioni
3027 2135 3121 2212 ¹⁹).
3154 2139 3350 2198 Dehis

534 2243 750 2296 autem
780 2241 1018 2312 causis,
1060 2242 1169 2301 ubi
1198 2259 1367 2301 unus
1409 2249 1658 2301 tantum
1699 2241 2221 2301 contrahentium
2260 2256 2484 2301 errore
2525 2242 2739 2313 lapsus
2785 2246 2911 2310 est,
2947 2239 3116 2297 baec
3154 2240 3347 2298 etiam

533 2338 984 2412 praecipienda
1013 2358 1149 2401 esse
1173 2349 1473 2415 putamus
1507 2359 1524 2398 ε
1559 2343 1860 2412 Primum,
1887 2357 2037 2401 eum
2060 2341 2326 2412 obligari
2353 2385 2370 2412 ,
2400 2336 2755 2417 quiveram
2784 2341 2876 2398 rei
2902 2338 3347 2400 conditionem

534 2453 665 2495 non
691 2438 1103 2515 ignoraverit,
1129 2450 1202 2500 ut
1216 2450 1501 2516 praestet
1524 2444 1729 2514 alteri,
1757 2444 1932 2516 quod
1960 2442 2097 2516 ejus
2125 2442 2417 2507 interest,
2449 2443 2695 2514 lapsum
2722 2455 2855 2498 non
2887 2455 3054 2510 esse,
3086 2445 3180 2513 et,
3205 2439 3258 2496 si
3286 2438 3347 2495 id

537 2529 716 2592 malit
746 2538 931 2612 aiter,
964 2537 1226 2611 impleat
1251 2547 1681 2614 contractum,
1709 2540 2062 2597 dummodo
2094 2544 2158 2597 et
2181 2538 2444 2596 omnino
2471 2536 2635 2595 adsit
2658 2551 2784 2605 res,
2823 2538 2905 2594 de
2927 2552 3061 2609 qua
3085 2535 3349 2609 quaeri·-

535 2636 644 2689 tur
670 2632 833 2707 (not.
864 2636 1057 2709 seq.),
1089 2644 1156 2697 et
1188 2638 1438 2697 intersit
1469 2641 1640 2715 ejus,
1682 2641 1793 2713 qui
1832 2641 2043 2713 lapsus
2091 2645 2221 2714 est,
2253 2638 2492 2695 servari
2532 2642 2942 2695 contractum
2971 2633 3084 2708 ²⁰),
3119 2642 3187 2692 et
3212 2635 3351 2707 ipse

536 2729 814 2806 impleat,
844 2737 1020 2808 quod
1049 2733 1316 2797 vicissim
1341 2740 1533 2800 debet
1560 2736 1653 2816 ²¹).
1682 2740 1921 2799 Deinde
1943 2784 1961 2814 ,
1982 2739 2033 2798 si
2061 2739 2226 2797 alter
2253 2737 2403 2796 doio
2426 2736 2597 2796 malo
2639 2736 2918 2794 aiterum
2947 2748 3171 2792 errare
3201 2747 3352 2805 pas·

536 2846 643 2890 sus
663 2828 767 2911 sit,
784 2835 856 2893 iis
880 2851 1017 2896 esse
1042 2840 1255 2899 locum
1282 2842 1602 2913 remediis,
1627 2857 1796 2919 quae
1819 2841 2045 2900 fraude
2060 2835 2268 2912 captis
2283 2843 2656 2912 comparata
2667 2832 3350 2910 sunt²²).—Caeterum

537 2931 602 2989 in
633 2934 807 2993 omni
828 2937 1066 2998 erroris
1091 2936 1469 3016 quaestione
1493 2942 1653 3017 ejus,
1681 2942 1791 3017 qui
1815 2940 2164 3012 contrahit,
2189 2954 2325 2998 non
2348 2939 2457 3013 qui
2475 2938 2792 3012 acquirat,
2813 2942 3151 3011 spectatur
3175 2934 3350 3008 igno-

539 3034 748 3096 rantia
775 3031 873 3111 28).

598 3304 648 3364 9)
673 3309 725 3355 Ι..
749 3308 862 3358 137.
898 3311 990 3369 Sl.
1014 3314 1071 3362 D.
1105 3314 1175 3363 de
1215 3318 1287 3365 V.
1313 3318 1373 3364 0.
1401 3340 1457 3351 -
1481 3313 1754 3374 1..85.st.
1777 3316 1900 3365 eod.
2032 3313 2108 3374 18)
2129 3317 2182 3362 Ι..
2213 3313 2296 3364 57.
2336 3328 2413 3376 pr.
2448 3315 2503 3361 D.
2539 3313 2607 3362 de
2641 3315 2815 3361 contr.
2854 3315 2983 3359 emt.
3023 3336 3087 3345 —
3135 3310 3340 3360 nichel·

540 3392 597 3401 -
619 3370 673 3416 L·
692 3369 742 3418 9·
771 3384 846 3430 Dr.
869 3376 923 3422 D.
946 3376 1016 3424 de
1036 3381 1208 3425 contr.
1231 3382 1354 3426 emt.
1380 3378 1565 3434 (xviii,
1588 3377 1656 3438 1.)
1675 3380 1802 3427 -Ι..
1825 3379 1905 3427 10.
1971 3390 2134 3426 mann
2159 3379 2191 3425 1.
2216 3380 2251 3426 1.
2286 3391 2337 3438 p.
2371 3376 2435 3427 24
2466 3389 2572 3438 sqq.
2608 3397 2670 3410 —
2705 3372 3003 3431 Hoffmann
3046 3385 3102 3432 p.
3130 3373 3222 3421 120
3242 3384 3349 3432 sqq.

538 3430 596 3476 C.
631 3431 701 3479 de
739 3433 923 3484 donae.
964 3438 1228 3496 (vnum.
1251 3441 1268 3499 )
1292 3465 1352 3475 —
1375 3441 1726 3489 Richelmann
1772 3455 1821 3501 p.
1849 3440 1909 3491 19
1974 3443 2055 3488 Nr.
2091 3443 2147 3487 D.

544 3503 655 3552 ⁸¹1¹!-
2039 3502 2117 3559 19)
2139 3504 2192 3549 Ι..
2215 3500 2266 3549 9.
2289 3510 2310 3562 ς
2332 3504 2378 3550 1.
2413 3504 2469 3548 Ι).
2491 3497 2561 3548 de
2580 3503 2756 3548 coner.
2778 3501 2969 3545 emt.-
3007 3498 3065 3547 L.
3086 3496 3174 3544 32.
3207 3499 3263 3544 D.
3283 3497 3354 3544 de

603 3555 682 3615 10)
707 3559 760 3605 L.
778 3556 826 3604 9.
852 3563 878 3617 ς
898 3559 947 3607 2.
970 3561 1026 3611 D.
1047 3562 1117 3608 de
1135 3567 1311 3612 contr.
1334 3569 1460 3612 emt.
1480 3565 1566 3622 (ct.
1589 3570 1638 3611 et
1662 3567 1714 3611 L.
1740 3564 1819 3612 11.
1847 3566 1897 3613 in
1962 3567 2034 3612 V.
2075 3568 2135 3612 0.
2182 3591 2241 3600 -
2285 3568 2440 3624 Atque
2494 3565 2625 3609 idem
2670 3561 2936 3608 dicendum
2968 3566 3047 3606 est
3070 3594 3088 3615 ,
3133 3572 3254 3606 cnm
3317 3571 3353 3605 n

539 3616 576 3664 f.
599 3619 714 3691 ῥοᾷ.
740 3644 801 3654 -
822 3622 873 3668 Ι..
897 3621 977 3670 41.
1016 3628 1037 3681 s
1063 3626 1107 3669 1.
1131 3626 1249 3672 eod.
1292 3626 1373 3684 (ct.
1412 3633 1514 3674 not.
1557 3630 1700 3685 seq.).
1736 3652 1798 3660 —
1833 3631 1899 3675 De
1962 3629 2180 3686 ipsorum
2202 3662 2218 3687 ‚
2243 3628 2330 3688 qui
2362 3625 2697 3683 contrahunt,
2716 3630 2912 3671 erratur
2932 3624 3164 3681 nomine,
3187 3624 3244 3668 Ι..
3265 3619 3349 3669 05.

538 3684 693 3745 stricti
713 3681 835 3738 juris
854 3690 1012 3735 contr.
1037 3687 1137 3731 vid.
1163 3691 1214 3734 L.
1240 3687 1320 3734 22.
1342 3692 1396 3736 D.
1428 3690 1496 3735 de
1519 3689 1588 3734 V.
1617 3693 1677 3737 0.
1702 3715 1759 3723 -
1785 3691 1894 3737 Vid.
1961 3691 1987 3745 S
2015 3690 2061 3736 1.
2087 3689 2205 3735 eod.
2625 3732 2630 3737 .

538 3747 587 3788 et
611 3744 665 3789 1..
688 3742 736 3790 1.
761 3746 787 3800 ς
809 3745 857 3791 2.
878 3749 933 3793 Ι).
955 3748 1025 3795 de
1043 3748 1251 3807 pt'qner.
1276 3756 1380 3799 act.
1405 3752 1551 3807 (xm,
1568 3748 1640 3811 7.)
1664 3777 1725 3786 -
1742 3753 1797 3799 Ι..
1817 3752 1898 3801 20.
2025 3752 2105 3811 20)
2125 3754 2175 3798 L.
2197 3751 2280 3799 57.
2303 3754 2330 3807 S
2349 3740 2397 3798 s.
2421 3751 2469 3796 2.
2489 3751 2537 3796 3.
2582 3752 2638 3795 D.
2656 3749 2726 3796 de
2750 3750 2924 3795 contr.
2945 3750 3075 3792 eme.
3108 3771 3162 3779 —
3192 3746 3247 3792 L.
3262 3743 3351 3793 ⁴⁵.

538 3817 614 3864 pr.
634 3807 691 3853 D.
713 3806 784 3854 de
802 3805 982 3862 sur-tis.
1007 3811 1205 3868 (XLVII,
1226 3812 1299 3871 2.)
1321 3817 1444 3869 (not.
1466 3812 1586 3870 20.).
1965 3812 2031 3859 de
2053 3818 2225 3862 contr.
2243 3815 2491 3862 emt—L.
2517 3811 2595 3858 11.
2616 3813 2640 3866 S
2663 3810 2711 3858 ὅ.
2748 3814 2800 3858 L.
2825 3810 2908 3856 21.
2927 3810 2953 3864 ς
2977 3810 3028 3854 2.
3061 3810 3124 3855 Ι).
3147 3820 3202 3854 α.
3226 3818 3272 3854 e.
3297 3820 3350 3854 v.

607 3866 683 3926 11)
706 3871 756 3915 L.
788 3869 865 3918 10.
902 3874 957 3920 D.
1000 3874 1067 3920 de
1103 3885 1276 3922 contr.
1318 3880 1441 3923 emt.
1465 3876 1548 3929 (cf.
1575 3878 1627 3921 L.
1652 3875 1732 3922 11.
1758 3888 1831 3935 pr.
1854 3881 1903 3923 et
1966 3878 2106 3931 (xix.
2130 3875 2354 3935 1.)-(31.
2379 3878 2431 3921 L.
2454 3876 2501 3921 1.
2523 3877 2549 3931 ς
2568 3874 2617 3920 2.
2640 3876 2698 3919 Ι).
2716 3873 2785 3921 de
2803 3872 2949 3931 piqn.
2974 3874 3086 3918 act.
3113 3872 3261 3930 (xm,
3278 3869 3356 3920 7.)

447 3971 451 3974 ,
539 3931 567 3986 s
587 3930 635 3975 1.
658 3932 798 3989 eod.)
822 3959 881 3967 —-
900 3934 972 3991 (L.
994 3935 1073 3985 14.
1098 3938 1217 3983 eod.
1235 3964 1291 3971 —
1313 3939 1388 3985 Cf.
1413 3938 1670 3985 Averam'i
1693 3940 1898 3997 interpr.
1964 3939 2079 3984 —L.
2096 3938 2176 3987 20.
2197 3942 2252 3987 D.
2273 3938 2341 3985 de
2365 3937 2547 3991 furtis.
2570 3937 2772 3994 (XLVII,
2794 3938 2864 3993 2.)
2899 3935 3014 3982 vid.
3038 3939 3096 3979 et
3118 3940 3226 3981 not.
3264 3931 3350 3979 22.

539 3993 580 4044 1.
607 3990 685 4040 19.
722 4007 799 4041 nr.
820 3993 871 4042 7.
897 4003 946 4042 et
967 3996 1017 4045 8.
1035 4024 1097 4037 --
1121 4001 1497 4057 Bynkerslwelc
1516 4001 1622 4046 obs.
1647 4002 1728 4060 Vl,
1754 4000 1897 4048 14.-
1963 4002 2318 4058 —Hoffmann
2341 4003 2375 4046 Ι.
2398 4004 2431 4046 1.
2457 4012 2507 4057 p.
2531 3996 2623 4047 115
2643 4010 2750 4057 sqq.

543 4052 768 4102 Thibaut
783 4055 937 4106 Pand.
959 4064 985 4118 ς
1007 4060 1119 4110 140.
1143 4068 1249 4111 not.
1262 4064 1471 4120 u.)—Ct.
1496 4060 1793 4119 Hoffmann
1815 4066 1899 4111 1.1.
2027 4064 2106 4119 21)
2130 4067 2179 4111 Ι..
2202 4063 2281 4113 54.
2303 4065 2329 4119 s
2349 4065 2399 4109 3.
2426 4064 2477 4107 D.
2503 4062 2569 4110 de
2590 4064 2767 4108 contr.
2786 4063 2913 4106 emt.
2952 4072 2980 4100 ιι
3005 4057 3058 4103 Si
3080 4065 3247 4103 emtor
3264 4068 3354 4102 so·

540 4127 591 4173 1²·
616 4116 709 4163 112
727 4130 831 4178 sqq.
856 4122 938 4167 ΝΡ.
955 4124 1011 4171 C.
1967 4125 2043 4169 ius
2064 4128 2156 4173 scit
2176 4127 2427 4184 (fuitivum
2462 4128 2613 4183 esse),
2635 4135 2733 4168 non
2752 4120 3058 4179 obligabitur
3083 4120 3314 4164 venditor
3339 4153 3357 4173 ,

603 4177 681 4233 12)
705 4181 757 4225 Ι..
783 4180 864 4230 34.
890 4195 962 4241 pr.
999 4188 1051 4234 L.
1076 4184 1157 4234 58.
1179 4190 1236 4235 D.
1260 4187 1327 4236 de
1361 4189 1534 4236 contr.
1567 4191 1691 4234 emt.
1733 4213 1791 4222 --
1824 4187 1898 4236 ef.
1963 4198 2053 4234 nec
2074 4192 2237 4235 tamen
2261 4200 2321 4235 ex
2346 4188 2546 4233 vendito
2581 4186 2846 4246 quicquam
2885 4184 3234 4240 consequitur,
3256 4184 3358 4227 nisi

538 4239 829 4297 Hoffmann
852 4256 901 4302 p.
919 4246 1028 4296 100.
1965 4252 2095 4296 ultro
2114 4285 2130 4311 ‚
2153 4252 2284 4309 quod
2308 4250 2625 4305 convenerit,
2647 4252 2881 4304 praestet.
2909 4246 3102 4300 Quodsi
3125 4245 3358 4290 venditor

606 4301 757 4374 13,)Ιι·
782 4306 830 4356 4.
856 4307 907 4352 L.
924 4308 1007 4359 02.
1028 4314 1054 4367 S
1076 4311 1121 4359 1.
1146 4313 1196 4358 in
1219 4314 1257 4361 t.
1273 4311 1590 4361 D.decont›·.
1611 4315 1731 4359 emt.
1759 4312 1901 4367 (Con-
1963 4314 2057 4360 scit
2077 4344 2092 4370 ,
2116 4320 2274 4360 emtor
2295 4313 2571 4370 ignoravit,
2597 4310 2844 4368 utrimque
2875 4307 3124 4365 obligatio
3155 4312 3354 4353 contra-

540 4370 691 4411 traria
718 4379 817 4415 nou
838 4375 912 4414 est
934 4373 987 4418 L.
1007 4372 1087 4421 34.
1114 4373 1204 4431 83.
1225 4375 1343 4422 eod.
1366 4408 1381 4428 .
1404 4374 1584 4432 quippe
1598 4386 1725 4433 quae
1747 4375 1902 4432 expli·
1965 4372 2117 4422 bitur.
2138 4391 2163 4417 ι
2205 4374 2313 4433 (cf.
2353 4379 2457 4420 not.
2494 4373 2612 4431 20.)
2636 4395 2698 4411 -ι-
2725 4371 2952 4422 faihau!
2987 4373 3026 4416 1.
3071 4371 3111 4416 Ι.
3147 4381 3198 4427 p.
3235 4368 3350 4415 130.

538 4429 694 4475 canda
713 4432 777 4476 uit
798 4441 858 4476 ex
876 4433 930 4478 L.
953 4432 1035 4482 57.
1061 4437 1111 4485 in
1136 4439 1171 4484 f.
1198 4439 1337 4493 eod.)
1969 4435 2079 4484 137.
2105 4451 2180 4483 nr.
2221 4441 2257 4497 t,
2283 4439 2332 4482 1.

606 4486 684 4546 ¹⁴)
705 4491 757 4538 L.
778 4491 859 4539 28.
881 4495 937 4542 D.
957 4497 1077 4544 eod.
1097 4525 1154 4533 -
1169 4501 1438 4547 Dummodo
1459 4512 1558 4546 non
1582 4499 1643 4546 ad
1664 4509 1798 4554 eum,
1819 4496 1904 4554 qui
2029 4500 2205 4557 22)(31.
2231 4502 2325 4546 loc.
2352 4499 2402 4544 in
2426 4503 2528 4544 not.
2563 4497 2645 4559 20.
2680 4498 2855 4546 excitt.
2888 4499 3041 4553 atque
3063 4504 3129 4539 ex
3161 4493 3240 4540 bis
3271 4494 3353 4539 vel

539 4559 890 4664 ἓῖωοίἶιῗιῑιῑὲοῑίι
928 4561 1179 4670 {egnit-“3⁰
1205 4564 1364 4670 ‘cissebet
1390 4596 1407 4623 ‚
1428 4563 1530 4620 jam
1570 4562 1812 4630 pertineat
1831 4559 1904 4607 rei
1966 4564 2180 4670 Ξιέιίωιῖ
2213 4564 2263 4609 L.
2284 4562 2387 4669 'tries
2405 4559 2458 4606 2.
2478 4562 2529 4668 ig
2548 4561 2595 4668 ‘5¹
2603 4560 2850 4677 {138¹}an
2864 4561 2975 4665 αξξ.
2995 4580 3082 4672 ,ᾗ
3106 4556 3166 4663 1ιὸ
3184 4554 3271 4664 ξε
3287 4556 3350 4664 2·

819 4636 1258 4670 ....0.
2051 4636 3183 4671 conr-.e.—-........
3339 4653 3356 4664 .

609 4671 685 4732 ¹5)
708 4677 763 4723 Ι..
787 4677 869 4727 02.
893 4682 919 4735 S
943 4680 990 4729 1.
1010 4634 1079 4731 dg
1095 4689 1266 4732 contr.
1287 4690 1534 4733 ema-L.
1553 4683 1633 4732 28.
1654 4684 1774 4733 eod.
1966 4698 2015 4733 e.
2040 4697 2092 4732 v.
2112 4688 2255 4743 (xlx,
2276 4687 2344 4744 1.)
2367 4711 2426 4720 —
2450 4687 2571 4735 Add.
2595 4688 2649 4732 L.
2667 4682 2718 4732 7.
2744 4686 2771 4739 S
2791 4682 2841 4730 3.
2870 4683 2926 4728 D.
2951 4681 3024 4727 de
3044 4679 3172 4727 dolo
3190 4683 3352 4727 mlo.

605 4735 685 4795 10)
709 4739 763 4786 Ι..
782 4738 831 4786 4.
871 4745 899 4798 ς
921 4745 968 4789 1.
1003 4746 1057 4791 L.
1091 4745 1172 4793 38.
1205 4760 1281 4806 pr.
1317 4752 1369 4795 L.
1408 4747 1489 4796 42.
1526 4751 1579 4794 D.
1617 4747 1686 4795 de
1703 4760 1754 4795 α.
1779 4755 1828 4792 e.
1851 4758 1902 4796 v.
1969 4750 2069 4805 (lv,
2095 4750 2287 4805 3.)--Ι..
2307 4747 2385 4795 10.
2411 4750 2465 4795 C.
2489 4747 2558 4794 de
2578 4758 2715 4796 rese.
2733 4744 2895 4793 vend.
2919 4744 3026 4803 (tv,
3042 4741 3152 4800 44.)
3171 4746 3216 4799 (S
3238 4741 3353 4792 104.

541 4796 687 4856 (xlx,
708 4798 926 4858 1.)-(11.
950 4808 1152 4856 omnino
1181 4809 1473 4867 Hoffmann
1495 4812 1530 4858 1.
1549 4812 1581 4857 Ι.
1605 4822 1658 4871 p.
1686 4809 1775 4859 102
1793 4820 1899 4868 sqq.
1978 4816 2086 4858 not.
2109 4809 2188 4867 3.)

541 4860 627 4909 Ur.
652 4862 703 4912 Β.
726 4869 777 4909 et
788 4865 916 4912 infra
938 4871 964 4925 ς
983 4866 1099 4916 397.
2030 4872 2112 4931 23)
2135 4874 2188 4920 L.
2211 4873 2291 4920 12.
2311 4874 2365 4918 D.
2390 4871 2458 4921 de
2472 4875 2649 4921 contr.
2670 4873 2790 4920 emt.
2824 4895 2881 4904 -
2903 4870 2985 4917 cf.
3010 4883 3166 4933 mpra
3185 4872 3213 4928 S
3239 4872 3352 4919 131.

609 4920 685 4983 17)
704 4925 758 4973 L.
781 4922 863 4975 52.
883 4930 938 4977 D.
963 4929 1062 4980 loc.
1082 4933 1242 4981 cond.
1263 4934 1405 4994 (xlx,
1421 4933 1488 4991 2.)
1968 4940 2073 4983 not.
2095 4934 2147 4983 8.
