3544 5506
547 350 662 407 oto
1241 357 1394 401 uns
1430 357 1589 400 οπο.
1631 354 1751 399 nn.
1793 357 1858 399 v.
1901 355 1976 399 ns
2010 355 2448 400 nummu-mr
2485 356 2660 399 mn.

547 478 693 547 post
714 466 888 529 litem
909 467 1167 542 quidem
1191 470 1618 524 contestatam
1661 462 1928 522 sustinet
1951 477 2137 521 casus
2160 463 2539 536 periculum,
2564 468 2757 537 atque
2775 479 2914 523 non
2940 464 3064 524 nisi
3086 473 3338 540 propter

547 570 803 641 culpam
826 562 1366 624 condemnabitur
1385 605 1402 632 ,
1437 561 1574 620 scil.
1619 565 1842 633 postea
1870 565 2280 618 contractum
2311 556 2393 634 ⁴),
2423 576 2574 618 nam
2614 576 2735 620 nec
2766 564 3003 634 culpae
3036 565 3339 623 rationem

546 664 757 724 reddit
782 667 930 720 ante
954 660 1218 734 petitam
1246 656 1664 716 hereditatem
1695 654 2031 726 admissae,
2061 655 2297 727 quippe
2311 656 2420 728 qui
2448 670 2631 714 suam
2661 671 2798 715 rem
2819 652 3125 716 videatur
3147 661 3341 731 negleb

548 764 708 823 xisse
733 758 806 835 ὃ).
833 765 1038 833 Atque
1064 758 1218 816 illud
1245 772 1329 815 ne
1360 754 1673 829 praedoni
1699 754 1959 828 quidem
1990 752 2411 827 imputabitur
2429 793 2447 824 ‚
2479 757 2655 828 quod
2686 756 3011 815 debitores
3037 773 3176 816 non
3198 773 3343 818 con·

547 861 819 928 venerit,
851 860 997 917 licet
1027 873 1110 917 eo
1130 857 1370 915 sactum
1394 856 1472 915 sit
1495 898 1511 924 ‚
1539 861 1613 912 ut
1644 854 2015 927 deperirent
2045 854 2331 913 actiones
2356 863 2470 913 aut
2494 856 2715 914 inanes
2751 857 3023 914 tierent:
3052 858 3345 930 quoniam

548 959 757 1016 nullas
783 956 889 1013 ille
909 952 1132 1011 babuit
1156 951 1441 1011 actiones
1462 945 1535 1023 ⁶).
1562 949 1628 1025 Ξ)
1658 950 1889 1027 Quodsi
1923 964 2023 1008 res
2052 965 2130 1008 ex
2157 947 2515 1010 hereditate
2538 951 2793 1010 distaxit
2816 954 2878 1010 b.
2911 952 2955 1010 l'.
2989 969 3344 1025 possessor,

547 1051 845 1115 videlicet
877 1059 1029 1111 ante
1052 1068 1247 1126 quam
1278 1057 1606 1123 peteretur
1636 1050 1959 1108 hereditas
1980 1044 2031 1123 ⁷)
2051 1091 2068 1118 ,
2097 1055 2237 1106 tum
2259 1050 2519 1108 demum
2544 1052 2845 1111 adversus
2871 1059 3200 1112 emtorem
3226 1049 3346 1111 vin-

544 1153 845 1216 dicationi
877 1152 1051 1213 locus
1076 1152 1234 1223 erit,
1264 1152 1315 1210 si
1344 1152 1588 1208 nullum
1618 1147 1671 1207 is
1692 1150 1774 1207 ad
1804 1149 2201 1207 venditorem
2232 1148 2427 1207 habet
2453 1165 2809 1221 regressum
2838 1167 2855 1224 3
2888 1153 3068 1223 quod
3102 1153 3347 1225 quidem

549 1271 734 1315 secus
760 1261 859 1312 est
888 1254 954 1310 in
988 1253 1183 1310 rebus
1210 1266 1248 1309 a
1296 1251 1624 1323 praedone
1652 1249 1986 1307 divenditis
2014 1247 2085 1321 ⁸).
2119 1252 2242 1307 Nec
2264 1264 2301 1305 a
2326 1249 2390 1305 b.
2417 1248 2460 1305 l’.
2490 1263 2854 1321 possessore
2880 1251 3073 1323 pretii
3104 1252 3351 1310 nomine

547 1353 819 1424 amplius
850 1348 1088 1423 petitor
1117 1352 1575 1420 consequetur,
1611 1360 1807 1418 quam
1829 1351 1944 1402 aut
1974 1351 2288 1417 quantum
2316 1345 2696 1416 locupletior
2723 1344 2828 1403 ille
2857 1345 3070 1404 sactus
3091 1354 3222 1417 est,
3251 1354 3353 1407 ant

548 1449 856 1517 actiones,
889 1461 1048 1519 quas
1077 1460 1158 1503 eo
1182 1446 1442 1503 nomine
1473 1443 1774 1500 venditor
1800 1440 1992 1499 habet
2017 1437 2062 1513 ⁹)
2083 1483 2100 1509 ‚
2128 1455 2278 1499 cum
2304 1441 2545 1514 praedo
2578 1442 2959 1514 plerumque
2984 1444 3228 1501 debeat
3251 1450 3352 1502 aut

547 1548 748 1620 ipsam
779 1540 1116 1604 restituere
1143 1558 1305 1611 rem,
1340 1543 1390 1602 si
1418 1541 1588 1600 sorte
1614 1540 1776 1600 nolit
1800 1540 1986 1598 heres
2014 1541 2111 1597 vel
2143 1554 2278 1598 non
2298 1540 2492 1613 possit
2519 1555 2663 1599 eam
2690 1541 3050 1614 vindicare,
3084 1550 3202 1601 aut
3222 1551 3353 1601 tan·

544 1652 683 1704 tum
707 1651 1066 1717 praestare,
1104 1648 1418 1715 quantum
1447 1642 1512 1697 in
1543 1641 1717 1698 litem
1737 1638 2056 1712 jnraverit
2085 1640 2322 1712 petitor
2352 1637 2442 1713 ¹⁰).
2473 1636 2774 1699 Similiter
2796 1642 2858 1712 5)
2880 1642 2994 1714 qui
3020 1644 3347 1715 pecuniam

547 1740 1001 1802 hereditariam
1021 1743 1192 1815 apud
1211 1741 1535 1799 debitores
1545 1735 1909 1804 collocavit,
1932 1740 2417 1812 bonae-quidem
2432 1740 2579 1797 fidei
2601 1755 2928 1812 possessor
2941 1756 3077 1799 non
3090 1743 3210 1800 nisi
3226 1739 3354 1800 inid

547 1849 831 1910 tenetur,
852 1849 924 1899 ut
953 1842 1213 1900 nomina
1239 1846 1522 1913 praestet
1548 1839 1810 1912 petitori
1840 1850 2198 1912 usurasque
2221 1841 2304 1910 ei,
2337 1838 2387 1898 si
2407 1854 2568 1912 quas
2590 1836 2917 1912 percepit,
2950 1838 3277 1918 restituat,
3296 1850 3357 1901 at

550 1943 794 2015 praedo
818 1943 1005 2000 sortis
1019 1945 1211 1999 etiam
1234 1936 1548 1998 sustinere
1564 1939 1919 2011 periculum
1939 1954 2197 1997 necesse
2217 1940 2413 1998 habet
2430 1936 2495 2011 11)
2514 1960 2532 2012 3
2560 1938 3133 2012 itemque4)rebus
3158 1943 3360 2013 legatis

550 2057 590 2098 a
612 2042 677 2100 b.
698 2040 741 2102 l'.
767 2055 1126 2114 possessore
1144 2039 1424 2098 indebite
1442 2037 1663 2098 solutis
1689 2038 1974 2097 actiones
2005 2045 2255 2096 tantum
2280 2039 2361 2096 ad
2390 2054 2494 2097 res
2522 2040 2911 2110 repetendas
2932 2043 3355 2112 praestandae

551 2143 700 2194 sunt
724 2132 966 2203 heredi,
996 2139 1076 2194 ad
1109 2137 1505 2209 praedonam
1527 2148 1680 2192 vero
1709 2128 1942 2192 harum
1969 2150 2188 2193 rerum
2228 2136 2584 2207 periculum
2627 2134 2851 2206 utique
2887 2136 3250 2207 pertinebit
3272 2135 3352 2209 ¹²).

552 2235 612 2302 5)
628 2239 898 2294 Lucrum
916 2252 954 2294 a
974 2238 1199 2308 quovis
1221 2236 1589 2293 hereditatis
1611 2248 1973 2306 possessore
1995 2229 2283 2292 similiter
2300 2241 2396 2293 est
2412 2220 2875 2292 restituendum
2898 2231 2993 2307 ¹³),
3016 2236 3357 2295 dummodo

551 2337 651 2394 vel
676 2353 752 2395 ex
773 2336 920 2409 ipsis
941 2337 1135 2395 rebus
1155 2333 1553 2394 hereditariis
1575 2337 1673 2393 vel
1699 2342 1967 2407 propter
1987 2350 2096 2393 eas
2122 2343 2494 2408 perceptum
2518 2336 2599 2393 sit
2619 2330 2711 2408 ¹⁴).
2740 2332 2797 2396 6)
2824 2338 3109 2394 Fructus
3133 2354 3173 2395 a
3194 2352 3361 2409 prae-

550 2435 722 2494 done
757 2436 1015 2508 quidem
1048 2434 1424 2494 restituendi
1452 2441 1603 2493 sunt
1637 2434 1900 2493 omnino
1942 2450 2199 2503 omnes,
2239 2451 2279 2492 a
2313 2436 2525 2493 bonae
2565 2439 2781 2492 autem
2821 2434 2973 2492 fidei
3006 2450 3361 2508 pomsore

551 2550 684 2594 non
720 2535 842 2593 nisi
882 2537 982 2593 vel
1018 2541 1374 2609 exstantes,
1400 2537 1499 2592 vel
1530 2541 2018 2594 consumtorum
2059 2530 2336 2606 pretium
2369 2542 2636 2593 eatenus
2659 2535 2980 2591 duntaxat
3002 2579 3021 2604 ,
3055 2541 3362 2608 quatenu

552 2631 938 2703 locupletior
967 2630 1171 2690 sactus
1201 2638 1297 2690 est
1326 2644 1648 2702 possessor
1668 2673 1685 2698 ‚
1709 2636 1849 2689 tum
1874 2630 2067 2689 etiam
2096 2646 2318 2689 omnes
2338 2674 2354 2700 ‚
2390 2625 2502 2703 qui
2537 2637 2683 2702 post
2718 2631 2900 2689 litem
2930 2637 3350 2690 contestatam

550 2726 839 2799 percepti
872 2733 1020 2785 sunt
1053 2728 1520 2800 commodeque
1552 2727 1792 2801 percipi
1838 2732 2191 2800 potuerunt
2213 2725 2320 2802 ¹⁵);
2360 2727 2477 2785 nisi
2505 2726 2556 2785 si
2586 2741 2812 2786 necem
2842 2729 3177 2787 testatoris
3200 2727 3346 2785 inul-

551 2828 686 2879 tam
716 2837 857 2880 eam
888 2822 1171 2881 omisisse
1194 2823 1552 2881 constiterit
1568 2819 1657 2896 ¹⁶).
1686 2824 1986 2897 ldemque
2013 2824 2096 2880 de
2116 2819 2405 2881 civilibus
2427 2823 2769 2881 dicendum
2802 2830 2905 2881 est
2931 2823 3233 2882 fructibus
3254 2819 3335 2892 11),

551 2923 1007 2990 praeterquam
1034 2919 1115 2976 de
1143 2918 1350 2977 usuris
1380 2935 1514 2979 non
1544 2915 1889 2994 perceptis,
1913 2919 2151 2992 quippe
2168 2933 2341 2991 quae
2366 2935 2449 2976 ne
2470 2935 2508 2976 a
2534 2920 2863 2991 praedone
2892 2921 3151 2992 quidem
3170 2932 3341 2991 pne·

553 3017 820 3075 standae
843 3017 968 3075 sint
997 3014 1092 3091 ¹⁸).
1110 3049 1189 3061 —
1208 3021 1439 3077 Contra
1460 3035 1618 3078 vero
1644 3027 1796 3078 sunt
1821 3021 2045 3088 etiam,
2071 3035 2240 3092 quae
2270 3036 2310 3076 a
2341 3019 2616 3092 petitore
2644 3026 3096 3091 consequatur
3120 3032 3347 3092 pones-

553 3126 685 3184 sor,
713 3114 822 3186 qui
845 3107 1105 3186 quidem
1135 3116 1190 3180 1)
1219 3117 1527 3189 quidquid
1551 3115 1736 3175 solvit
1758 3117 2181 3175 creditoribus
2205 3115 2603 3188 legatariisve
2624 3115 2689 3172 id
2712 3117 3069 3187 reputabit,
3092 3116 3179 3173 ita
3198 3115 3345 3180 sct‘l„

552 3219 626 3270 ut
648 3214 894 3286 praedo
914 3214 1108 3272 etiam
1138 3223 1365 3274 caveat
1395 3216 1678 3287 petitori,
1713 3233 1782 3275 se
1810 3218 2199 3289 quandoque
2225 3231 2373 3274 eum
2404 3216 2839 3287 defensurum,
2871 3231 3026 3273 cum
3051 3218 3112 3273 b.
3146 3215 3191 3275 l'.
3221 3229 3350 3287 pos-

551 3323 760 3367 sessor
790 3323 922 3367 non
965 3306 1082 3368 nisi
1121 3308 1629 3387 condictionem,
1663 3313 1712 3370 si
1750 3328 1945 3384 quam
1979 3312 2174 3371 babet
2209 3312 2512 3370 adversus
2552 3312 3010 3385 accipientem,
3054 3311 3347 3369 mandare

557 3408 776 3467 heredi
802 3423 1062 3468 necesse
1082 3410 1320 3469 habeat
1342 3408 1432 3485 ¹⁹).
1459 3415 1790 3472 Praeterea
1812 3415 1870 3479 2)
1888 3413 2097 3487 justus
2119 3412 2487 3471 hereditatis
2522 3426 2849 3485 possessor
2867 3412 3100 3484 utique
3120 3411 3343 3476 omnia,

556 3522 723 3581 quae
746 3507 860 3567 sibi
896 3509 1214 3569 debentur
1233 3554 1250 3580 ‚
1285 3511 1390 3570 illa
1422 3528 1679 3588 quoque
1701 3559 1718 3586 ,
1751 3529 1921 3587 quae
1944 3520 2180 3572 natura
2215 3518 2466 3571 tantum
2491 3512 2710 3570 debita
2738 3517 2924 3581 sunt,
2965 3512 3243 3571 deducet
3278 3523 3349 3566 ex

614 3811 663 3869 4)
681 3815 732 3860 l..
755 3811 838 3861 40.
862 3826 938 3872 pr.
959 3815 1016 3861 D.
1036 3813 1087 3860 Ιι.
1112 3819 1149 3860 t.
1983 3814 2124 3862 enit.
2143 3825 2265 3872 exp.
2288 3814 2411 3871 (vll,
2427 3808 2527 3859 51.)
2550 3836 2611 3845 -
2631 3813 2685 3858 1..
2703 3808 2785 3859 56.
2812 3812 2869 3858 D.
2892 3811 2948 3858 k.
2973 3816 3080 3859 1.·-
3099 3814 3151 3859 1..
3173 3808 3252 3859 27.
3275 3821 3341 3868 pr.

615 3873 663 3931 5)
687 3877 740 3922 1..
764 3873 844 3923 25.
868 3878 894 3932 S
913 3877 994 3923 11.
1019 3878 1073 3924 1..
1091 3878 1174 3923 31.
1196 3877 1224 3932 ς
1243 3877 1292 3922 3.
1317 3877 1374 3923 D.
1394 3876 1445 3924 Ιι.
1473 3881 1510 3925 t.
1537 3901 1593 3912 -
1617 3878 1669 3925 1..
1692 3875 1770 3926 25.
1793 3875 1919 3934 315.
1985 3878 2041 3924 D.
2067 3877 2185 3924 eod.
2211 3877 2295 3933 (cf.
2320 3878 2346 3931 S
2370 3872 2480 3921 228.
2508 3886 2585 3922 nr.
2610 3876 2698 3931 1.).

555 3935 633 3985 10.
658 3938 779 3985 eod.
2051 3937 2129 3994 16)
2156 3941 2205 3985 ί..
2230 3937 2274 3985 1.
2302 3940 2355 3984 C.
2381 3938 2448 3984 de
2462 3935 2561 4000 tas,
2585 3936 2730 3996 quib.
2749 3939 2812 3982 ut
2828 3933 3033 3996 indiqu.
3058 3937 3157 3993 (Vl,
3179 3933 3271 3990 83.)

612 3997 664 4046 6)
692 4002 742 4047 l..
767 3998 847 4047 31.
868 4000 895 4055 S
917 3998 964 4047 4.
991 4002 1047 4047 D.
1071 4000 1125 4046 Ιι.
1149 4003 1186 4046 t.
2051 3999 2129 4056 17)
2152 4002 2207 4048 1..
2229 3997 2310 4045 99.
2336 4001 2391 4046 D.
2421 3999 2473 4045 Ιι.
2500 4004 2601 4046 t.—
2618 4001 2671 4046 1..
2696 3997 2775 4046 27.
2800 4000 2827 4055 S
2846 3999 2892 4043 1.
2915 4000 2970 4044 1..
2992 3997 3075 4045 53.
3100 3998 3215 4044 eod.

615 4058 662 4110 7)
687 4064 806 4109 Nam
827 4064 928 4110 vid.
954 4064 1005 4109 1..
1030 4060 1110 4109 20.
1135 4062 1161 4116 S
1183 4059 1262 4110 10.
1283 4064 1340 4110 D.
1364 4064 1415 4110 Ιι.
1444 4067 1480 4109 t.
2054 4060 2138 4118 18)
2155 4064 2185 4109 1.
2240 4062 2320 4113 20.
2345 4064 2372 4118 S
2390 4059 2470 4108 14.
2496 4062 2550 4107 D.
2578 4062 2633 4109 Ιι.
2656 4058 2913 4107 t.—1..62.
2941 4072 3017 4118 pr.
3041 4063 3097 4107 D.
3117 4060 3186 4107 de
3203 4061 3260 4106 lt.
3281 4056 3345 4104 V.

613 4132 665 4191 s)
691 4136 740 4180 1..
766 4134 846 4181 25.
880 4135 905 4189 s
936 4135 1014 4183 17.
1042 4137 1096 4182 n.
1120 4134 1172 4181 Ιι.
1199 4138 1236 4181 t.
1263 4134 1530 4192 (εις-107.
1556 4134 1770 4196 nous).
1990 4127 2007 4184 (
2026 4127 2107 4182 Vl,
2127 4128 2196 4182 1.)
2248 4125 2331 4179 (ct.
2356 4130 2459 4169 not.
2482 4121 2569 4179 6.).
2606 4148 2665 4157 -
2702 4125 2765 4169 ve
2791 4125 3222 4169 usuri-memma
3242 4125 3343 4166 τί·

622 4211 673 4272 9)
699 4215 747 4260 L·
775 4213 855 4260 20·
879 4211 1130 4270 §17-19.
1153 4215 1203 4260 L·
1228 4213 1306 4262 23·
1329 4229 1404 4274 m,-
1430 4218 1483 4263 L·
1505 4215 1586 4264 25·
1610 4220 1636 4275 3
1656 4215 1701 4263 ¹·
1724 4219 1780 4264 D·
1807 4217 1859 4264 h·
1882 4221 1923 4265 t·
1989 4188 2193 4246 petitam
2216 4186 2535 4233 hereditatem
2560 4192 2903 4243 perceptorum
2932 4219 2948 4244 ‚
2983 4191 3094 4231 tum
3133 4185 3343 4244 munh·

555 4302 616 4311 —
652 4277 728 4323 Cf.
753 4277 803 4322 1..
828 4277 907 4322 22.
927 4276 1049 4323 eod.
1084 4277 1101 4334 (
1126 4276 1221 4324 vid.
1245 4284 1351 4326 not.
1376 4277 1454 4326 13.
1479 4280 1613 4327 etde
1633 4279 1923 4327 Buchltoltz
1990 4249 2932 4370 3310ῗέἓξῧῗᾶζῗὲξπὶἒεῗξὲῗῑὲΰῗ
2952 4260 3007 4356 1:
3008 4260 3174 4356 οἷῃῗε
3193 4254 3340 4363 gre:

553 4340 589 4386 ¹·
611 4340 646 4386 ¹·
668 4351 717 4397 p·
745 4337 821 4385 ¹⁰·
850 4336 946 4394 ¹¹3
2024 4409 2036 4420 .
2091 4409 2102 4420 .
2132 4399 2187 4408 —-
2251 4406 2263 4419 .
2292 4369 2368 4418 15.
2392 4374 2445 4418 D.
2465 4372 2533 4418 de
2551 4384 2707 4418 usur.
2761 4372 2909 4424 xxti,
2934 4373 2982 4417 1.
3018 4397 3073 4406 —-
3098 4372 3150 4417 1..
3180 4368 3249 4416 18.
3323 4398 3339 4410 .

553 4463 587 4508 L
613 4401 694 4510 1οᾶ
712 4399 1014 4509 egmgdai.
1037 4403 1094 4448 n.
1113 4400 1169 4447 ιι.
1194 4402 1354 4449 1.-1..
1380 4401 1462 4450 20.
1483 4406 1511 4461 ς
1538 4401 1798 4453 ¹2.1..33.
1821 4406 1847 4460 s
1871 4401 1921 4451 1.
1984 4374 2041 4485 ζ’).
2060 4377 2130 4483 {ie
2152 4375 2246 4483 ἰι-ξ’
2279 4444 2425 4492 quae
2458 4438 2519 4481 η,
2547 4367 3010 4494 ,ΜΨ-((χχχηῖ
3028 4434 3102 4490 9.)
3272 4377 3323 4426 ¹*

591 4465 668 4571 ’,ᾖ
699 4466 761 4570 ·,9
787 4475 927 4571 ὼθυ
954 4498 1006 4570 7,
1051 4527 1073 4570 ι
2043 4498 2119 4554 19)
2143 4500 2194 4544 1..
2216 4468 2265 4544 δ’.
2289 4499 2342 4543 c.
2362 4497 2413 4543 lt.
2438 4499 2771 4553 t.—l..3t.pr.
2798 4498 2855 4541 n.
2874 4497 2996 4542 eoa.
3019 4498 3222 4553 (caia.
3246 4490 3331 4535 vu.

675 4528 692 4582 )
733 4555 762 4571 ’·
793 4584 824 4632 5
857 4559 868 4570 ·
932 4557 1027 4632 'ae‘
1079 4558 1091 4570 ·
1133 4586 1172 4632 d
1214 4585 1232 4632 ί
1273 4585 1313 4633 d
1982 4562 2034 4606 ι.
2060 4560 2143 4608 20.
2166 4563 2192 4615 s
2215 4557 2291 4606 18,
2318 4561 2365 4604 in
2387 4559 2422 4604 ι’.
2448 4557 3036 4616 eoa.)-1..17.eoa.ei
3061 4562 3111 4605 1..
3136 4553 3266 4602 2-5.
3285 4553 3336 4597 u.

615 4586 695 4646 η)
718 4588 767 4632 L'
829 4620 840 4631 ⁸
860 4589 914 4633 υ·
1026 4598 1127 4634 ⁶⁰¹²
1176 4621 1188 4632 “
1234 4599 1268 4633 ²²
1315 4622 1326 4633 '
1351 4588 1436 4644 (α’
1459 4593 1562 4634 ⁰⁰²⁸
1586 4588 1706 4647 ¹⁰')’
1983 4623 2052 4670 de
2073 4623 2232 4670 cond.
2252 4621 2350 4667 Ine.
2372 4622 2472 4676 (xtl
2516 4621 2586 4671 6.)
2603 4645 2664 4653 -
2686 4623 2735 4666 t..
2761 4622 2853 4667 ult.
2878 4622 2927 4665 in
2953 4621 2989 4665 l‘.
3016 4623 3071 4667 D.
3095 4620 3164 4665 de
3182 4616 3332 4676 πηοί-

616 4662 693 4719 ¹3)
716 4663 769 4708 L.
793 4659 872 4708 28.
892 4664 944 4709 D.
969 4662 1019 4710 lt.
1046 4661 1205 4709 L-L,
1235 4661 1314 4710 23.
1339 4660 1431 4712 51.
1458 4667 1512 4711 L.
1534 4665 1613 4712 25.
1638 4680 1713 4726 pr.
1731 4669 1790 4715 D.
1808 4667 1862 4713 Ιι.
1877 4670 1919 4714 ἰ.
1982 4688 2116 4745 9051·
2145 4687 2244 4740 (111,
2266 4682 2335 4740 5,)
2359 4707 2417 4716 ...
2438 4654 2511 4728 eff,
2536 4685 2656 4728 011„
2679 4681 2759 4730 43,
2781 4679 2865 4729 ⁴⁴,
2889 4682 3009 4728 eod.
3050 4708 3110 4717 .-
3141 4681 3329 4727 onulfi·

557 4725 640 4782 (⁰¹2
665 4727 717 4772 ι’·
743 4723 826 4771 3⁶·
851 4724 943 4780 5⁴·
965 4726 1245 4781 ⁶⁰d·)·‘··¹⁴·
1262 4726 1343 4772 3¹·
1365 4727 1392 4781 ς
1411 4726 1459 4775 5·
1486 4728 1605 4775 wd-
1982 4759 2124 4794 vero:
2145 4749 2272 4794 G.A.
2298 4746 2496 4792 Munke
2518 4747 2578 4792 de
2601 4746 2877 4792 actionibus
2895 4744 3336 4802 exceptionum

615 4801 693 4860 14)
714 4804 765 4849 1..
792 4803 873 4849 20.
896 4806 923 4861 ς
945 4802 1024 4851 18.
1042 4805 1097 4850 in
1121 4800 1158 4851 1.
1185 4806 1236 4851 1..
1260 4804 1342 4854 2⁴.
1365 4808 1420 4853 D.
1443 4806 1497 4855 lt.
1516 4812 1554 4855 t.
1983 4813 2244 4869 possessori
2296 4808 2551 4866 petitorive
2589 4806 2877 4855 hereditatis
2917 4809 3112 4854 ratione
3142 4811 3287 4850 eor·-
3308 4830 3326 4855 ‚

617 4864 695 4924 15)
713 4867 738 4920 ς
754 4865 802 4913 2.
827 4867 863 4912 1.
888 4866 957 4913 de
973 4864 1109 4922 ome.
1127 4868 1249 4924 jud.
1270 4893 1325 4902 —
1352 4870 1402 4915 1..
1427 4867 1507 4916 25.
1533 4868 1622 4926 8⁴.
1649 4871 1701 4917 t..
1724 4868 1804 4918 40.
1830 4872 1918 4928 Sl.
1984 4873 2184 4931 quaepsi
2216 4871 2538 4917 creditoribus
2559 4869 2868 4915 hereditariis
2889 4869 3224 4928 legata-iisqne
3240 4861 3328 4908 ⁸⁰¹·

557 4931 615 4977 D.
635 4929 686 4975 Ιι.
708 4930 810 4974 1,-
822 4929 873 4973 1..
899 4929 943 4973 1.
970 4929 996 4983 S
1014 4928 1034 4975 1
1052 4963 1064 4976 .
1085 4930 1138 4978 1..
1160 4928 1208 4976 2.
1233 4930 1288 4978 C.
1309 4931 1363 4977 Ιι.
1390 4935 1428 4979 t.
1453 4956 1510 4966 —
1535 4934 1588 4980 1..
1610 4932 1661 4980 2.
1685 4934 1739 4980 C.
1761 4932 1831 4980 de
1848 4932 1918 4988 fr.
1986 4941 2159 4981 verunt
2181 4968 2197 4994 ,
2215 4932 2621 4992 competentibus.
2642 4932 2783 4978 Reid.
2806 4928 2951 4979 ¹⁸53.
