3544 5506
1432 345 1878 391 afim!-

347 461 400 510 6.
420 460 494 512 lie
514 454 861 522 exsequendis
881 457 1215 510 testamentis.
1243 461 1272 517 s
1289 455 1388 535 sne
1401 489 1417 503 .

347 546 403 595 b.
427 545 495 593 De
514 541 926 606 interpretandis
949 539 1281 593 tentamentis.
1300 543 1330 598 ς
1349 539 1469 591 657.

238 633 323 674 m.
343 635 398 675 n.
426 618 955 673 Detestamentorum
989 623 1041 671 et
1057 617 1293 669 formaet
1307 618 1634 681 argumento,

318 703 527 754 maxime
578 714 686 766 qua
729 701 796 752 ad
854 700 1228 752 successionem
1271 702 1505 764 spectant
1544 710 1636 763 per

321 783 721 836 universitatem.

295 860 337 916 1.
375 867 548 914 Forma
593 860 902 914 ultimarum
938 861 1284 914 voluntatum.
1307 885 1371 897 —
1387 860 1636 914 Historiae

383 949 812 997 testamentorum
834 944 1172 997 adumbratio.
1197 950 1225 1004 ς
1254 945 1370 997 668.

352 1031 404 1080 Δ.
426 1028 1009 1092 Testamentaprivata.

414 1110 460 1169 1)
480 1110 756 1173 Utriusque
773 1111 825 1160 et
845 1105 1026 1172 scripti
1045 1109 1097 1158 et
1123 1106 1459 1171 nuncupativi
1476 1111 1634 1159 testa·

471 1192 632 1243 menti
646 1195 918 1256 praecepta
939 1192 1253 1244 communia.
1270 1194 1297 1249 S
1315 1191 1433 1242 669.

413 1272 465 1339 2)
483 1274 698 1337 Propria
722 1272 1038 1325 testamenti.

476 1353 529 1418 a)
553 1354 759 1417 scripti.
777 1358 805 1412 s
825 1353 943 1403 660.

475 1434 535 1501 b)
560 1434 921 1500 nuncupativi.
942 1436 969 1491 ς
986 1432 1105 1498 661,
1128 1436 1181 1485 et

478 1516 531 1579 c)
551 1528 858 1568 coecorum.
876 1519 904 1574 ς
925 1515 1040 1566 669.

356 1597 410 1648 B.
433 1595 638 1649 Publica
660 1596 983 1646 testamenta.
1005 1598 1032 1652 s
1052 1594 1168 1644 663.

446 1680 769 1730 Testamenta
793 1681 970 1729 mutua
988 1680 1039 1727 et
1059 1677 1341 1741 reciproca.
1367 1683 1395 1738 ς
1418 1677 1534 1729 664.

302 1758 362 1811 11.
394 1764 783 1825 Argumentum,
825 1759 979 1824 idque
996 1761 1337 1812 necessarium
1359 1763 1631 1812 testamen-

387 1845 573 1897 torum.

359 1927 415 1976 Δ.
435 1923 640 1975 Heredis
659 1923 939 1975 institutio.

418 2007 468 2071 1)
487 2008 638 2070 primi
662 2007 877 2070 gradus.
912 2010 939 2065 ς
960 2008 1077 2059 665.

481 2093 549 2141 De
596 2090 824 2154 plurium
867 2089 1110 2142 heredum
1154 2090 1494 2153 institutione,
1539 2104 1636 2147 nec

530 2182 636 2222 non
656 2170 719 2221 de
747 2170 980 2234 partibus
996 2169 1331 2224 hereditariis.
1355 2173 1382 2229 S
1406 2169 1470 2223 66
1483 2172 1532 2223 6.

419 2248 467 2310 2)
489 2247 694 2300 Heredis
717 2249 1031 2315 substitutio,
1055 2255 1082 2310 s
1099 2248 1215 2302 667.

480 2330 531 2391 a)
549 2330 787 2394 vulgaris
803 2345 819 2393 ς

539 2411 598 2474 α)
622 2413 787 2463 notio.
809 2418 837 2473 ς
860 2413 980 2464 668.

532 2494 589 2559 β)
611 2493 705 2545 vis.
725 2499 752 2553 s
778 2495 898 2545 669.

534 2573 587 2636 7)
609 2575 902 2625 exstinctio.
927 2578 954 2633 ς
987 2576 1103 2627 670.

475 2651 528 2714 b)
555 2654 847 2718 Pupillaris.

539 2733 595 2801 α)
618 2734 737 2801 Ejus
770 2736 918 2794 notio
948 2739 999 2789 et
1032 2734 1351 2790 conditiones
1386 2747 1626 2802 necessse

606 2819 733 2869 riae.
761 2821 788 2875 s
812 2817 932 2869 671.

537 2900 591 2964 β)
609 2901 680 2951 De
720 2900 822 2961 his,
865 2901 955 2964 qui
996 2900 1319 2952 honorantur
1358 2899 1625 2964 pupillari-

607 2980 701 3033 bus
726 2981 936 3035 tabuiis.
955 2990 982 3044 s
1013 2984 1130 3033 6⁷2.

538 3065 587 3124 7)
609 3065 852 3128 Simplex,
875 3064 1059 3129 duplex
1080 3065 1285 3117 substit.
1305 3067 1412 3129 atq.
1435 3064 1625 3117 utrius·

602 3157 703 3208 que
724 3147 866 3196 visis.
893 3156 919 3208 ς
939 3148 1059 3198 678.

539 3221 589 3287 δ’)
613 3225 877 3285 Quomodo
916 3229 1183 3280 evanescat
1214 3224 1479 3292 pupillaris
1496 3224 1621 3279 sub·

602 3309 825 3359 stitutio.
851 3315 878 3369 s
903 3308 1016 3362 67⁴.

463 3388 514 3452 c)
534 3389 685 3448 Quasi
703 3390 968 3455 pupillaris
990 3389 1296 3441 substitutio.
1320 3396 1348 3451 ς
1371 3389 1488 3441 675.

358 3470 405 3518 li.
427 3469 820 3586 υξίἓζξειεατϋε
840 3472 1109 3524 heredibus
1137 3484 1415 3536 eorumque
1438 3472 1618 3527 exclu-

404 3614 457 3678 1)
484 3617 730 3692 Histoi-ica
752 3618 827 3669 rei
849 3617 1189 3670 adumbratio.
1219 3622 1245 3677 ς
1268 3624 1386 3675 676.

406 3696 462 3766 2)
484 3699 894 3753 Necessariorum
920 3714 1267 3755 successorum
1287 3706 1488 3761 notioet
1499 3720 1617 3774 spe-

463 3783 585 3854 cies.
607 3787 634 3842 ς
656 3786 771 3835 677.

403 3864 459 3930 ὅ)
479 3868 550 3918 De
564 3867 793 3932 legitima
815 3869 1074 3933 portione.

465 3947 522 4014 a)
534 3949 662 4009 Quid
679 3952 765 4014 sit,
787 3955 835 4003 et
854 3952 1160 4015 quibusnam
1172 3953 1430 4007 debeatur.
1455 3958 1483 4013 S
1496 3957 1618 4009 678.

464 4030 518 4093 b)
539 4032 880 4096 nelegitimae
898 4037 1153 4099 portionis
1177 4039 1466 4102 quantitate
1485 4040 1614 4104 ejus·

526 4124 628 4177 que
642 4116 1018 4177 computandae
1035 4119 1255 4170 ratione.
1280 4123 1308 4179 ς
1326 4121 1442 4172 679.

463 4198 514 4256 c)
546 4197 817 4256 Quomodo
865 4199 1195 4265 relinquenda
1235 4204 1303 4254 sit
1347 4204 1576 4266 legitima
1589 4238 1608 4268 ‚

532 4281 682 4330 tum:
711 4279 775 4331 de
795 4281 1077 4345 expletoria
1101 4285 1319 4336 actione.
1342 4291 1369 4346 ς
1400 4287 1518 4338 680.

399 4353 449 4422 4)
470 4360 825 4413 uehereassms
849 4364 1148 4416 necessariis
1169 4378 1448 4431 corumque
1468 4366 1622 4420 exhe-

526 4440 812 4494 redatione.
870 4473 877 4478 ·

458 4528 511 4586 a)
530 4526 818 4578 universim
838 4527 1119 4584 disseritur.
1139 4534 1166 4587 ς
1183 4530 1301 4582 681.

463 4604 549 4745 ως
562 4606 908 4738 {giges-edatio
949 4611 1207 4674 quomodo
1255 4611 1370 4664 fleri
1413 4609 1609 4664 debeat.

445 4769 497 4830 c)
522 4770 715 4819 causae
734 4724 1169 4836 emendationis,

542 4848 598 4914 α)
643 4862 775 4913 quae
809 4852 1055 4914 puniendi
1098 4854 1297 4909 heredis
1341 4857 1610 4911 necessarii

614 4942 770 4984 causa
794 4930 875 4985 fit.
899 4933 928 4989 ς
950 4933 1067 4988 683.

2012 458 2069 520 β)
2100 458 2170 507 De
2209 452 2598 507 exheredatione
2616 491 2631 514 .
2675 463 2806 516 quae
2845 452 2903 504 nt
2947 450 3083 504 bona

2107 538 2296 600 mente,
2317 535 2526 601 ejusque
2548 534 2730 586 causis.
2755 538 2783 593 ς
2806 533 2921 586 68-1.

1750 618 1839 670 111.
1860 617 2032 670 Minus
2050 617 2295 669 solemnia
2314 620 2646 681 testamenta;

1809 698 2141 763 A.ejusmodi
2163 733 2181 759 .
2226 711 2355 763 quae
2395 697 2653 749 communi
2699 695 2921 747 omnium
2968 694 3085 758 jure

1914 780 2064 841 liunt,
2088 792 2135 829 s.
2152 778 2216 830 de
2248 777 2510 829 codicillis.
2551 779 2578 834 S
2620 776 2736 829 685.
2780 772 3083 827 codicillaris

1944 860 2189 911 clausula.
2204 864 2231 917 s
2256 861 2371 911 686.

1814 935 1875 990 Β.
1901 939 2038 998 Quae
2059 938 2308 1003 singulari
2323 939 2440 1003 jure
2457 938 2609 990 flunt.

1882 1022 1931 1080 1)
1957 1019 2168 1070 militare
2197 1021 2574 1071 testamentum.
2600 1022 2627 1077 ς
2645 1016 2764 1070 687.

1881 1103 1935 1166 2)
1971 1105 2247 1155 Parentum
2296 1104 2430 1156 inter
2465 1102 2651 1154 liberos
2707 1101 3075 1152 testamentum.

1878 1268 1929 1326 6)
1945 1187 2189 1331 ςῐιὲιὸἰὲἷιεο
2211 1267 2421 1331 species.
2450 1268 2479 1323 S
2499 1265 2613 1319 689.

1719 1397 1907 1441 carm
1931 1397 2021 1439 iv.
2048 1384 2137 1439 De
2162 1380 2556 1455 acquirendis
2582 1372 3038 1437 hereditatibus.

1683 1519 1793 1559 ris.
1813 1520 1856 1558 1.
1881 1510 1949 1558 De
1986 1505 2411 1571 acquirendarum
2434 1502 2769 1558 hereditstum
2796 1499 2996 1550 ratione
3014 1509 3077 1549 ac

1812 1591 2000 1641 forma.

1722 1671 1789 1724 l.
1833 1673 1905 1723 De
1956 1670 2264 1735 acquirenda
2296 1669 2571 1722 hereditate
2602 1664 2884 1730 generatim
2915 1673 3077 1727 expo-

1877 1754 2060 1804 nitur:

1814 1837 1872 1885 Δ.
1916 1833 2222 1898 acquirendi
2265 1844 2463 1884 summa
2509 1828 2631 1883 ratio
2669 1828 2723 1878 et
2762 1824 3078 1877 necessariae

1880 1918 2218 1970 conditiones.
2242 1921 2269 1976 ς
2293 1918 2409 1968 690.

1817 2002 1872 2049 B.
1909 1998 2197 2048 Voluntatis
2238 1992 2533 2061 significatio
2573 1990 2828 2053 animique
2864 1985 3079 2038 intentio

1880 2081 2009 2142 elus,
2033 2079 2121 2143 qui
2143 2080 2279 2129 tacto
2302 2075 2523 2141 acquirat
2545 2071 2892 2122 hereditatem.
2918 2068 3075 2127 3691.

1817 2164 1874 2214 c.
1908 2160 2197 2225 singularia
2222 2159 2284 2210 de
2317 2159 2431 2224 jure
2452 2151 2789 2204 hereditatum
2814 2151 3078 2214 acquiren-

1882 2245 2063 2296 darum
2083 2247 2369 2309 praecepta.
2392 2237 2546 2300 5692.

1746 2326 1813 2378 il.
1837 2326 2141 2391 Singulatim
2162 2336 2181 2375 ε
2524 2372 2532 2380 ,

1813 2413 1871 2459 Α.
1895 2406 2151 2471 quomodo
2173 2405 2310 2458 civili
2334 2404 2442 2465 ,lire
2464 2398 2764 2464 acquiratur
2786 2394 3039 2448 hereditas
3057 2428 3076 2461 ,

1881 2492 1932 2550 1)
1955 2492 2058 2541 suis
2076 2494 2126 2542 et
2141 2485 2429 2541 necessariis
2448 2481 2735 2535 heredibus.
2762 2479 2878 2531 693.

1878 2571 1935 2639 2)
1960 2574 2220 2625 Extraneis
2240 2586 2274 2624 s.
2301 2566 2602 2619 voluntariis
2623 2561 2897 2616 heredibus
2927 2573 2948 2627 ς

1945 2659 1996 2718 a)
2023 2654 2235 2707 adeundi
2257 2649 2408 2701 ratio.
2436 2654 2462 2709 ς
2486 2645 2601 2699 694.

1938 2739 1991 2797 b)
2013 2734 2261 2789 Aditionis
2281 2732 2499 2795 tempus.
2522 2734 2550 2789 ς
2572 2728 2690 2780 695.

1806 2820 1863 2873 B.
1882 2821 2133 2872 Bonorum
2167 2815 2494 2883 possessionis
2513 2808 2868 2877 agnoscendae
2909 2807 3061 2858 ratio.

1900 2907 1927 2960 S
1948 2904 2061 2951 696.

1672 2995 1781 3034 rtr.
1804 2994 1867 3034 u.
1891 2985 1960 3035 De
1991 2982 2265 3047 acquisitae
2284 2976 2574 3030 hereditatis
2592 2975 2644 3028 vi
2671 2977 2822 3039 atque
2845 2971 3049 3023 effectu.

1735 3064 1774 3117 l.
1796 3066 1887 3116 Jus
1905 3102 1920 3125 ,
1946 3065 2010 3115 ad
2032 3064 2167 3129 quod
2190 3065 2386 3127 spectat
2416 3054 2703 3124 acquisitio.
2730 3079 2791 3091 —
2808 3050 3074 3105 Hereditas

1796 3143 1988 3209 jacens.
2009 3151 2034 3205 ς
2057 3148 2176 3197 697.

1731 3227 1800 3280 11.
1819 3229 2116 3281 Hereditatis
2137 3226 2412 3292 acquisitae
2431 3225 2509 3276 vis

1798 3312 1855 3361 Δ.
1878 3311 2152 3361 universim
2172 3312 2418 3370 spectata.
2440 3308 2466 3363 s
2490 3308 2607 3355 698.

1803 3394 1854 3441 Β.
1870 3391 2133 3451 Quomodo
2153 3390 2432 3454 acquisitae
2444 3384 2737 3439 hereditatis
2747 3380 3069 3435 incommoda

1927 3474 2264 3538 depellantur,

1862 3559 1909 3619 1)
1931 3557 1997 3609 ab
2013 3557 2301 3617 heredibus,

1924 3636 1978 3702 a)
2004 3638 2289 3689 Generatim
2310 3633 2589 3687 disseritur.
2615 3632 2643 3688 S
2666 3633 2785 3681 699.

1924 3720 1979 3785 b)
2019 3719 2320 3782 Singulatim
2352 3716 2421 3768 de
2458 3714 2731 3768 inventarii
2767 3704 3065 3762 commodis.

1990 3807 2019 3862 S
2041 3803 2157 3852 700.

1861 3886 1912 3948 2)
1933 3879 2614 3939 acreditoribhereditarils,
2640 3889 2684 3928 s.
2714 3870 2906 3934 dejure
2924 3881 3062 3934 sepa·

1926 3966 2155 4018 rationis.
2181 3970 2208 4025 s
2228 3965 2344 4015 ⁷01.

1729 4049 1816 4102 lii.
1850 4047 2059 4115 Singula
2093 4047 2334 4099 heredum
2373 4045 2490 4110 jura
2540 4038 2826 4093 accuratius
2864 4039 3066 4101 pertra-

1796 4131 2222 4250 s.⁰·{·³r¹3‘1¹ssinissio
2253 4193 2382 4255 luris
2408 4188 2704 4256 acquirendi
2736 4187 2801 4239 ad
2834 4182 3064 4236 heredes.

1860 4276 1887 4331 S
1907 4277 2024 4328 702.

1794 4359 1851 4409 B.
1877 4356 2178 4409 Hereditatis
2198 4352 2442 4406 venditio.
2466 4358 2493 4413 ς
2514 4353 2634 4408 703.

1797 4440 1854 4491 C.
1876 4441 1947 4490 De
1966 4436 2249 4489 actionibus
2272 4436 2561 4489 hereditarii
2587 4434 2717 4500 juris
2737 4427 3069 4497 persequendi

1927 4520 2202 4584 tuendique
2217 4531 2371 4571 causa
2393 4519 2718 4585 comparatis.
2734 4513 2854 4566 Loci
2885 4510 3066 4562 adum·

1910 4605 2094 4657 bratio.
2118 4607 2145 4662 S
2167 4602 2280 4656 704.

1857 4690 1907 4750 a)
1931 4688 2235 4743 Hereditatis
2260 4690 2458 4752 petitio.
2564 4724 2584 4752 ,

1989 4778 2040 4836 α)
2061 4775 2183 4838 Ejus
2204 4777 2349 4827 notio
2372 4779 2423 4827 et
2438 4774 2646 4838 species.
2671 4779 2699 4833 s
2719 4775 2835 4823 706.

1988 4857 2049 4924 β)
2079 4860 2149 4910 De
2173 4860 2401 4922 personis
2428 4861 2478 4910 et
2500 4859 2759 4922 agentium
2781 4860 2832 4906 et
2853 4862 3061 4914 eorum,

2017 4970 2031 4981 -
2050 4939 2348 5002 quibuscum
2370 4935 2605 5008 agam-„s
2623 4937 2737 4986 706.
