3544 5506
529 326 569 381 8
1731 332 2107 375 rnoonmum.

527 452 942 526 praecipuum
960 447 1299 523 quemdam
1314 448 1524 505 locum
1536 444 1902 504 obtinebant
1930 460 2070 520 eae,
2101 440 2506 518 quibusinter
2517 459 2586 505 se
2610 445 2899 505 homines
2921 446 3328 521 dimicarent,

527 563 694 623 quae
710 548 865 621 lepis
883 546 1159 606 actiones
1185 544 1543 616 appellatae
1590 546 1738 599 sunt
1786 543 1858 611 3),
1898 541 2175 614 denique
2195 542 2246 599 si
2274 540 2428 613 quid
2459 542 2560 599 vel
2583 542 3028 612 angustiarum
3057 542 3326 601 haberet

520 647 627 722 jus
655 653 837 706 vetus
862 644 1193 717 scriptum,
1220 644 1322 701 vel
1340 641 1895 700 incommodorum
1921 638 2253 717 ejusmodi,
2279 654 2448 713 quae
2470 641 3005 714 interpretatione
3028 643 3164 700 sola
3189 644 3326 701 tolli

528 761 660 806 non
684 758 865 820 posse
883 744 1277 809 viderentur,
1310 749 1474 811 tum,
1497 741 1593 798 vel
1616 747 1805 798 caute
1823 755 1941 798 ase
1965 740 2238 800 inventis
2284 740 2569 798 formulis
2584 736 2649 809 4).
2674 742 2776 799 vel
2807 741 3137 800 fictionum
3154 756 3332 800 eom·

528 852 1021 916 mentorumque
1046 857 1169 914 ope
1219 837 1285 907 ⁵),
1315 840 1434 899 ista
1478 856 1514 898 e
1549 840 1764 898 medio
1804 841 2035 899 tollere
2102 846 2522 912 conarentur,
2569 855 2737 912 quae
2761 841 3334 913 autaprudentiae

528 940 886 1015 praeceptis
932 945 1046 997 aut
1097 953 1131 995 a
1177 943 1540 1010 temporum
1585 936 1837 994 ratione
1889 942 2098 995 essent
2137 937 2367 996 aliena.
2421 939 2637 1009 Neque
2681 951 2839 995 vero
2891 943 3330 1010 posteaquam

528 1042 898 1097 Praetorum
938 1034 1160 1093 edictis
1194 1032 1412 1103 augeri
1439 1037 1742 1105 coeperat
1760 1031 1869 1105 ius
1914 1032 2095 1091 civile
2140 1039 2335 1105 atque
2361 1032 2616 1104 corrigi,
2636 1033 2763 1091 JCti
2796 1031 3061 1091 Romani
3083 1049 3323 1093 munus

528 1139 705 1208 illud,
735 1133 1136 1211 veterisiuris
1163 1131 1385 1189 tuendi
1413 1131 1560 1204 ipsis
1589 1131 1767 1204 quasi
1781 1132 2264 1200 demandatum,
2289 1134 2369 1191 ad
2393 1132 2729 1205 pristinum
2754 1148 3000 1192 morem
3028 1148 3334 1195 exercere

529 1235 889 1299 desierunt3
922 1232 1071 1298 imo,
1104 1229 1153 1286 si
1177 1242 1344 1300 quae
1366 1226 1721 1285 inciderent
1763 1227 1829 1284 in
1882 1227 2129 1287 civilem
2155 1229 2559 1301 prudentiam
2587 1230 2999 1301 quaestiones
3026 1244 3237 1289 novae
3259 1245 3335 1289 ac

532 1330 784 1397 dubiae,
816 1341 923 1384 eas
944 1325 1023 1382 ad
1045 1322 1436 1395 antiquitatis
1462 1322 1783 1381 fictionem
1821 1324 2179 1394 exigebant,
2225 1339 2372 1383 cum
2402 1328 2734 1384 Praetores
2752 1324 3031 1384 liberiori
3050 1325 3333 1397 quadam

531 1427 778 1484 ratione
806 1424 868 1479 id
898 1425 1185 1494 agerent,
1209 1425 1284 1476 ut
1308 1420 1407 1477 vel
1437 1424 1844 1478 removerent
1865 1433 1941 1477 ex
1961 1420 2110 1493 jure
2128 1420 2418 1492 antiquo,
2444 1437 2611 1493 quae
2629 1422 2745 1480 sibi
2770 1421 3147 1480 viderentur
3193 1437 3334 1482 esse

525 1525 769 1596 iniqua,
799 1522 925 1586 vel,
958 1534 1124 1591 quae
1147 1518 1309 1576 civili
1332 1516 1481 1591 jure
1500 1518 1850 1577 constituta
1871 1525 2105 1590 essent,
2130 1519 2213 1578 ad
2243 1534 2440 1579 novas
2462 1536 2689 1580 causas
2716 1519 3186 1596 transferrent3
3210 1538 3333 1583 nec

526 1618 812 1691 estquod
832 1615 1214 1689 dubitemus,
1239 1616 1390 1688 quin
1440 1616 1521 1672 ad
1553 1620 1927 1673 Praetorum
1970 1629 2232 1688 quoque
2257 1615 2546 1674 instituta
2564 1612 2598 1671 J
2604 1612 2699 1674 Cti
2721 1632 2949 1674 manus
2970 1632 3118 1675 suas
3148 1618 3331 1676 adhi-

527 1718 803 1788 buerint,
840 1714 1271 1788 formulasque
1292 1716 1766 1781 contexuerint,
1794 1714 1927 1788 juri
1950 1714 2059 1785 illi,
2092 1716 2267 1787 quod
2314 1715 2540 1773 edictis
2561 1716 3039 1785 continebatur,
3072 1731 3331 1777 accom-

531 1815 824 1874 modatas
888 1807 955 1879 6).
1008 1811 1433 1884 caeteroquin
1463 1810 1806 1869 recondita
1835 1811 2154 1881 quaedam
2176 1814 2468 1870 JCtorum
2503 1826 2628 1881 ars,
2661 1818 2800 1869 tum
2830 1811 2895 1867 in
2917 1811 3205 1870 formulis
3230 1820 3329 1872 to·

532 1917 731 1982 toque
745 1908 913 1967 civili
916 1905 1236 1981 jure,tum
1251 1907 1312 1964 in
1327 1906 1472 1980 ipsis
1484 1907 1705 1964 diebus
1725 1908 2207 1978 cognoscendis,
2240 1908 2469 1981 quibus
2486 1910 2586 1980 agi
2616 1902 2757 1980 lege
2778 1914 3136 1981 oporteret,
3152 1909 3332 1968 haud

531 2007 672 2064 leve
690 2003 807 2062 illis
823 2003 1205 2076 praesidium
1234 2002 1351 2060 suit
1368 2004 1448 2060 ad
1474 2002 1926 2059 auctoritatem
1939 2002 2052 2059 sibi
2066 2003 2237 2075 apud
2256 2004 2561 2075 populum
2578 2004 2676 2061 vel
2704 2005 3205 2077 comparandam
3232 2005 3332 2064 vel

533 2101 1035 2160 conservandam
1081 2100 1152 2173 7).
1181 2101 1393 2172 Neque
1424 2114 1577 2157 vero
1590 2098 1962 2171 pervulgata
1977 2097 2093 2155 ista
2112 2098 2529 2157 formularum
2543 2097 2982 2172 fastorumque
2996 2101 3254 2161 ratione
3287 2098 3333 2181 ⁸)

530 2198 693 2255 haec
703 2200 733 2256 J
737 2200 991 2256 Ctorum
1006 2194 1349 2254 auctoritas
1366 2193 1650 2252 imminui
1665 2199 1920 2266 poterat
1935 2208 1953 2265 3
1971 2192 2208 2267 quippe
2221 2194 2462 2267 quaein
2476 2200 2802 2267 posterum
2817 2210 3073 2268 quoque
3088 2199 3336 2257 tenuis-

534 2302 632 2355 set
668 2292 871 2370 ⁹),nisi
888 2301 1248 2367 temporum
1276 2294 1548 2353 decursu
1581 2293 2122 2368 jurisprudentiae
2155 2294 2472 2367 ipsiusque
2493 2294 2865 2367 jnrisstatus
2878 2296 3204 2369 paullatim
3219 2297 3338 2358 im·-

529 2401 811 2453 mutatus
827 2400 1013 2465 esset,
1054 2409 1199 2451 cum
1235 2408 1365 2452 non
1407 2394 1600 2451 modo
1644 2392 1724 2449 de
1745 2393 1895 2466 jure
1926 2393 2355 2465 respondendi
2384 2391 2751 2452 facultatem
2766 2393 3010 2466 patricii
3027 2393 3158 2468 Jam
3186 2411 3336 2459 cum

535 2490 722 2564 plebe
770 2489 1343 2548 communicassent
1394 2531 1410 2559 ,
1458 2504 1682 2546 verum
1723 2488 1915 2546 etiam
1950 2502 2203 2546 morum
2251 2488 2783 2561 negotiorumque
2821 2488 3096 2547 civilium
3142 2491 3334 2565 longe

533 2590 781 2647 diversa
825 2588 990 2645 ratio
1038 2587 1429 2660 effusiorque
1463 2588 1721 2645 libertas
1749 2587 2063 2659 quaedam
2107 2588 2492 2645 invaluisset.
2531 2590 2689 2645 Tum
2713 2589 2880 2647 enim
2906 2590 3230 2662 permulta
3258 2605 3328 2649 ex

526 2688 688 2762 juris
722 2685 1003 2760 gentium
1040 2686 1288 2744 ratione
1331 2685 1605 2761 judicari
1646 2693 2025 2760 coeperunt,
2073 2686 2521 2761 formulaeque
2564 2687 2911 2758 actionum,
2959 2702 3042 2746 ne
3090 2690 3332 2748 diutius

530 2788 756 2846 incerti
778 2789 1159 2846 fluctuarent
1180 2788 1367 2852 cives.
1387 2803 1510 2860 qua
1526 2787 1589 2844 in
1618 2788 1863 2859 agendo
1875 2793 2212 2846 uterentur
2222 2787 2345 2857 via,
2366 2788 2428 2845 in
2441 2787 2658 2846 edictis
2675 2789 2924 2862 publice
2943 2790 3220 2862 proponi
3242 2786 3336 2864 ¹⁰),

532 2884 597 2940 in
647 2881 1032 2954 paucissimis
1064 2886 1313 2938 tantum
1365 2883 1567 2940 causis
1631 2883 1784 2954 legis
1825 2883 2146 2940 actionum
2190 2897 2307 2940 usu
2355 2889 2610 2940 retento
2676 2885 2776 2957 ¹¹).
2816 2880 2901 2941 Ex
2953 2899 3084 2956 quo
3120 2892 3340 2944 autem

535 2982 935 3054 praeclarum
999 2981 1317 3052 quoddam
1393 2982 1626 3039 artium
1692 2982 2180 3055 litterarumque
2241 2983 2519 3040 studium
2587 2984 3014 3041 Romanorum
3091 2986 3342 3044 animos

531 3080 925 3155 incenderat,
956 3080 1144 3138 etiam
1160 3081 1663 3154 jurisprudentia
1695 3082 1907 3154 eoepit
1938 3081 2277 3140 liberaliori
2316 3081 2419 3139 via
2448 3096 2524 3139 ac
2556 3081 2811 3140 ratione
2850 3083 3143 3158 tractari,
3179 3086 3338 3158 quin

528 3175 895 3236 incredibili
950 3177 1229 3248 quodam
1273 3177 1508 3236 ardore
1561 3176 1762 3235 excoli
1810 3183 2004 3251 atque
2039 3176 2256 3248 augeri
2303 3191 2340 3234 a
2383 3175 2589 3235 doctis
2637 3176 2806 3247 viris,
2836 3177 2945 3249 qui
2968 3175 3108 3236 fere
3138 3179 3222 3236 ab
3251 3194 3336 3239 eo

595 3482 645 3536 3)
676 3482 951 3599 ιξοέπξῖη.
978 3481 1032 3528 1..
1056 3478 1105 3527 2.
1144 3484 1172 3537 ς
1197 3479 1265 3542 6.,
1292 3488 1344 3530 et
1375 3481 1456 3530 58.
1484 3483 1554 3533 de
1576 3487 1634 3532 0.
1656 3484 1900 3542 ,1.-6α11

532 3543 651 3591 inst.
741 3575 754 3588 .
888 3573 903 3588 .

596 3605 644 3665 4)
700 3605 840 3651 Velut
880 3604 970 3660 iis,
1012 3616 1136 3663 quae
1174 3607 1237 3652 ad
1263 3608 1540 3664 posthumos
1580 3609 1900 3656 instituendos

528 3671 776 3728 spectant;
801 3668 853 3712 1..
886 3664 966 3713 29.
988 3667 1044 3712 D.
1072 3668 1140 3713 de
1161 3666 1248 3714 lib.
1270 3674 1325 3715 et
1344 3670 1515 3726 postlz.
1540 3673 1731 3717 xxvttt
1748 3706 1763 3728 ,
1786 3671 1900 3717 2.—

532 3732 788 3779 Auctoris
829 3730 1146 3787 Fortsetzung
1184 3730 1269 3776 des
1293 3733 1594 3778 Gluckscben
1625 3735 1896 3781 comment.

531 3795 672 3840 Tom.
689 3792 901 3850 xxxvl,
923 3804 971 3849 p.
994 3789 1086 3838 172
1107 3804 1211 3849 sqq.

593 3855 641 3915 5)
682 3857 749 3902 Ad
769 3853 1047 3909 hujusmodi
1071 3853 1300 3911 figmenta
1319 3859 1432 3901 sunt
1453 3856 1755 3912 referendae,
1772 3868 1898 3915 quae

528 3921 603 3965 vel
638 3919 842 3964 fiduciae
862 3927 1006 3962 causa
1029 3915 1090 3960 ad
1120 3919 1446 3974 reponendam
1486 3921 1686 3964 tutelam
1710 3921 1783 3965 vel
1820 3920 1897 3965 in-

527 3982 912 4026 terimendorum
933 3988 1181 4024 sacrorum
1205 3979 1349 4025 causa
1374 3980 1475 4025 fleri
1499 3982 1719 4027 solebant
1740 3993 1899 4027 coem-

530 4042 742 4096 tionem(
769 4043 872 4088 CIc.
914 4052 1000 4099 pro
1020 4039 1145 4087 Mur.
1179 4040 1257 4089 12.
1281 4043 1341 4087 de
1371 4042 1517 4099 legib.
1558 4043 1637 4101 (ll,
1657 4041 1757 4099 21.)
1783 4043 1902 4099 Gafl

531 4103 647 4149 inst.
672 4105 707 4149 Ι.
739 4107 764 4159 S
797 4100 1171 4158 114,115.118.
1196 4128 1257 4137 -
1280 4103 1354 4150 Cf.
1384 4105 1488 4150 Cic.
1512 4106 1633 4163 Top.
1667 4103 1903 4160 ⁴.-Gaji

527 4165 645 4211 inst.
673 4166 731 4212 ll.
768 4168 793 4221 S
820 4164 931 4220 118,
953 4163 1083 4224 119.)
1102 4168 1222 4212 Num
1245 4171 1445 4225 propter
1465 4166 1587 4213 haec
1621 4174 1896 4214 commenta

531 4237 796 4284 eorumque
827 4227 1000 4273 similia
1044 4229 1191 4282 (velut
1228 4229 1374 4287 illud,
1415 4229 1490 4274 cui
1514 4232 1708 4287 querela
1738 4229 1900 4277 inoffi-

529 4287 646 4336 ciosi
668 4289 941 4335 testamenti
966 4296 1345 4348 superstructum
1381 4295 1481 4348 est,
1518 4304 1593 4350 pr.
1620 4293 1658 4339 1.
1679 4294 1733 4338 Ι..
1768 4290 1818 4340 2.
1845 4294 1895 4340 1..

532 4348 612 4398 18.
638 4352 694 4397 t).
717 4349 786 4395 de
807 4349 952 4406 inoff.
979 4355 1185 4399 testam.
1202 4355 1238 4412 )‚
1258 4355 1434 4411 quibus
1457 4356 1653 4412 plenum
1677 4359 1783 4400 erat
1816 4355 1897 4410 jus

530 4424 558 4458 a
578 4411 901 4461 Prudentibus
922 4415 1254 4470 constitutum,
1276 4417 1401 4462 idem
1415 4417 1496 4472 jus
1510 4417 1895 4463 commentitium

530 4477 591 4522 sit
624 4475 919 4533 appellatum
963 4485 989 4519 a
1041 4478 1214 4522 Paulo
1245 4478 1331 4531 (L.
1364 4478 1445 4524 20.
1496 4480 1552 4525 l).
1596 4479 1665 4525 de
1708 4481 1898 4535 poenis

531 4539 755 4595 (xhvttt,
780 4533 1005 4592 19.),vtd.
1028 4538 1405 4593 Bynlcersleoek
1427 4541 1615 4588 observ.
1637 4540 1716 4597 (V,
1734 4538 1832 4597 16.)

591 4599 639 4657 6)
686 4599 789 4645 Cic.
812 4596 871 4641 de
905 4599 1048 4654 legib.
1079 4601 1128 4655 l,
1162 4597 1209 4645 5.
1236 4605 1281 4654 (n
1304 4603 1406 4647 Non
1443 4614 1558 4660 ergo
1596 4618 1623 4652 a
1658 4603 1898 4649 Praetoris

527 4663 715 4716 edicto,
755 4662 809 4704 ut
845 4661 1063 4718 plerique
1099 4672 1247 4719 nunc,
1268 4662 1586 4711 hauriendam
1605 4666 1731 4722 juris
1753 4663 1899 4710 disci-

526 4725 727 4782 plinam.
752 4737 776 4764 2»
798 4721 814 4778 )
840 4723 921 4767 Or.
946 4734 1033 4779 pro
1067 4724 1192 4769 Mur.
1214 4736 1255 4768 c.
1282 4722 1358 4771 ll.
1384 4727 1430 4771 in
1450 4726 1899 4782 extu—Utriusque

525 4787 711 4844 generis
734 4785 1052 4831 formularum
1077 4786 1296 4842 exempla
1318 4792 1555 4844 congessit
1588 4788 1900 4836 Brissonius

525 4849 574 4893 in
596 4849 708 4894 libr.
748 4848 786 4892 V
809 4872 869 4880 —
893 4847 995 4895 vn.
1020 4847 1181 4905 operis
1215 4848 1274 4892 de
1309 4849 1505 4896 formul.
1546 4858 1594 4898 et
1614 4851 1894 4898 solennibus

1967 3481 2134 3532 mulae
2165 3493 2227 3532 ex
2246 3483 2406 3532 edicto
2428 3484 2688 3544 praetoris,
2710 3494 2896 3543 quaeve
2932 3494 2963 3530 a
2996 3482 3339 3538 jurisconsulti

1960 3549 2200 3605 originem
2236 3546 2435 3593 ducant.
2470 3548 2770 3595 Fictionibus
2791 3551 2842 3592 et
2863 3547 3060 3592 Praetor
3078 3546 3335 3607 utebatur3

1962 3611 2102 3666 cuius
2119 3613 2526 3667 suntargumento
2548 3616 2595 3656 et
2616 3609 2950 3656 restitutiones
2963 3612 3011 3653 et
3025 3609 3342 3664 exceptiones

1962 3677 2012 3717 et
2025 3674 2167 3718 utiles
2186 3673 2421 3731 actiones,
2435 3684 2640 3731 quarum
2656 3671 2888 3717 tion-mulas
2907 3675 3037 3716 certe
3056 3672 3156 3727 ipse
3172 3671 3343 3717 facere

1961 3735 2165 3780 solebat.
2186 3734 2442 3780 Caeterum
2471 3734 2842 3789 ,iurisconsultos
2875 3736 3096 3778 auctores
3134 3732 3340 3778 institu-

1961 3797 2142 3841 tionem
2165 3796 2541 3853 symbolicarum
2560 3802 2605 3842 et
2623 3796 2860 3843 maximae
2887 3795 3211 3841 formularum
3229 3807 3344 3854 par-

1962 3859 2022 3903 tis
2045 3857 2394 3917 fuissegprocul
2415 3858 2565 3905 dubio
2585 3859 2733 3904 est.E.
2747 3853 2830 3918 G.]

2022 3919 2071 3977 7)
2118 3921 2220 3966 Cic.
2245 3931 2315 3966 or.
2343 3933 2419 3979 pr.
2442 3921 2565 3967 Mur.
2586 3932 2631 3967 c.
2654 3918 2731 3966 11.
2755 3931 2804 3977 p.
2826 3917 2974 3977 med.;
2997 3916 3057 3962 de
3080 3929 3158 3964 or.
3186 3918 3228 3978 1,
3251 3917 3337 3967 ⁴¹.

1961 3981 2022 4028 de
2039 3981 2168 4028 offic.
2194 3983 2250 4040 ll,
2275 3979 2353 4029 19.
2372 3985 2432 4028 de
2455 3984 2598 4041 legib.
2618 3984 2656 4041 l,
2674 3979 2724 4028 4.

2025 4043 2074 4100 8)
2133 4042 2232 4090 Cic.
2266 4056 2356 4102 pro
2393 4046 2516 4092 Mur.
2554 4043 2628 4092 11.
2669 4044 2824 4089 deor.
2851 4043 2901 4100 1,
2925 4040 3003 4088 41.
3026 4052 3104 4098 ep.
3148 4041 3213 4087 ad
3237 4044 3343 4090 Au.

1964 4105 2103 4154 v1.1.
2123 4107 2172 4152 in
2190 4108 2490 4154 mem—Lim
2512 4108 2593 4164 lx,
2615 4103 3082 4162 46.-Pompom‘us
3101 4105 3154 4150 t..
3170 4102 3219 4150 2.
3243 4107 3271 4161 ς
3288 4103 3343 4152 7.

1961 4169 2029 4216 de
2069 4171 2127 4215 0.
2160 4169 2217 4214 J.
2255 4170 2466 4225 primum
2505 4170 2592 4215 Cn.
2632 4167 2844 4214 Flavium
2888 4167 3101 4213 actiones
3156 4168 3347 4223 populo

1964 4230 2267 4289 proposuisse
2285 4266 2301 4286 ,
2343 4232 2524 4287 refert,
2563 4242 2622 4276 ex
2660 4241 2758 4287 quo
2785 4230 2866 4284 jus
2886 4229 3026 4275 civile
3049 4228 3344 4276 Flavianum

1963 4295 2285 4351 appellatum,
2323 4294 2502 4340 deinde
2535 4291 2734 4337 Sextum
2770 4292 2951 4337 Aelium
2981 4289 3098 4336 alias
3120 4290 3347 4337 actiones

1959 4355 2309 4413 composuisse,
2331 4355 2607 4412 populoque
2629 4354 2808 4400 librum
2831 4354 3106 4404 tradidisse,
3139 4353 3227 4408 qui
3250 4365 3346 4410 ap-

1961 4420 2165 4475 pellatus
2190 4416 2251 4461 sit
2267 4419 2345 4473 jus
2369 4417 2634 4462 Aelianum.
2672 4416 2877 4462 Videtur
2909 4421 3074 4459 autem
3097 4415 3229 4459 idem
3255 4416 3346 4462 ille

1961 4479 2107 4524 fuisse
2145 4477 2268 4525 liber
2290 4479 2418 4525 Sexti
2441 4476 2590 4536 Aelii,
2610 4477 2692 4532 qui
2723 4477 3000 4524 inscribitur
3027 4474 3343 4538 Τνίρενεὶἱα,

1959 4543 2021 4586 de
2057 4553 2154 4598 quo
2189 4542 2255 4587 ila
2300 4544 2552 4598 Pompon.
2599 4539 2644 4595 (S
2664 4536 2780 4596 58):
2819 4555 2845 4582 u
2869 4539 3131 4597 Tripertita
3171 4544 3346 4585 autem

1960 4603 2157 4658 dicitur,
2179 4604 2408 4661 quoniam
2429 4605 2531 4661 lege
2543 4602 2802 4647 duodecim
2825 4602 3101 4647 tabularum
3127 4611 3345 4658 praepo·

1962 4665 2072 4718 sita,
2108 4666 2331 4722 jungitur
2353 4665 2723 4723 interpretatio,
2764 4663 2877 4709 dein
2911 4661 3186 4709 subtexitur
3219 4664 3347 4722 legis

1963 4727 2109 4773 actio.
2135 4744 2160 4769 u
2185 4727 2259 4774 cf.
2288 4728 2391 4774 Cic.
2415 4729 2535 4774 cato
2556 4723 2605 4772 9.

2024 4785 2074 4844 9)
2117 4791 2220 4836 Cic.
2246 4801 2334 4847 pro
2350 4791 2472 4836 Mur.
2499 4788 2575 4836 11.
2600 4787 2649 4833 in
2673 4792 2800 4835 extr.

2025 4850 2100 4909 10)
2140 4852 2257 4908 Gnji
2306 4853 2418 4898 inst.
2468 4853 2597 4907 lv.§
2623 4848 2734 4908 110,
2771 4845 3085 4897 tta—AM.
3114 4850 3168 4894 Ι..
3208 4846 3255 4894 1.
3283 4849 3346 4895 D.

525 4923 637 4969 pop.
652 4907 1368 4965 nom.verbts.-ct.cajtinst.
1382 4910 1574 4970 lv‚§4.¹5
1594 4912 1891 4972 «ιφ-[ΝΜ]
1956 4912 2024 4959 de
2037 4925 2178 4968 poss.
2204 4913 2387 4961 lter-ed.
2405 4916 2513 4971 pet.
2527 4914 2606 4969 (v,
2625 4910 2696 4968 δ.)

522 4978 677 5033 potest
699 4972 792 5019 dici
819 4983 910 5029 pro
930 4976 1087 5035 certo,
1109 4983 1347 5031 quaenam
1371 4973 1697 5022 institutiones
1721 4981 1768 5020 el
1789 4975 1889 5021 for-

2019 4972 2096 5032 11)
2115 4974 2234 5032 Gajt'
2250 4977 2362 5022 inst.
2386 4977 2466 5022 tv.
2485 4977 2511 5030 S
2531 4973 2613 5032 30,
2634 4972 2715 5032 31,
2738 4970 2816 5019 52.
