3544 5506
757 365 896 410 car.
937 366 1027 409 xl.
1066 365 1346 410 omnies-r.
1387 367 1471 413 An
1507 367 1732 415 Romus
1769 367 1939 412 som.
1981 367 2258 417 nanae.
2298 335 2555 412 nessae.
2964 357 3069 415 421

258 479 562 541 stituendi
577 479 789 541 officio
799 486 1094 539 versatur
1115 478 1252 553 eius
1274 479 1579 553 obligatio
1596 475 1642 551 9)
1661 500 1682 554 3
1708 481 1884 554 quod
1907 480 1956 539 sl
1979 481 2069 538 ita
2100 479 2163 536 in
2189 480 2351 538 alius
2377 475 2722 539 utilitatem
2743 482 3070 556 convenit,

256 580 309 638 is
337 581 556 638 utilem
580 581 776 662 habet
808 595 883 637 ex
916 579 1214 638 donantis
1242 586 1433 652 paeto
1460 580 1785 639 actionem
1822 578 1909 653 ¹⁰).
1951 580 2027 652 11)
2057 577 2271 638 Altera
2307 586 2406 638 est
2431 575 2846 652 singularium
2871 582 3074 640 dona-

256 671 509 734 tionum
547 676 825 749 speeies,
879 690 1048 748 quae
1077 672 1537 734 beneficiorum
1570 677 2195 737 remunerandorum
2234 690 2430 733 oausa
2476 673 2656 748 flt11).
2706 672 2847 733 Jam
2872 692 3070 749 vero,

251 787 407 831 eum
444 772 905 831 beneficiorum
947 787 1089 833 esse
1137 787 1490 833 memorem
1532 778 1864 845 tamquam
1914 772 1977 830 in
2026 772 2307 830 naturali
2356 771 2746 844 obligatione
2792 774 3074 847 positum

253 868 335 926 sit
363 864 462 943 ¹²),
511 868 899 931 conveniens
930 875 1056 942 est,
1094 875 1166 926 ut
1191 869 1273 926 ab
1302 864 1557 940 ingrato
1584 882 1718 926 non
1750 867 1948 939 possit
1977 867 2304 939 revocari,
2356 869 2538 942 quod
2560 868 2685 928 boe
2722 869 2918 929 modo
2951 871 3076 929 do-

254 974 449 1026 natur
471 965 569 1042 ¹²⁵).
604 969 782 1027 Unde
823 974 1042 1026 tamen
1070 983 1202 1026 non
1226 962 1531 1035 efficitur,
1561 974 1634 1024 ut
1656 983 1692 1023 a
1716 966 1939 1025 formis
1968 967 2233 1040 aliisque
2261 967 2564 1026 cancellis
2589 1011 2606 1037 ‚
2649 962 2882 1039 quibus
2920 969 3076 1028 alio-

249 1063 406 1137 quin
433 1064 826 1135 legislatores
849 1063 1176 1122 hominum
1207 1063 1618 1122 liberalitates
1637 1062 2283 1136 circumscripserunt
2301 1105 2321 1138 ‚
2348 1065 2564 1122 soluta
2590 1058 2671 1122 sit
2707 1063 3072 1138 huiusmodi

245 1163 538 1224 donatio.
579 1164 1128 1241 Quemadmodum
1150 1158 1344 1235 igitur
1368 1163 1527 1223 actis
1565 1164 1951 1222 insinuanda
1982 1170 2080 1222 est
2110 1163 2629 1222 remuneratoria
2672 1164 2939 1223 donatio
2962 1161 3023 1239 u)
3052 1183 3067 1222 :

249 1260 340 1319 sic
367 1276 489 1319 nee
529 1256 668 1319 fieri
718 1266 928 1333 potest
955 1303 972 1330 ‚
1013 1266 1344 1320 utcontra
1378 1259 1543 1333 jnris
1572 1259 1811 1335 publici
1843 1259 2159 1323 rationem
2185 1259 2284 1321 vel
2312 1254 2808 1332 prohibitionem
2857 1276 3071 1325 remu-

248 1360 600 1421 nerationis
625 1376 818 1419 eausa
841 1360 1122 1419 donetur
1148 1356 1234 1433 ¹⁵).
1268 1363 1352 1418 Ae
1377 1360 1585 1418 multo
1607 1359 1804 1419 etiam
1835 1359 2049 1418 minus
2084 1359 2209 1417 dici
2240 1365 2483 1432 potest,
2514 1374 2593 1418 ex
2621 1366 3071 1420 remunerato-

247 1459 385 1518 riae
415 1460 779 1518 donationis
806 1460 1228 1532 promissione
1257 1466 1324 1518 et
1372 1475 1606 1518 usuras
1637 1475 1865 1518 morae
1897 1454 2029 1533 peti
2052 1473 2272 1532 posse,
2309 1473 2432 1520 nee
2469 1454 2853 1519 beneficium
2890 1474 3068 1518 eom·

249 1558 575 1628 petentiae
603 1598 623 1631 ‚
667 1556 843 1629 qnod
869 1562 1139 1629 vocant,
1192 1556 1497 1628 prodesse
1539 1556 1844 1614 donatori
1868 1552 1928 1630 16)
1962 1596 1980 1615 .
2034 1555 2161 1619 Etsi
2189 1555 2359 1615 enim
2409 1554 2819 1628 quantumvis
2867 1550 3068 1615 libere

247 1650 388 1713 fleri
429 1655 674 1728 possint
700 1657 863 1714 tales
901 1654 1312 1724 donationes,
1340 1663 1560 1714 tamen
1597 1655 1751 1713 nihil
1802 1654 2106 1729 impedit,
2140 1670 2273 1728 quo
2311 1650 2521 1719 minus
2559 1655 2696 1729 ipsa
2737 1654 3068 1715 donatoris

242 1747 553 1824 obligatio
572 1766 653 1810 ex
680 1753 1007 1811 communi
1037 1751 1324 1813 omnium
1341 1752 1765 1811 donationum
1787 1751 1939 1826 Jure
1960 1753 2361 1817 aestimetur.

1480 1993 1711 2055 CAPUT
1750 1994 1850 2055 XI.

359 2229 434 2273 118
479 2230 979 2281 onuaulotmwe
1028 2232 1100 2275 BT
1138 2229 1494 2277 ao'rmlmms
1514 2257 1536 2287 ,
1585 2231 1746 2281 QUAE
1796 2230 1882 2273 An
1930 2228 2154 2275 Por-mas
2202 2229 2541 2275 soLvnnnAs
2624 2229 2955 2280 Damnaque

1059 2323 1480 2369 nnsaactnum.
1517 2323 1880 2366 Poussmun
1920 2322 2234 2365 sueram.

1281 2518 1309 2596 ς
1336 2520 1476 2579 446.
1511 2519 1644 2578 Loci
1667 2518 2020 2580 emtitutio.

319 2745 703 2803 Tractentur
723 2742 932 2805 hocin
959 2746 1108 2806 loeo
1133 2762 1251 2806 eae
1281 2748 1733 2807 tantummodo
1755 2748 2200 2824 obligationes,
2230 2762 2401 2821 quae
2435 2761 2566 2807 non
2598 2752 2868 2820 propter
2884 2746 3046 2807 alius

231 2838 395 2909 juris
431 2841 532 2899 vel
576 2836 979 2915 obligationis
1001 2858 1292 2914 eausam,
1324 2860 1550 2904 verum
1578 2859 1693 2903 sua
1737 2852 1975 2908 natura
2010 2851 2075 2903 et
2102 2845 2371 2918 propria
2402 2845 2683 2917 quadam
2712 2887 2728 2914 ‚
2776 2859 2952 2918 quae
2982 2844 3056 2902 iis

238 2932 434 3008 inest,
467 2936 624 2994 viae
648 2943 970 3009 potestate
989 2936 1307 3010 efficiunt,
1338 2947 1411 2998 ut
1439 2942 1541 2998 vel
1563 2941 1644 2998 ad
1679 2955 1959 3014 poenam
1984 2942 2470 3014 expendendam
2504 2941 2605 2999 vel
2636 2941 2718 2998 ad
2744 2941 3053 2999 damnum

237 3037 696 3110 praestandum
718 3032 947 3109 aliquis
976 3045 1299 3098 teneatur.
1335 3042 1411 3098 At
1438 3041 1504 3097 in
1530 3040 1805 3100 maxima
1831 3041 2083 3098 illarum
2113 3054 2454 3098 causarum
2487 3041 2797 3097 varietate
2831 3047 3050 3097 tamen

237 3131 423 3192 nobis
453 3147 595 3190 esse
626 3133 1043 3206 perbrevibus
1070 3136 1282 3194 lioebit
1311 3179 1328 3206 ‚
1360 3131 1674 3209 siquidem
1705 3136 1871 3193 aliae
1896 3136 2033 3208 jam
2067 3135 2203 3192 aliis
2227 3135 2290 3192 in
2322 3135 2473 3193 loeis
2493 3175 2511 3201 ‚
2568 3141 2835 3207 propter
2864 3150 3053 3206 argu-

234 3223 434 3291 menti
462 3245 695 3292 nexum
727 3247 806 3291 ae
832 3234 1182 3302 rationem,
1206 3250 1241 3290 a
1284 3234 1463 3293 nobis
1484 3235 1808 3306 expositae
1843 3240 2030 3301 sunt,
2069 3233 2232 3292 aliae
2279 3234 2347 3292 in
2385 3232 2547 3307 juris
2586 3227 2929 3291 criminalis
2958 3232 3051 3289 di-

235 3327 500 3401 sciplina
521 3326 784 3389 uberius
812 3340 962 3390 sunt
989 3333 1465 3406 explanandae,
1513 3335 1864 3408 pleraeque
1903 3338 2125 3393 autem
2159 3333 2241 3389 ab
2268 3348 2389 3391 usu
2431 3339 2655 3390 nostro
2683 3330 2918 3389 forensi
2959 3331 3051 3389 ita

227 3423 626 3500 abhorrent,
667 3434 742 3486 ut
781 3430 982 3488 verbo
1024 3444 1135 3488 eas
1185 3444 1725 3490 commemorasse
1776 3428 2074 3488 sufficiat.
2123 3430 2355 3488 Omnes
2399 3443 2557 3488 vero
2605 3422 3046 3501 hujuscemodi

230 3518 693 3593 obligationum
736 3540 968 3584 causae
991 3527 1072 3583 ad
1101 3527 1234 3585 duo.
1256 3542 1504 3585 summa
1532 3541 1772 3597 genera
1801 3525 1974 3584 haud
1996 3525 2402 3587 incommode
2436 3524 2810 3583 reseruntur
2836 3541 2853 3580 ε
2881 3523 3049 3597 inju-

230 3616 393 3675 riam
414 3623 483 3675 et
502 3619 916 3693 aequitatem.
944 3624 1018 3679 Et
1044 3622 1352 3695 quoniam
1380 3624 1461 3680 de
1486 3621 1737 3680 delictis
1771 3622 2078 3694 omnique
2108 3621 2382 3697 injuriae
2410 3635 2648 3693 genere
2667 3664 2684 3697 ‚
2726 3619 3046 3693 quatenus

232 3712 496 3776 omnino
518 3722 770 3793 spectat
802 3717 887 3778 ad
922 3716 1103 3778 civile
1124 3717 1267 3794 jus,
1305 3713 1651 3783 universim
1685 3713 1947 3796 quidem
1987 3719 2137 3778 satis
2173 3733 2369 3792 supra
2407 3717 2676 3776 diximus
2698 3716 2781 3793 ¹);
2827 3709 3045 3775 hocin

291 3935 409 3995 9)1..
430 3939 549 3990 im.
568 3937 619 3987 6.
642 3938 692 3988 8.
715 3943 771 3988 c.
790 3940 1108 3994 devondc'ct.
1144 3943 1210 3990 ob
1244 3953 1398 3996 aaut.
1419 3941 1600 3994 dator.
1666 3954 1760 3991 ser
1801 3953 1824 3988 s
1862 3975 1874 3989 .
1922 3939 2035 3991 ⁴36.
2079 3952 2148 3990 ιιι.
2171 3939 2223 3989 6.
2272 3965 2330 3975 -
2365 3940 2680 3998 Meserfeld.
2720 3951 2768 3998 p.
2790 3937 2887 3987 574
2917 3950 3022 3997 sqq.

226 4000 416 4059 (lv‚.6.)
436 4001 523 4058 (cf.
545 4004 572 4058 ς
595 4005 705 4049 111.
726 4017 808 4051 nr.
831 4005 917 4061 2.).
934 4007 1258 4053 -Caeterum
1281 4017 1394 4052 cum
1416 4017 1474 4052 ea
1495 4007 1602 4062 legs
1729 4003 1807 4061 14)
1868 4009 2100 4053 revocant
2123 4003 2334 4050 maxime
2353 4038 2369 4062 ‚
2399 4006 2482 4061 qui
2505 4004 2804 4052 contrariam
2840 4005 3039 4048 senteu-

227 4064 471 4124 donatur‚
508 4071 561 4111 ut
599 4072 731 4113 certa
754 4072 1062 4126 praestentur
1081 4070 1315 4115 alimenta
1342 4069 1599 4126 donatori,
1663 4067 1783 4114 tiam
1807 4070 2027 4128 tuentur,
2048 4068 2110 4113 ad
2130 4066 2313 4115 Paulli
2341 4072 2467 4112 sent.
2493 4078 2593 4112 ree.
2618 4067 2677 4125 V,
2703 4064 2778 4112 11.
2802 4066 2827 4120 S
2848 4062 2896 4111 6.
2922 4063 3037 4120 (vid.

227 4138 324 4173 non
360 4130 566 4186 impleto
607 4131 754 4177 modo
784 4136 1035 4189 tamquam
1059 4142 1119 4176 ex
1141 4132 1403 4178 resolutiva
1425 4130 1598 4178 eondi—
1662 4129 1939 4194 Schultinq
1960 4134 2010 4178 in
2033 4134 2137 4176 not.
2160 4130 2220 4175 ad
2243 4127 2294 4176 b.
2319 4129 2406 4185 1.),
2436 4128 2566 4174 unde
2596 4128 2795 4187 quidem
2818 4128 3043 4174 desumta

223 4191 357 4236 none
375 4193 529 4238 etiam
545 4191 784 4239 vindicari
807 4196 985 4251 potest,
1004 4194 1135 4256 quod
1159 4193 1329 4242 datum
1348 4199 1440 4239 est.
1473 4194 1526 4244 1..
1549 4193 1597 4241 1.
1665 4200 1739 4239 est
1763 4193 1813 4239 1..
1838 4190 1919 4239 54.
1943 4195 1969 4247 S
1994 4194 2037 4241 1.
2060 4191 2115 4238 1).
2140 4190 2192 4240 Ιι.
2218 4194 2256 4236 t.
2271 4215 2329 4224 —-
2354 4190 2449 4237 Sed
2472 4191 2569 4237 vid.
2593 4201 2719 4249 quae
2738 4195 2909 4236 contra
2922 4191 3041 4235 scri-

226 4253 280 4298 C.
301 4252 352 4298 Ιι.
379 4256 416 4299 t.
442 4277 500 4287 —
533 4252 829 4310 Meyerfeld
845 4256 880 4301 l.
905 4257 939 4302 l.
956 4267 1002 4312 p.
1023 4255 1118 4303 413
1140 4268 1217 4314 sq.
1666 4263 1865 4312 pserunt
1880 4251 2192 4308 Pulendorf
2198 4253 2304 4299 obs.
2319 4250 2450 4311 1‚18.
2464 4258 2611 4312 atque
2632 4254 2854 4310 inprimis
2865 4254 3044 4299 Mare-

264 4375 270 4379 .
291 4313 370 4372 10)
390 4317 447 4364 1..
467 4313 518 4362 ὅ.
542 4316 595 4361 C.
619 4316 671 4370 Ιι.
701 4320 737 4362 t.
761 4345 813 4355 -
837 4316 913 4364 Cf.
937 4316 1161 4380 Giplmn.
1183 4319 1244 4365 ad
1268 4319 1323 4372 h.
1341 4319 1377 4366 l.
1404 4315 1478 4370 (in
1501 4322 1601 4368 lec·-
1664 4317 1770 4368 wll
1788 4318 2040 4373 (zeitschr.
2064 4317 2123 4373 1.)
2163 4327 2209 4372 p.
2235 4313 2442 4363 30-40.
2462 4316 2557 4373 (nr.
2586 4316 2671 4372 1.).
2709 4340 2768 4349 --
2800 4316 2876 4362 Cl'.
2899 4321 2949 4363 et
2969 4313 3047 4361 do.

226 4381 325 4426 tur.
345 4377 625 4437 Altorpbin.
645 4390 693 4435 p.
713 4375 864 4436 2270.
1667 4380 1949 4434 Solaroeter
1969 4382 2018 4427 in
2038 4377 2338 4437 ephemerid.
2355 4378 2458 4433 jur.
2486 4379 2582 4424 Erl.
2610 4381 2688 4426 xl.
2714 4390 2763 4436 p.
2787 4376 2818 4423 9
2837 4390 2944 4437 sqq.

290 4442 370 4499 11)
392 4442 467 4490 ct.
497 4443 548 4487 C.
571 4441 888 4491 Sekitdener
907 4444 969 4490 de
990 4442 1282 4493 differentiis
1305 4445 1434 4494 inter
1452 4447 1604 4493 dona·
1733 4442 1810 4504 15)
1829 4443 1905 4489 Cf.
1925 4454 2069 4501 supra
2088 4442 2114 4495 S
2135 4437 2246 4487 441.
2271 4444 2377 4487 not.
2400 4442 2612 4489 1.-Nee
2629 4441 2904 4488 contrariae
2926 4442 3042 4490 sunt

226 4503 349 4549 tion.
390 4505 664 4562 simplicem
698 4509 748 4551 et
783 4507 1219 4553 remunerator-iam
1257 4510 1453 4565 spuriis.
1490 4508 1600 4560 sen.
1667 4506 1719 4554 1..
1741 4505 1790 4553 7.
1812 4505 1839 4560 ς
1861 4506 1909 4553 2.
1931 4511 1980 4553 et
2008 4508 2059 4551 L.
2084 4500 2166 4551 67.
2209 4506 2262 4550 D.
2303 4502 2371 4550 de
2403 4503 2591 4551 donat.
2633 4503 2730 4550 int.
2769 4504 2839 4550 V.
2880 4506 2937 4551 ee
2974 4501 3036 4550 U.

229 4564 369 4613 2798.
397 4569 499 4626 (qui
522 4567 742 4624 quidem,
763 4578 884 4621 eum,
895 4569 1248 4627 principiorum
1271 4571 1480 4630 ratione,
1495 4576 1601 4619 tum
1665 4569 1851 4627 (xxiv,
1875 4570 1963 4627 1.),
1985 4569 2163 4627 quippe
2183 4578 2310 4624 qnae
2330 4578 2427 4612 non
2444 4568 2508 4613 ad
2526 4566 2935 4614 remuneratorias
2957 4567 3047 4611 do-

221 4639 415 4683 norum,
435 4640 562 4688 quae
579 4629 967 4691 consequuntur,
979 4631 1162 4680 recedit
1182 4642 1211 4678 a
1225 4638 1388 4682 nostra
1400 4638 1602 4684 senten·
1665 4633 1889 4679 nationes
1912 4631 2217 4687 referendas,
2239 4630 2323 4675 sed
2337 4629 2509 4687 adeas,
2523 4642 2648 4689 quae
2668 4629 2879 4678 vicissim
2894 4629 3015 4675 fiunt
3031 4661 3044 4679 .

223 4691 694 4751 tia).-Ne‚rerfe!d
710 4706 761 4749 p.
788 4691 867 4741 19.
1668 4694 1802 4742 -de
1831 4692 2129 4751 litaret-feld
2144 4704 2192 4750 p.
2217 4689 2312 4738 572
2336 4703 2443 4750 sqq.

289 4755 367 4812 12)
407 4757 458 4802 l..
504 4753 585 4801 25.
615 4758 642 4810 ς
675 4757 754 4802 11.
798 4758 853 4803 D.
899 4756 968 4805 de
1001 4756 1118 4804 lter.
1141 4759 1291 4816 peu<
1317 4761 1382 4818 V,
1415 4759 1464 4807 δ.
1490 4760 1508 4817 )
1541 4785 1601 4796 ——-
1731 4756 1899 4819 162012.
1920 4768 2065 4814 supra
2089 4758 2116 4811 9
2138 4753 2251 4804 443.
2275 4760 2379 4802 not.
2404 4757 2453 4802 2.
2473 4759 2525 4802 et
2541 4751 2588 4805 4.

217 4816 579 4941 (Ιξξέὺίέῗᾶ.
605 4819 697 4874 91.
714 4820 768 4865 1).
791 4820 844 4869 lt.
870 4824 971 4868 t.-
992 4822 1043 4867 L.
1069 4817 1150 4869 54.
1176 4822 1200 4875 S
1224 4821 1270 4869 1.
1297 4823 1350 4868 D.
1371 4823 1441 4869 de
1460 4820 1599 4876 furt.
2228 4865 2254 4920 3
2288 4858 2398 4911 446·

288 4945 366 5002 13)
409 4946 463 4992 1..
506 4941 588 4991 34.
611 4947 637 5001 S
660 4945 704 4997 1.
747 4948 802 4994 D.
844 4945 896 4996 Ιι.
938 4949 976 4995 e.
1019 4970 1079 4982 —-
1103 4949 1291 4998 caeter.
1326 4948 1424 4997 vid.
1469 4949 1601 5007 Les-
1728 4954 1776 5012 1)
1810 4949 2082 5010 vui-8549
2097 4964 2203 5014 sqq.
2228 4957 2278 5001 et
2299 4954 2325 5009 s
2347 4951 2458 5003 163.
2479 4949 2588 5001 164.
