3544 5506
486 310 601 370 25⁰

483 442 616 505 est,
663 435 839 495 velut
866 434 930 490 in
959 434 1150 491 rebus
1173 476 1189 504 ‚
1223 448 1390 506 quae
1415 440 1564 492 sunt
1601 435 1869 504 nullius,
1905 440 1979 492 ut
2004 437 2150 494 loco
2190 442 2575 495 moveantur
2600 434 2666 509 ¹¹)
2690 477 2708 511 ‚
2740 442 2814 494 ut
2847 451 3043 494 manu
3084 439 3184 496 vet
3209 439 3293 496 in.

482 538 842 594 strumento
864 532 1437 604 apprehendantur
1463 529 1559 604 12).
1592 533 1751 611 Quid
1784 539 1808 592 ?
1842 535 2017 607 quod
2046 534 2376 593 interdum
2414 534 2551 593 sine
2590 533 2999 594 fraudulenta
3018 536 3117 595 rei
3143 551 3290 596 con-

484 633 865 692 trectatione
881 646 1012 689 non
1036 631 1389 704 acquiritur
1411 630 1547 707 ejus
1574 630 1886 705 possessio
1912 632 2007 707 ¹²³).
2045 631 2120 705 ll)
2145 637 2232 692 De
2256 633 2472 691 animo
2503 639 2719 691 autem
2749 634 3106 706 possidendi
3128 634 3294 694 haec

480 732 764 806 inprimis
791 730 1242 805 praecipienda
1268 746 1409 790 esse
1445 732 1785 791 videntur:
1824 730 1885 807 1)
1927 733 2037 805 qui
2072 733 2265 790 animi
2296 731 2532 810 judicio
2575 739 2801 791 carent
2824 779 2842 806 ‚
2886 734 3140 806 ipsimet
3167 734 3286 792 sihi

480 828 945 900 possessionem
977 827 1314 900 acquirere
1335 835 1667 900 nequeunt
1683 871 1701 903 ‚
1729 827 1879 887 lieet
1907 844 2024 901 per
2060 835 2513 900 procuratores
2540 829 2785 901 possint
2806 825 2895 901 ι4).
2922 829 2987 901 2)
3009 827 3241 887 Rerum
3266 873 3286 906 ‚

480 942 649 999 quae
672 927 1148 999 possideantur,
1180 932 1252 982 ut
1276 924 1641 1001 sinqularum
1666 934 1911 986 certam
1951 928 2167 985 animo
2204 934 2587 1001 conceptam
2611 928 2852 986 habere
2885 933 3147 999 oportet
3174 942 3292 987 no-

479 1025 743 1082 tionem.
773 1025 970 1096 Igitur
1001 1039 1122 1082 nec
1166 1024 1448 1083 incertae
1477 1027 1672 1097 partis
1701 1027 1833 1084 ulla
1855 1041 1989 1085 esse
2028 1032 2238 1099 potest
2265 1022 2570 1099 pessessio
2595 1025 2662 1099 ¹⁵)
2695 1072 2711 1095 ‚
2738 1040 2861 1083 nec
2896 1041 3116 1084 rerum
3143 1041 3291 1086 eon·

481 1138 789 1182 nexarum
818 1165 834 1193 ‚
885 1124 1060 1182 velut
1104 1125 1579 1195 aedificiorum,
1628 1134 1844 1198 partes
1888 1126 2294 1199 possidentur
2335 1133 2664 1199 tamquam
2715 1126 2999 1197 singulae
3040 1141 3142 1185 res
3174 1123 3239 1200 ιε)
3270 1170 3287 1197 ,

480 1223 630 1281 licet
656 1223 933 1296 partium
977 1222 1149 1282 sacta
1189 1229 1304 1281 aut
1345 1225 1662 1284 solutione
1698 1233 1812 1284 aut
1855 1226 2296 1300 separatione,
2347 1241 2428 1284 ex
2465 1226 2692 1284 eadem
2730 1225 2838 1283 illa
2880 1241 3119 1300 causa,
3161 1242 3290 1300 qua

478 1324 689 1377 totum
732 1318 942 1376 adhuc
981 1333 1338 1391 possessum
1374 1328 1470 1377 est
1517 1335 1787 1393 corpus,
1826 1322 1963 1396 jam
2000 1321 2288 1392 singulae
2329 1335 2428 1378 res
2477 1319 2819 1378 videantur
2848 1319 3156 1393 possideri
3183 1317 3284 1393 ¹⁷).

480 1413 543 1487 3)
576 1416 701 1472 Nec
727 1413 988 1472 omnino
1007 1415 1144 1472 tieri
1173 1421 1407 1490 potest,
1440 1421 1514 1472 ut
1543 1431 1619 1473 ea
1646 1417 2094 1475 tantummodo
2109 1412 2297 1474 nobis
2312 1416 2551 1474 habere
2579 1413 2825 1472 dominii
2835 1413 2969 1491 jure
2983 1417 3248 1474 velimus
3268 1459 3286 1491 ‚

481 1525 651 1583 quae
694 1511 793 1568 vel
833 1515 1066 1567 natura
1091 1511 1190 1568 vel
1231 1516 1370 1569 arte
1400 1512 1750 1570 cohaerent
1788 1527 1935 1571 eum
1960 1513 2084 1570 alia
2106 1526 2177 1570 re
2205 1556 2222 1587 ‚
2266 1512 2332 1569 in
2376 1511 2695 1585 huJusque
2727 1518 2875 1569 sunt
2917 1512 3293 1571 accessioni-

480 1609 598 1667 bus
647 1605 748 1684 1“).
778 1613 1109 1668 Caeterum
1136 1609 1197 1683 4)
1233 1625 1699 1686 nonnunquam
1727 1613 1866 1670 solo
1894 1613 2108 1672 animo
2152 1599 2504 1684 aequiritur
2548 1610 2893 1684 possessio,
2937 1610 2989 1667 si
3032 1611 3290 1683 quidem

483 1705 793 1762 naturalis
823 1705 1164 1777 possessio,
1190 1707 1449 1777 qualem
1489 1707 1728 1764 habent
1764 1708 2029 1765 colonus
2050 1751 2065 1776 ,
2106 1707 2649 1766 commodatarius
2671 1750 2687 1778 ‚
2734 1706 2997 1779 aliique,
3030 1721 3288 1764 causam

485 1805 894 1862 antecesserit
916 1805 1177 1861 dominii
1208 1805 1632 1864 transferendi
1668 1807 1996 1874 idoneam,
2036 1823 2158 1866 nec
2185 1824 2316 1866 non
2342 1808 2737 1865 voluntatem
2766 1807 2815 1864 is
2836 1850 2852 1875 ‚
2891 1807 2998 1880 qui
3040 1821 3286 1878 posses·

483 1904 890 1971 sione-cedit,
928 1904 1401 1975 significaverit,
1435 1920 1574 1964 rem
1606 1921 1744 1965 esse
1774 1923 1894 1980 pro
1921 1908 2155 1966 tradita
2191 1907 2552 1965 habendam
2584 1903 2697 1979 19);
2720 1912 2988 1965 vocatur
3015 1905 3280 1964 traditio

481 1999 658 2057 brevi
685 2014 880 2057 manu
906 1995 1005 2072 ²⁰).
1040 2000 1331 2074 Alioquin
1374 2016 1532 2061 vero
1561 2005 1695 2061 sola
1729 2003 1961 2062 mentis
1986 2005 2410 2063 destinatione
2436 2020 2599 2061 nemo
2625 2000 2733 2060 sibi
2757 2001 2877 2079 ipsc
2909 2018 3143 2061 causam
3160 2017 3290 2079 pos-

481 2096 736 2156 sessionis
763 2105 990 2155 mutarc
1004 2106 1187 2175 potest
1205 2100 1302 2172 2¹).

1099 323 1249 366 PARS
1289 323 1444 365 SPBG.
1487 323 1606 366 LIB·
1644 324 1716 366 11.
1758 323 1836 367 DE
1870 323 2057 366 mus
2094 323 2367 375 uitulo.
2408 324 2684 367 nonime.

926 2318 952 2391 §
981 2322 1124 2379 240.
1168 2321 1232 2398 c)
1279 2319 1567 2391 Quomodo
1593 2337 1701 2401 per
1725 2318 1874 2380 alias
1893 2336 2165 2398 personas
2192 2321 2464 2401 possessio
2485 2319 2841 2398 acquiratur.

562 2566 960 2641 acquirimus
1005 2567 1471 2641 possessionem
1526 2573 1592 2627 et
1622 2583 1736 2639 per
1775 2583 1884 2627 eos
1906 2612 1921 2641 ,
1975 2570 2084 2643 qui
2128 2570 2429 2643 potestati
2458 2576 2721 2629 nostrae
2756 2568 3179 2643 subjiciuntur
3200 2569 3242 2641 1)
3265 2611 3284 2639 ,

537 2795 616 2853 11)
640 2798 691 2842 L.
713 2793 793 2843 15.
818 2797 872 2843 D.
896 2795 972 2843 ad
992 2796 1163 2844 exhib.
1188 2797 1266 2855 (Χ,
1287 2795 1355 2854 4.)
1379 2798 1504 2844 —L.
1527 2796 1576 2846 ὅ.
1598 2798 1626 2853 ς
1647 2800 1695 2845 3.
1719 2799 1767 2844 in
1794 2799 1832 2845 f.
1899 2804 1949 2845 at
1971 2810 2115 2845 sensu
2137 2800 2293 2857 magis
2307 2800 2603 2846 conveniens
2622 2798 2672 2844 in
2695 2797 2844 2844 aliam
2865 2795 3182 2856 possessionis
3202 2807 3289 2844 ac·

479 2883 541 2894 —
565 2860 618 2905 L.
652 2855 734 2905 74.
769 2871 845 2917 pr.
880 2858 1057 2916 (verb.
1089 2876 1099 2905 :
1126 2872 1236 2906 cum
1260 2860 1298 2906 si
1321 2861 1444 2906 alius
1470 2886 1528 2895 —-
1551 2873 1612 2900 ..s
1632 2861 1835 2918 adeptus
1895 2861 2162 2921 quii-endas
2178 2861 2390 2909 formam
2422 2861 2538 2919 (vid.
2564 2866 2669 2907 not.
2693 2858 2782 2968 63.

484 2922 751 2978 fuissem»)
773 2923 827 2967 D.
851 2920 903 2968 Ιι.
928 2921 1271 2982 t.—-Saviqny
1303 2925 1328 2978 ς
1364 2920 1441 2968 17.
1476 2935 1525 2980 p.
1561 2921 1832 2970 sis—224.
1961 2925 2039 2981 21)
2060 2924 2111 2969 1..
2135 2926 2229 2981 ἃς
2254 2921 2330 2970 19.
2366 2926 2420 2970 D.
2445 2924 2496 2969 Ιι.
2522 2928 2560 2970 t.
2585 2923 2705 2968 -L.
2764 2956 2775 2968 .
2803 2919 2897 2977 §5.
2920 2922 2976 2968 D.
3013 2920 3081 2967 de
3124 2931 3276 2977 pree.

542 2984 689 3041 12)1..
712 2981 759 3028 5.
779 2986 805 3040 s
827 2984 874 3029 1.
897 3008 957 3016 —
980 2985 1032 3029 1..
1051 2981 1130 3029 55.
1159 2987 1211 3030 ι).
1237 2986 1306 3032 de
1323 2995 1377 3030 α.
1395 2996 1437 3029 r.
1463 2985 1516 3033 d.
1539 2987 1677 3042 (xm,
1697 2988 1765 3043 1.)
1892 2986 2071 3045 (xuni,
2094 2984 2197 3043 ao.)
2233 3012 2290 3019 -
2317 2988 2368 3033 1..
2394 2986 2480 3040 Μ
2504 2988 2594 3032 uu.
2617 2987 2671 3031 ι).
2690 2997 2789 3040 pro
2811 2989 2935 3031 emt.
2952 2984 3089 3040 (x1.1‚
3113 2980 3182 3040 4.)
3208 3008 3270 3017 -

522 3041 619 3104 Ἲῦ)
643 3057 688 3090 e.
709 3057 758 3102 g.
784 3046 853 3091 rei
890 3046 1155 3103 depositae.
1191 3047 1243 3094 L.
1266 3045 1315 3094 δ.
1339 3049 1365 3103 S
1383 3044 1461 3094 18.
1483 3049 1538 3094 D.
1562 3048 1613 3094 h.
1639 3053 1676 3095 t.
1721 3049 1825 3104 (ci.
1894 3051 1945 3095 L.
1966 3046 2184 3106 3.S4.D.
2214 3049 2266 3095 11.
2293 3053 2335 3095 t.
2361 3073 2420 3082 -
2441 3050 2492 3093 L.
2516 3047 2593 3093 18.
2615 3060 2689 3105 pr.
2715 3049 2769 3092 D.
2793 3045 2914 3092 eod.
2936 3069 2994 3079 -—
3018 3047 3149 3101 Quae
3168 3046 3283 3104 qui-

483 3111 509 3165 s
526 3105 639 3153 241.
675 3113 777 3154 not.
805 3105 883 3154 19.
1890 3112 2002 3158 dem
2015 3113 2141 3165 juris
2163 3113 2352 3170 antiqui
2375 3111 2540 3168 regula
2570 3115 2619 3155 et
2650 3108 2711 3154 ad
2734 3109 3008 3155 naturalem
3029 3109 3284 3154 detentio-

541 3167 618 3227 14)
636 3170 682 3227 3)
709 3170 759 3214 L.
800 3168 846 3216 1.
870 3173 895 3226 s
917 3168 995 3217 15.
1020 3171 1075 3216 D.
1119 3170 1165 3216 si
1202 3168 1246 3216 is
1265 3204 1281 3231 ‚
1318 3169 1414 3230 qui
1445 3175 1568 3218 lest.
1606 3172 1699 3220 lib.
1736 3173 1824 3218 rel.
1891 3187 2001 3220 nem
2017 3174 2253 3231 pertinet,
2297 3172 2428 3220 etad
2451 3183 2560 3218 eam
2583 3173 2918 3230 quaestionem
2936 3205 2951 3230 ‚
2975 3182 3071 3229 qua
3094 3171 3289 3228 quaeri·

478 3232 676 3290 (ΧΙΝΙΙ,
698 3228 768 3288 4.)
787 3255 847 3264 --
868 3233 953 3289 (cf.
976 3234 1026 3278 L.
1049 3230 1127 3278 16.
1149 3232 1220 3279 de
1242 3236 1301 3280 0.
1322 3238 1376 3281 el
1393 3235 1461 3281 A.
1483 3236 1620 3281 xle
1638 3270 1653 3291 ,
1670 3233 1760 3293 7.).
1782 3257 1826 3265 -
1893 3240 1999 3282 tur:
2028 3248 2146 3281 num
2182 3242 2233 3281 ut
2271 3237 2400 3291 juris
2434 3245 2677 3294 possessor
2709 3233 2993 3279 hereditatis
3037 3233 3284 3291 petitione

1894 3298 2067 3356 aliquis
2090 3299 2341 3344 conveniri
2366 3301 2544 3356 possit?
2582 3296 2688 3341 vid.
2708 3298 2773 3353 a)
2808 3296 2861 3341 L.
2883 3292 2932 3341 5.
2980 3295 3034 3340 C.
3077 3294 3129 3339 11.
3160 3296 3197 3340 e.
3225 3319 3286 3328 —

494 3296 543 3340 1..
592 3295 636 3339 1.
683 3296 710 3349 S
747 3292 828 3339 22.
867 3297 916 3340 L.
939 3296 988 3340 2.
1024 3295 1078 3341 D.
1099 3295 1152 3342 11.
1176 3299 1214 3341 t.
1267 3296 1373 3353 (ct'.
1405 3298 1457 3341 L.
1482 3296 1532 3344 7.
1555 3296 1650 3354 §5-
1677 3297 1731 3342 D.
1757 3294 1836 3342 ad

1893 3360 1946 3407 L.
1968 3361 2016 3408 2.
2040 3362 2066 3415 S
2100 3359 2137 3406 l.
2165 3360 2212 3405 in
2234 3361 2269 3406 i'.
2298 3362 2349 3406 D.
2374 3373 2474 3415 pro
2494 3359 2607 3406 lter.
2631 3359 2770 3417 (xm,
2789 3354 2930 3415 5.)-
2948 3357 3013 3414 b)
3046 3357 3102 3401 L.
3124 3354 3204 3402 10.
3229 3358 3284 3401 D.

476 3355 650 3401 exuis.
673 3357 750 3413 (x,
773 3353 920 3412 4.).-
948 3357 997 3415 ι»)
1022 3359 1074 3402 1..
1099 3355 1178 3403 18.
1199 3359 1224 3413 s
1249 3357 1294 3404 1.
1318 3360 1371 3404 o.
1397 3359 1449 3406 ιι.
1472 3360 1639 3407 ι.-1,.
1666 3361 1710 3404 1.
1734 3362 1759 3415 s
1781 3360 1828 3404 5.

476 3426 525 3464 et
543 3420 572 3474 ς
591 3415 640 3463 5.
667 3419 713 3464 in
739 3420 774 3465 1.
798 3418 918 3464 eod.
959 3443 1015 3451 -
1062 3419 1172 3465 Vid.
1199 3428 1362 3467 tamen
1385 3421 1437 3468 L.
1457 3420 1539 3467 52.
1574 3424 1600 3478 S
1632 3422 1679 3466 2.
1702 3423 1756 3467 D.
1783 3426 1832 3466 et

477 3480 527 3525 1..
545 3478 593 3526 5.
628 3482 682 3526 C.
702 3481 753 3527 11.
781 3482 818 3526 t.
851 3504 910 3512 —
932 3480 1164 3540 Saquny
1195 3484 1221 3538 S
1254 3484 1333 3529 21.
1380 3497 1427 3540 p.
1453 3482 1547 3530 244
1570 3508 1623 3516 -
1647 3479 1758 3531 255.
1781 3489 1829 3529 et

476 3542 712 3600 imprimis
733 3542 941 3589 Puchta-
963 3544 1011 3588 in
1034 3545 1202 3591 Rhein.
1223 3546 1339 3591 Mus.
1364 3547 1421 3594 T.
1444 3548 1522 3593 111.
1542 3547 1624 3592 Nr.
1649 3548 1730 3592 111.

539 3602 621 3651 15)
643 3604 809 3660 1..5.§
830 3605 878 3649 11.
906 3606 957 3652 L.
977 3606 1056 3653 26.
1085 3609 1137 3652 D.
1158 3608 1210 3654 11.
1232 3611 1268 3654 t.
1294 3632 1352 3640 —-
1380 3610 1429 3654 1..
1451 3607 1531 3654 52.
1555 3612 1581 3665 s
1609 3610 1657 3654 ἃ.
1685 3611 1738 3655 D.
1761 3607 1832 3654 dc

475 3679 663 3722 usurp.
683 3667 828 3725 (xm,
848 3664 896 3712 ὅ.
918 3670 934 3724 )
958 3692 1014 3701 -
1051 3671 1205 3724 Quam
1229 3671 1425 3728 quidem
1447 3673 1739 3718 sententiam
1761 3671 1827 3717 ab

474 3729 1583 3853 2¹2³311z2252008225‘523-‘21‘.¹:¹.;‘.’l:.¹..⁰.¹;.:}‘¹;2
1613 3742 1831 3854 ‘pmffl

784 3827 802 3856 ,
1588 3830 1600 3842 .
1685 3831 1695 3842 .
1818 3828 1828 3839 .

476 3860 579 3902 not.
603 3853 650 3902 4.

538 3916 616 3974 16)
637 3918 690 3962 L.
713 3915 794 3963 3⁰.
833 3929 911 3976 pr.
947 3918 1004 3963 D.
1029 3915 1081 3963 Ιι.
1106 3919 1145 3964 t.
1183 3944 1239 3952 —
1274 3920 1329 3965 1..
1351 3916 1431 3965 2³5.
1476 3930 1550 3977 pr.
1585 3921 1678 3975 85.
1705 3919 1845 3967 D.de

473 3990 661 4036 usurp.
682 4004 739 4013 -
765 3981 816 4025 L.
837 3980 884 4024 2.
929 3980 956 4035 ς
977 3977 1095 4026 6.111
1118 3981 1154 4027 t'.
1189 3983 1245 4027 D.
1279 3993 1380 4039 pro
1400 3981 1524 4028 emt.
1564 3982 1717 4038 (xm,
1739 3978 1829 4040 4.)

471 4041 612 4087 Plura
635 4045 739 4087 tum
760 4043 820 4088 de
841 4042 987 4098 hujus
1021 4048 1127 4088 tum
1156 4043 1218 4089 de
1249 4045 1496 4101 sequentis
1518 4050 1662 4091 notae
1694 4055 1840 4101 argu-

472 4109 636 4149 mento
658 4104 784 4150 intra
804 4104 1047 4163 dicentur,
1070 4116 1128 4151 eo
1149 4108 1276 4161 loeo,
1297 4107 1381 4164 qui
1404 4113 1478 4152 est
1497 4109 1557 4153 de
1578 4107 1837 4165 usucapio-

473 4167 616 4213 nibus
636 4168 677 4221 (ς
698 4165 848 4222 963.)

537 4226 614 4287 17)
635 4233 741 4287 Arg.
762 4230 813 4275 L.
841 4231 918 4275 11.
943 4229 968 4282 S
990 4226 1037 4273 6.
1059 4230 1113 4274 D.
1136 4229 1204 4275 de
1222 4229 1368 4287 publ.
1390 4230 1443 4277 in
1462 4244 1509 4278 r.
1529 4231 1830 4290 act.(Vl,2.)

473 4315 531 4324 —
550 4294 603 4338 L.
626 4289 706 4339 44.
731 4292 756 4345 S
777 4293 822 4337 Ξ.
841 4292 908 4338 de
929 4302 1118 4347 usurp.

534 4353 611 4411 18)
633 4367 678 4399 v.
701 4366 745 4399 c.
767 4354 818 4399 L.
843 4353 922 4401 26.
950 4355 1003 4399 D.
1026 4353 1093 4399 de
1116 4365 1302 4411 usurp.
1335 4359 1386 4401 et
1410 4357 1522 4413 Arg.
1555 4357 1607 4401 L.
1631 4352 1711 4402 44.
1736 4356 1763 4409 S
1784 4352 1830 4400 1.

469 4416 520 4523 il?
543 4418 648 4525 ἓξ.
668 4416 737 4461 de
753 4419 810 4524 g.
831 4421 887 4463 et
905 4419 973 4464 A.
995 4417 1174 4477 (xuv,
1194 4415 1263 4475 7.)
1279 4418 1535 4464 -Caeter.
1561 4420 1659 4465 vid.
1677 4419 1726 4463 L.
1749 4415 1830 4461 51.

515 4512 526 4524 .
635 4481 684 4526 le
722 4513 734 4523 .
794 4513 805 4524 .

534 4539 613 4599 19)
633 4545 657 4597 3
681 4491 759 4587 44.
783 4542 818 4586 1.
862 4540 930 4587 de
965 4551 1073 4587 rer.
1118 4539 1221 4587 div.
1262 4566 1317 4574 —-
1356 4541 1405 4586 L.
1428 4539 1477 4588 9.
1503 4543 1594 4597 81.
1616 4540 1665 4587 2.
1692 4542 1746 4586 D.
1769 4539 1838 4585 de

466 4603 612 4660 publ.
638 4604 690 4650 in
708 4617 753 4648 r.
777 4605 1006 4650 ach—1..
1026 4602 1076 4650 9.
1101 4604 1127 4658 ς
1149 4601 1198 4650 5.
1223 4606 1277 4649 D.
1302 4602 1369 4648 de
1391 4615 1443 4649 a.
1468 4617 1514 4651 r.
1537 4603 1589 4650 d.
1609 4604 1746 4664 (xm,
1769 4602 1838 4658 1.)

472 4686 519 4698 -
540 4667 589 4711 L.
609 4663 659 4712 3.
683 4667 709 4721 ς
730 4663 778 4712 ὅ.
801 4667 908 4714 init.
932 4667 987 4712 D.
1011 4666 1061 4711 11.
1088 4668 1124 4710 t.
1151 4691 1207 4699 -—
1227 4664 1377 4712 1..62.
1407 4678 1479 4724 pr.
1505 4669 1558 4713 1).
1594 4667 1662 4713 de
1681 4664 1836 4712 evici.

469 4728 693 4786 (xxij.)
731 4753 785 4761 —
819 4731 872 4776 L.
893 4725 941 4773 9.
968 4726 1063 4783 ς9.
1100 4729 1151 4774 D.
1173 4725 1241 4773 de
1264 4728 1394 4774 R.C.
1414 4728 1623 4789 (x11,2.)
1660 4751 1716 4760 —
1753 4728 1831 4774 Ct'.

470 4793 522 4838 1..
542 4788 621 4837 58.
645 4793 671 4847 S
694 4792 738 4836 1.
762 4792 814 4835 D.
836 4792 886 4837 Ιι.
911 4789 1250 4850 t.-Saviqny
1269 4792 1295 4847 ς
1316 4788 1395 4835 19.

530 4853 612 4909 20)
635 4853 813 4900 Similis
829 4851 1025 4912 quidem
1052 4853 1280 4911 loquendi
1325 4852 1540 4899 formula
1569 4852 1673 4908 jam
1695 4853 1834 4898 Rom.

469 4916 578 4977 jure
599 4914 811 4963 occurrit
834 4922 851 4972 (
874 4917 923 4962 L.
953 4912 1031 4962 43.
1057 4911 1140 4962 51.
1167 4916 1222 4962 D.
1244 4913 1310 4961 de
1340 4916 1383 4969 j.
1413 4914 1518 4962 doe.
1543 4917 1684 4963 xxiii
1701 4948 1715 4975 ‚
1736 4911 1838 4973 8,),

1893 3422 1941 3469 εἱ
1966 3436 2096 3480 pars
2117 3421 2298 3468 laci-ed.
2319 3426 2427 3478 pec.
2450 3418 2612 3479 (VA.)
2637 3419 2779 3474 (item
2798 3420 2895 3466 huc
2919 3419 3136 3477 pertinet
3161 3418 3283 3466 [ΝΞ.

1891 3487 1917 3540 S
1942 3487 1988 3531 1.
2010 3489 2064 3532 1).
2081 3496 2180 3541 pro
2202 3484 2317 3530 lter.
2341 3508 2394 3518 -
2411 3486 2486 3532 Cf.
2512 3485 2737 3529 Auctor.
2773 3483 2880 3529 obs.
2898 3482 2941 3535 j.
2978 3483 3121 3526 Rom.
3156 3492 3207 3538 p.
3231 3478 3280 3528 7.

1893 3548 1944 3593 in
1967 3549 2113 3603 f.)-
2134 3548 2193 3593 At
2223 3547 2447 3592 nonnulli
2483 3558 2540 3591 ex
2575 3547 2805 3592 Romanis
2838 3543 2969 3589 JCtis
3001 3544 3066 3589 ad
3113 3545 3273 3591 solam

1894 3610 2245 3666 possessionem
2265 3642 2281 3664 ,
2302 3615 2356 3654 ut
2375 3608 2572 3667 quidem
2593 3619 2784 3664 proprie
2802 3609 2985 3653 dicitur
3008 3606 3062 3661 (ς
3083 3604 3235 3663 343.)
3268 3641 3283 3669 ‚

1891 3683 1999 3718 eam
2020 3671 2316 3728 referebant,
2338 3678 2390 3716 ut
2417 3669 2704 3716 Marcellus
2722 3671 2792 3726 (L.
2818 3667 2896 3714 19.
2920 3669 2945 3722 ς
2969 3667 3016 3713 1.
3046 3668 3166 3715 Ι).11.
3190 3670 3285 3724 L),

1893 3738 1949 3779 ut
1970 3734 2194 3782 Paullus
2214 3734 2282 3789 (L.
2305 3734 2354 3779 5.
2377 3735 2403 3789 3
2425 3732 2505 3778 20.
2539 3730 2661 3778 eod.
2689 3733 2824 3778 «sed
2855 3730 2894 3776 si
2918 3731 2959 3775 is
2983 3762 2998 3788 ,
3034 3732 3118 3788 qui
3143 3733 3276 3788 apud

1895 3807 1973 3842 me
1997 3796 2218 3855 deposuit
2240 3796 2313 3840 vel
2337 3795 2670 3840 commodavit
2693 3829 2707 3853 ‚
2736 3805 2845 3839 eam
2869 3801 2974 3839 rem
2998 3793 3282 3839 vendiderit

1898 3860 2015 3905 mihi
2040 3857 2112 3905 vei
2138 3857 2390 3902 donaverit
2416 3868 2430 3915 ;
2454 3868 2563 3902 non
2585 3854 2807 3903 videbor
2821 3864 3047 3902 causam
3067 3867 3284 3911 posses·

1906 3920 2072 3968 sionis
2114 3919 2238 3967 milti
2269 3922 2481 3965 mutare
2498 3952 2516 3980 ‚
2556 3918 2652 3975 qul
2686 3931 2756 3965 ne
2780 3915 3122 3976 possidebam
3158 3918 3278 3976 qui·

1907 3983 2043 4030 dem.
2071 3983 2133 4041 n)
2167 4006 2223 4014 —
2265 3982 2520 4026 Caeterum
2554 3979 2701 4036 hujus
2730 3981 2934 4037 regulae
2970 3990 3106 4025 usus
3140 3980 3285 4027 latins

1908 4048 2057 4092 etiam
2080 4047 2197 4092 olim
2219 4045 2397 4101 patuit,
2432 4049 2629 4102 propter
2667 4043 2956 4089 lucrativam
2996 4043 3135 4088 iliam
3171 4055 3285 4101 pos·

1900 4109 2129 4154 sessionis
2151 4113 2300 4164 atque
2320 4106 2631 4163 usucapionis
2663 4106 2872 4164 speeiem
2887 4138 2902 4161 ‚
2926 4104 3065 4158 euius
3098 4106 3286 4151 mentio

1902 4171 1957 4216 iit
1980 4182 2060 4230 ap.
2085 4170 2199 4224 Gai.
2216 4170 2315 4224 ¹¹-S
2337 4165 2398 4213 52
2421 4180 2531 4225 sqq.
2556 4168 2664 4222 Quo
2687 4167 2836 4214 etiam
2863 4165 3154 4213 referendae
3171 4172 3286 4213 sunt

1894 4233 2062 4290 etipsa
2086 4233 2138 4277 L.
2157 4230 2205 4277 2.
2229 4234 2256 4287 ς
2278 4228 2322 4275 1.
2350 4231 2404 4275 D.
2428 4243 2528 4285 pro
2561 4230 2675 4275 lter.
2722 4235 2771 4275 et
2809 4230 2860 4274 1..
2886 4228 2967 4273 35.
3009 4230 3036 4284 S
3057 4229 3103 4275 1.
3133 4229 3273 4276 D.de

1895 4307 2085 4350 usurp.
2109 4317 2164 4325 —
2190 4294 2401 4339 Omnino
2432 4292 2499 4338 cf.
2548 4291 2782 4351 savigny
2817 4294 2844 4347 ς
2878 4287 2930 4335 7.
2957 4302 3009 4347 p.
3033 4289 3098 4338 56
3118 4317 3180 4325 -
3199 4290 3280 4339 60.

1897 4356 1993 4414 (nr.
2013 4358 2096 4413 c.).
2118 4380 2178 4388 —
2214 4357 2334 4401 Car.
2365 4356 2502 4401 Com.
2525 4354 2595 4400 de
2616 4354 2843 4401 Reisaclt
2861 4353 2923 4397 de
2943 4355 3139 4412 antiqui
3155 4354 3285 4410 juris

1899 4422 2037 4466 Rom.
2065 4418 2260 4476 regula:
2299 4417 2447 4462 Nemo
2483 4417 2572 4462 sibi
2614 4418 2715 4473 ipse
2739 4426 2937 4461 causam
2961 4416 3283 4471 possessionis

1901 4488 2088 4529 mutare
2111 4482 2283 4538 potest.
2308 4479 2536 4525 Laudish.
2562 4476 2702 4525 1821.
2725 4475 2772 4524 4.
2800 4501 2859 4511 --
2885 4478 3285 4526 Unterholzner

1901 4540 2367 4599 Ver-jahrungslehre
2390 4543 2426 4588 1.
2447 4544 2473 4598 3
2497 4540 2607 4587 100.
2632 4566 2689 4575 -
2722 4540 2964 4586 Rosslu'rt
2987 4542 3164 4588 Archiv
3202 4542 3283 4588 fttr

1900 4608 1993 4653 citt.
2018 4608 2094 4652 Pr.
2120 4605 2179 4649 Τ.
2205 4605 2280 4649 tx.
2307 4605 2388 4650 Nr.
2414 4607 2516 4651 l.-—
2541 4603 2683 4651 Thon
2708 4602 2757 4648 in
2781 4603 2949 4648 Rhein.
2966 4602 3089 4650 Mus.
3119 4606 3177 4651 Τ.
3205 4606 3283 4652 [V.

1902 4682 1951 4728 p.
1979 4667 2067 4715 101
2085 4677 2195 4726 sqq.

2494 4728 2522 4783 s
2557 4724 2670 4774 240.

1900 4919 1926 4973 S
1943 4855 2011 4965 2¹6)
2035 4852 2386 4963 συὲἳέταὲὶὲ.
2412 4852 2465 4898 P.
2491 4851 2527 4897 l.
2555 4847 2946 4910 c.v.p.61--68.
2966 4876 3019 4885 -
3037 4850 3284 4915 Saviqru·

2011 4953 2021 4964 .
2048 4928 2097 4975 p.
2222 4937 2270 4946 -—
2384 4947 2395 4961 .
