3544 5506
911 363 1046 406 cu.
1088 363 1183 407 m.
1227 364 1305 413 mi
1341 363 1707 407 nammis
1744 364 2235 408 amm-rannus.
2869 355 2979 411 623

633 525 659 599 ,ς
688 522 831 583 689.
863 520 925 597 5)
950 521 1215 601 Reliquae
1245 531 1710 584 testamentorum
1736 525 1928 584 minus
1958 524 2293 585 solemnium
2313 526 2531 604 species.

270 714 429 776 Sunt
452 718 641 776 etiam
679 718 841 776 aliae
870 724 1399 776 testamentorum
1424 720 1632 779 minus
1659 720 2036 779 solemnium
2060 717 2303 795 species
2326 764 2342 785 ,
2372 739 2530 795 quas
2552 723 2807 795 quidem
2834 727 2982 785 bre·

191 814 351 877 viter
374 816 713 878 recensere
729 819 1019 879 sufficiet.
1048 823 1122 878 Et
1147 818 1200 892 1)
1233 815 1508 893 primum
1531 822 1786 894 quidem
1812 822 1962 880 illud
1985 829 2102 896 est,
2123 824 2298 894 quod
2318 830 2607 895 tempore
2621 826 2812 896 pestis
2831 841 2976 886 con·

192 916 391 974 ditum
412 922 860 974 testamentum
887 918 1075 987 vulgo
1099 923 1351 974 vocant.
1383 920 1449 974 ln
1476 933 1606 990 quo
1624 935 1822 976 unum
1851 916 2003 976 illud
2028 919 2358 976 remissum
2382 934 2519 977 esse
2541 920 2783 987 dicunt,
2809 925 2984 995 quod

166 1086 169 1089 Ι
190 1022 380 1075 testes
397 1030 531 1075 uno
543 1017 899 1089 eodemque
915 1022 1204 1088 tempore
1225 1018 1507 1076 adhiberi
1517 1017 1828 1092 jungique
1847 1033 2105 1076 necesse
2121 1034 2249 1077 non
2265 1019 2344 1076 sit
2360 1062 2377 1093 ,
2404 1019 2537 1078 scil.
2559 1027 2826 1093 propter
2854 1039 2985 1081 me-

194 1119 326 1171 tum
346 1112 764 1197 contagionis,
785 1113 1031 1185 reliqua
1057 1108 1268 1172 omnia
1292 1114 1615 1172 communi
1633 1120 2163 1172 testamentorum
2183 1114 2331 1186 iure
2359 1115 2747 1186 perficienda
2762 1117 2888 1176 sint
2909 1116 2926 1152 ¹
2932 1126 2984 1191 ).

192 1207 254 1280 2)
288 1210 569 1267 Alterum
603 1216 734 1268 est.
774 1211 945 1282 quod
969 1209 1302 1269 rusticanis
1327 1253 1344 1283 ,
1365 1210 1401 1266 i.
1429 1225 1486 1267 e.
1518 1210 1652 1267 ruri
1692 1210 2066 1281 degentibus
2096 1206 2309 1282 ibique
2332 1212 2740 1279 testantibus,
2770 1212 2986 1275 facere

193 1299 606 1376 permittitur,
631 1303 753 1362 hoc
773 1313 984 1376 pacto,
1005 1312 1079 1362 ut
1091 1300 1375 1377 quinque
1389 1305 1703 1363 adhibitos
1719 1321 1855 1364 esse
1877 1312 2074 1364 testes
2103 1301 2394 1376 sufficiat,
2425 1308 2511 1365 ita
2537 1309 2698 1382 scil.,
2714 1306 2829 1367 nisi
2848 1312 2985 1383 plu-

194 1400 360 1458 rium
378 1399 779 1474 l'ueritcopia3
794 1400 926 1475 qui,
946 1400 995 1459 si
1019 1397 1346 1460 literarum
1364 1401 1547 1473 periti
1572 1408 1744 1470 sunt,
1763 1409 1830 1460 et
1850 1417 1965 1459 suo
1984 1408 2281 1460 eteorum
2307 1403 2559 1461 testium
2584 1400 2860 1479 nomine,
2875 1403 2988 1480 qui

193 1498 481 1555 nesciant
495 1497 796 1565 scribere,
815 1504 1196 1556 testamento
1215 1498 1614 1555 subscribant
1628 1513 1887 1555 necesse
1900 1504 1994 1556 est
2004 1500 2108 1569 ,im
2118 1498 2351 1570 peritos
2364 1514 2517 1557 vero
2532 1501 2844 1561 scribendi
2860 1509 2990 1562 tes·

190 1592 419 1655 tatoris
433 1599 822 1656 voluntatem
836 1603 1227 1669 compertam
1247 1597 1485 1654 habere
1497 1603 1776 1670 oportet,
1795 1599 1877 1657 de
1890 1612 2095 1670 eaque
2112 1604 2539 1671 postmortem
2564 1600 2726 1659 illius
2733 1603 2989 1676 juratos

194 1696 525 1770 deponere
547 1693 618 1772 ²).
634 1701 733 1755 Est
755 1698 947 1755 etiam
971 1696 1032 1768 5)
1056 1697 1116 1754 in
1146 1696 1374 1755 horum
1402 1702 1930 1756 testamentorum
1951 1713 2222 1756 numero
2247 1700 2721 1771 quodammodo
2745 1701 2989 1761 haben·

195 1794 369 1859 dum,
389 1794 562 1866 quod
591 1799 989 1850 testamentum
1006 1790 1286 1868 posterius
1309 1789 1697 1869 imperfectum
1712 1794 2038 1867 appellare
2063 1796 2305 1863 solent;
2329 1794 2419 1852 vis
2442 1795 2609 1854 enim
2631 1796 2993 1857 infirmandi

194 1889 426 1961 prioris
453 1889 837 1959 testamenti,
871 1904 1000 1961 quo
1031 1870 1288 1962 quidem
1316 1889 1548 1947 exclusi
1576 1896 1726 1950 sunt
1750 1889 2020 1949 heredes
2050 1889 2130 1947 ab
2161 1890 2484 1959 intestato,
2521 1888 2851 1964 posteriori
2880 1894 2994 1953 tri-

193 1986 441 2062 buitur,
480 1988 585 2047 cui
614 1988 866 2046 nonnisi
888 1988 1328 2047 codicillorum
1354 1986 1560 2046 forma
1591 1990 1871 2048 adhibita
1893 1996 2011 2059 est,
2042 1991 2394 2049 dummodo
2417 2005 2551 2065 eos,
2596 1993 2701 2063 qui
2727 1993 2808 2049 ab
2836 1987 2996 2052 inte-‘-

193 2092 365 2146 stato
391 2088 743 2146 successuri
767 2086 891 2145 sint
907 2128 924 2155 ,
949 2087 1185 2146 institui
1215 2102 1296 2146 eo
1321 2094 1588 2146 testator
1616 2090 1940 2148 curaverit
1970 2088 2039 2164 ³).
2060 2091 2342 2163 Denique
2357 2092 2415 2162 5>
2441 2105 2570 2148 non
2596 2094 2997 2163 praetermit-

193 2186 463 2245 tendum
479 2229 495 2253 ,
526 2188 698 2260 quod
718 2187 866 2261 jure
895 2202 1037 2246 can.
1067 2187 1504 2246 introductum
1531 2194 1628 2247 est
1654 2195 2053 2248 testamentum
2073 2188 2152 2247 ad
2164 2189 2295 2266 pias
2310 2204 2510 2248 causas
2527 2235 2543 2258 ,
2562 2196 2635 2249 ut
2661 2207 2834 2251 nunc
2860 2194 2999 2266 qui-

195 2283 347 2340 dem
377 2288 674 2343 vocatur.
711 2279 905 2357 Cujus
942 2284 1105 2342 haec
1135 2290 1233 2342 est
1269 2279 1361 2342 vis
1387 2326 1404 2354 ‚
1442 2290 1514 2343 ut
1541 2326 1558 2359 ,
1589 2300 1759 2358 quae
1803 2286 1868 2343 in
1920 2287 2256 2344 ecclesiam
2303 2288 2404 2344 vel
2457 2284 2916 2346 monasterium
2943 2286 2997 2363 ⁴)

802 2462 828 2516 ς
863 2458 977 2508 689.
1637 2470 1783 2517 quam
1805 2460 2062 2520 imperitis,
2082 2458 2172 2505 boc
2196 2459 2499 2517 privilegium
2520 2460 2689 2507 datum
2709 2473 2839 2521 esse;
2861 2462 2996 2520 quod

1635 2522 1833 2579 quidem
1854 2536 1882 2569 a
1905 2521 2236 2568 Maximillam
2273 2524 2388 2580 imp.
2420 2524 2632 2580 apertius
2665 2524 2812 2571 etiam
2836 2526 2993 2573 sanci-

266 2585 315 2640 1)
348 2585 403 2631 1..
429 2582 481 2631 8.
512 2585 565 2630 C.
588 2585 658 2633 de
681 2588 892 2633 teclam.
932 2600 958 2629 ιι
981 2586 1147 2642 (casus
1165 2584 1367 2640 majoris
1387 2594 1443 2630 ac
1460 2583 1573 2630 novi
1637 2588 1742 2630 tum
1765 2597 1870 2631 esse
1887 2586 2096 2642 videtur,
2118 2584 2313 2631 Nou-0.
2336 2587 2370 2631 1.
2396 2586 2427 2630 Ι.
2453 2587 2479 2641 ς
2501 2585 2548 2630 2.
2587 2587 2767 2633 Rursus
2786 2593 2952 2633 autem
2973 2622 2992 2646 ,

199 2648 533 2706 contingentis
548 2649 1236 2702 ratione,adversustimorem
1247 2647 1568 2704 contagionis,
1633 2651 1829 2704 propter
1848 2647 2077 2694 inferiora
2116 2647 2234 2704 legis
2267 2649 2408 2694 verba
2435 2663 2446 2694 z
2476 2662 2499 2689 ιι
2523 2648 2570 2692 in
2595 2649 2688 2694 illis
2712 2660 2824 2694 vero
2843 2649 2958 2696 locis
2976 2684 2996 2711 ,

198 2721 327 2770 quiae
351 2716 497 2758 testes
519 2710 783 2762 deterreat,
806 2713 916 2758 licet
937 2711 1120 2769 aliquid
1142 2709 1327 2765 dejure
1352 2710 1568 2756 laxatum
1632 2710 1679 2756 in
1702 2709 1876 2768 quibus
1900 2721 2010 2757 raro
2034 2711 2349 2756 inveniuntur
2371 2708 2588 2757 homines
2609 2710 2784 2758 literati
2806 2725 2831 2753 n
2859 2711 2955 2759 ret,
2975 2744 2994 2774 ‚

200 2780 297 2830 est,
320 2785 418 2820 non
444 2779 605 2820 tamen
632 2784 828 2832 prorsus
850 2776 1037 2833 reliqua
1061 2778 1461 2820 testamentorum
1486 2785 1566 2818 so·
1630 2774 1806 2830 aliquis
1828 2774 2115 2830 arbitretur,
2132 2775 2333 2820 omnino
2364 2775 2425 2820 ad
2463 2784 2635 2820 omnes
2661 2808 2674 2828 ,
2694 2774 2777 2833 qul
2804 2775 2904 2820 ruri
2924 2780 2997 2821 te-

201 2837 412 2882 lennitas
429 2843 647 2895 peremta
663 2837 935 2883 est.Testes
949 2837 1078 2882 enim
1097 2836 1373 2892 hujusmodi
1396 2834 1566 2882 morbo
1629 2841 1867 2881 stamenta
1910 2838 2160 2892 condant,
2198 2834 2279 2890 ,ius
2321 2837 2438 2883 illud
2475 2838 2733 2894 pertinere.
2772 2838 2822 2882 ln
2856 2841 2996 2885 tanta

1629 2898 1776 2955 igitur
1794 2899 2040 2944 rationum
2063 2898 2385 2944 inconstantia
2418 2900 2568 2946 tutius
2590 2900 2703 2955 erit,
2736 2900 2895 2946 verbis
2920 2899 2998 2945 in-

1629 2959 1830 3007 haerere
1854 2963 1988 3019 legis,
2010 2972 2133 3018 quae
2150 2961 2431 3016 dispositiva
2445 2967 2712 3010 vocant.ne
2732 2961 2827 3007 alia
2846 2967 2997 3019 atque

1628 3023 1723 3068 alia
1747 3034 1775 3067 e
1796 3023 1910 3081 legis
1934 3023 2121 3069 ratione
2140 3022 2409 3080 colligendo
2431 3024 2617 3069 varium
2643 3023 2725 3077 jus
2741 3029 2888 3082 atque
2912 3025 2993 3070 in-

1631 3087 1817 3130 certum
1852 3083 2133 3131 efficiamus.
2169 3106 2230 3122 --
2266 3087 2331 3130 De
2368 3097 2425 3131 ea
2448 3096 2561 3130 vero
2583 3085 2867 3142 quaestione
2895 3100 2905 3130 :
2931 3085 2996 3133 ad

1609 3143 1893 3203 'quemnam
1931 3148 2231 3203 potissimum
2258 3147 2480 3201 probatio
2504 3148 2741 3204 pertineat
2766 3181 2781 3200 ,
2800 3148 2902 3193 scil.
2931 3148 2998 3192 le·

199 2909 460 2956 oppressos
481 2898 500 2956 [
521 2899 589 2944 al.
611 2900 850 2956 oppressis
873 2899 889 2956 ]
910 2911 968 2945 eo
989 2905 1205 2957 tempore
1243 2898 1383 2955 jungi
1419 2907 1565 2956 atque

202 2962 382 3008 sociari
417 2963 675 3007 remissum
696 2969 786 3018 est;
810 2973 906 3008 non
937 2964 1085 3008 etiam
1132 2959 1449 3009 conveniendi
1474 2972 1566 3005 nu·

203 3025 326 3069 meri
347 3035 519 3070 eorum
544 3023 820 3069 observatio
832 3024 1022 3070 sublata
1047 3029 1135 3071 est.
1160 3042 1183 3063 n
1209 3046 1268 3056 —-
1286 3022 1566 3080 Caeterum,

203 3088 289 3144 qui
311 3087 445 3133 hanc
485 3087 777 3132 sententiam
820 3085 1091 3132 defendunt
1116 3119 1131 3144 ,
1175 3097 1263 3131 nec
1285 3085 1345 3128 de
1369 3085 1458 3130 loci
1498 3086 1569 3129 le-

202 3150 367 3194 ctione
394 3182 410 3206 ,
437 3161 525 3194 nec
550 3150 610 3194 de
632 3150 932 3204 singularum
966 3160 1137 3194 vocum
1162 3147 1570 3203 interpretatione

204 3213 352 3268 plane
377 3213 508 3257 inter
529 3224 578 3256 sc
597 3213 925 3257 consentiunt.
965 3235 1020 3243 —
1060 3210 1167 3256 vid.
1212 3208 1434 3263 Koeclir
1474 3213 1568 3255 civ.

203 3274 366 3319 Erort.
390 3275 428 3319 1.
453 3274 537 3319 Νι.
564 3273 639 3318 111.
680 3277 728 3317 et
768 3275 850 3331 qui
875 3273 938 3319 ab
961 3273 1044 3319 illo
1067 3273 1325 3319 laudantur
1364 3271 1570 3328 scripto-

203 3347 364 3381 res.—
395 3337 522 3381 Sunt
543 3342 706 3381 tamen
727 3367 742 3389 ,
763 3336 890 3381 inter
931 3347 1110 3393 eosque
1154 3333 1316 3391 magni
1361 3334 1570 3379 nominis

203 3398 311 3444 JCti
341 3399 428 3457 qui
452 3400 594 3455 longe
614 3399 754 3444 aliter
775 3396 825 3443 h.
850 3399 882 3443 l.
909 3397 1290 3455 interpretentur
1314 3431 1328 3451 ,
1362 3398 1490 3441 velut
1509 3396 1565 3442 J.

209 3460 464 3517 &dacius
476 3460 581 3505 obs.
604 3461 765 3511 xxvi,
788 3459 865 3505 to.
891 3459 1011 3516 (qui,
1037 3458 1462 3506 Basilicorum—T.
1491 3460 1565 3505 tv.

204 3545 270 3555 —-
294 3525 398 3570 fere
447 3527 639 3567 secutus
661 3522 1114 3579 interpretationem
1140 3556 1155 3577 ,
1186 3532 1244 3566 eo
1266 3524 1337 3567 vel
1360 3522 1570 3567 maxime

203 3585 453 3632 contineri
473 3583 624 3630 hocce
653 3584 957 3641 privilegium
989 3585 1256 3631 arbitratur
1279 3617 1293 3638 ,
1337 3590 1392 3630 ut
1428 3590 1570 3630 extra

205 3649 460 3694 testatoris
482 3650 792 3704 conspectum
819 3652 966 3691 testes
977 3648 1168 3704 signent
1190 3648 1569 3707 testamentum);

206 3715 317 3756 tum
342 3723 461 3756 vero
485 3709 754 3754 Glossator
774 3708 833 3753 ad
857 3706 907 3754 h.
932 3710 986 3765 l.,
1006 3711 1127 3756 «lac.
1152 3707 1502 3764 Gothori-edus
1523 3711 1572 3756 in

204 3771 336 3818 Diss.
362 3775 425 3820 de
447 3776 739 3818 testamento
763 3774 979 3830 tempore
1001 3773 1170 3829 pestis,
1193 3772 1267 3816 vel
1291 3784 1315 3816 a
1340 3777 1572 3818 testatore

207 3838 348 3892 peste
368 3837 617 3890 contacto,
641 3833 838 3879 condito
860 3832 990 3891 (opp.
1017 3834 1136 3879 min.
1164 3846 1212 3890 p.
1236 3832 1329 3880 627
1351 3837 1499 3892 sqq.).
1523 3838 1573 3879 et

206 3897 478 3943 Marezolt
515 3895 792 3942 zeitschrift
837 3894 915 3939 tur
949 3896 1114 3942 Civitr.
1157 3908 1206 3941 u.
1243 3899 1383 3943 Proc.
1415 3896 1470 3942 T.
1494 3897 1573 3942 tv.

207 3971 258 4017 p.
284 3957 349 4004 77
375 3972 483 4016 sqq.
509 3961 535 4015 5
557 3956 609 4006 5.
632 3960 709 4005 Nr.
734 3961 767 4004 l.
789 3956 889 4014 (qui
914 3958 1109 4015 quidem
1130 3958 1189 4002 de
1228 3959 1400 4006 morbo
1423 3958 1576 4004 comi-

207 4022 317 4067 tiatl
343 4021 700 4078 similibusque,
721 4019 900 4079 quibus
921 4021 968 4064 in
985 4021 1190 4066 testandi
1214 4027 1324 4068 actu
1346 4021 1579 4079 corripia-

210 4089 293 4129 tur
318 4089 551 4137 testator,
572 4083 703 4129 hunc
748 4087 908 4128 locum
952 4083 1317 4139 intelligendum
1338 4097 1441 4128 esse
1465 4094 1580 4128 cen·

209 4149 373 4202 sent).
401 4169 464 4178 —
489 4147 741 4190 Praeterea
764 4153 960 4203 prorsus
980 4148 1277 4200 singularem
1295 4146 1515 4202 ejusdem
1543 4147 1574 4189 1.

210 4209 673 4265 interpretationem
698 4207 924 4266 proponit
962 4208 1012 4252 C.
1037 4209 1094 4252 F.
1123 4210 1183 4254 D.
1225 4211 1400 4254 Moser
1441 4209 1576 4253 vers.

211 4272 297 4317 ub.
323 4272 554 4317 einzelne
577 4270 747 4315 Theile
767 4272 850 4314 des
873 4269 1088 4326 burgerl.
1116 4270 1170 4316 R.
1194 4270 1396 4327 (stuttg.
1419 4267 1581 4325 1806.)

211 4346 294 4380 nr.
321 4336 371 4379 2.
411 4356 473 4368 —
509 4333 633 4377 Sunt
671 4333 817 4377 etiam
843 4363 858 4385 ,
883 4332 965 4389 qui
991 4332 1051 4378 ad
1075 4341 1243 4378 omnes
1281 4333 1581 4378 necessitatis

211 4407 390 4442 causas
448 4397 606 4450 legem
660 4395 825 4440 illam0
851 4393 1061 4452 trahant;
1118 4400 1287 4441 contra
1341 4406 1461 4453 quos
1483 4393 1580 4438 vid.

209 4458 408 4513 Stryek
430 4462 563 4503 caut.
587 4460 779 4501 testam.
802 4468 846 4501 c.
869 4455 948 4500 ΧΙ.
971 4456 997 4509 S
1025 4454 1101 4502 11.
1140 4482 1197 4491 -
1232 4456 1304 4504 CF.
1352 4462 1402 4502 et
1445 4456 1494 4501 C.
1524 4458 1580 4502 (ι’.

210 4520 525 4567 Beinliardt
545 4519 606 4564 de
629 4525 821 4564 testam.
849 4519 1247 4578 parturientium,
1269 4519 1584 4578 privilegio-

211 4585 358 4628 nullo
376 4583 600 4627 munitis.
627 4581 735 4626 Jen.
760 4577 906 4627 1746.

279 4646 330 4701 2)
366 4646 422 4690 L.
446 4646 538 4688 ult.
563 4642 615 4688 C.
638 4641 705 4688 de
728 4644 935 4688 testam.
957 4666 1015 4675 —
1036 4644 1176 4690 Sam.
1205 4643 1393 4697 Sttyek
1416 4642 1475 4687 dc
1511 4645 1584 4686 te-

208 4711 469 4753 stamento
490 4706 801 4751 rusticorum.
836 4703 964 4751 Frct.
988 4702 1129 4750 1674.
1170 4730 1223 4739 —-
1263 4704 1519 4751 Mae-ezoll
1537 4704 1584 4749 in

209 4769 363 4816 Arch.
388 4770 427 4815 f.
453 4769 549 4814 civ.
575 4766 656 4815 Pr.
679 4768 758 4813 lx.
778 4768 861 4814 Νι.
882 4768 979 4813 XV.
1006 4780 1054 4825 p.
1079 4766 1171 4814 297
1196 4780 1304 4826 sqq.
1328 4765 1588 4822 (Waeclv

210 4835 305 4877 ter
357 4830 559 4889 ephem.
621 4829 747 4876 Tub.
807 4831 865 4879 ll.
910 4842 959 4887 p.
1004 4827 1097 4877 169
1140 4842 1247 4890 sqq.
1292 4834 1341 4875 et
1378 4828 1589 4877 Pucltta

1635 3211 1919 3264 gitimorum
1946 3210 2140 3254 testium
2168 3212 2353 3264 justum
2377 3221 2633 3255 numerum
2677 3210 2748 3254 vel
2784 3209 3000 3255 adfuisse

1635 3271 1707 3315 vel
1732 3269 1943 3315 defuisse
1966 3303 1981 3326 ,
2007 3277 2170 3316 utrum
2191 3271 2252 3315 ad
2273 3272 2539 3328 legitimum
2561 3270 2791 3317 heredem
2809 3303 2824 3325 ,
2848 3282 2909 3317 an
2933 3273 2998 3318 ad

1631 3333 1861 3390 eum‚qui
1885 3338 2174 3378 testamento
2196 3331 2334 3379 heres
2358 3334 2785 3379 institutusestlin
2813 3338 3001 3378 utram·

1631 3405 1725 3452 que
1765 3400 1952 3452 partem
1974 3396 2265 3452 disputatur.
2311 3396 2699 3442 Testamentario
2728 3393 2895 3440 heredi
2920 3396 2995 3441 in-

1632 3456 1862 3503 cumbere
1901 3456 2237 3515 probationem
2261 3491 2277 3514 ,
2306 3457 2549 3503 affirmant
2592 3457 2854 3503 Marezoll
2886 3459 2919 3502 l.
2960 3457 2996 3505 l.

1639 3531 1687 3576 p.
1708 3516 1818 3566 515.
1833 3545 1886 3553 —
1905 3519 2203 3568 Waeeliter
2222 3522 2257 3565 l.
2285 3520 2318 3566 l.
2341 3533 2389 3577 p.
2409 3517 2520 3566 174.
2543 3525 2593 3565 et
2613 3518 2999 3578 Emminqliaus

1639 3583 1689 3627 ln
1712 3581 1884 3628 Archiv
1909 3582 1943 3626 f.
1967 3584 2059 3628 civ.
2103 3582 2182 3628 Pr.
2219 3583 2338 3627 xix.
2374 3595 2424 3640 p.
2466 3580 2574 3628 26⁴.
2610 3581 2703 3628 Sed
2748 3581 2998 3640 principiis

1638 3655 1781 3701 supra
1806 3643 1849 3701 (ς
1870 3640 1979 3691 147.
2007 3646 2057 3690 iu
2079 3644 2136 3700 f.)
2176 3646 2341 3701 positis
2363 3646 2605 3691 contraria
2627 3646 2864 3690 sententia
2887 3655 2996 3690 ma-

1635 3708 1708 3764 gis
1732 3717 1835 3752 esse
1858 3707 2151 3753 conveniens
2175 3707 2384 3752 videtur.
2884 3743 2891 3750 .

1699 3770 1745 3827 δ)
1782 3769 1832 3814 L.
1859 3769 1937 3817 21.
1958 3771 1984 3823 S
2004 3765 2053 3815 5.
2079 3770 2131 3815 C.
2156 3768 2224 3815 ae
2248 3771 2456 3816 testam.
2481 3769 2564 3824 (ct.
2587 3769 2639 3814 1..
2660 3766 2711 3814 2.
2737 3769 2791 3813 I).
2812 3766 2882 3814 de
2898 3766 3000 3824 ἰιυ.

1637 3835 1814 3891 rvpm,
1829 3830 1924 3877 [rr.
1939 3829 2294 3889 test.(Xlell.
2306 3829 2713 3889 3.)-Hoepfner
2723 3831 2997 3876 comment.

1639 3891 1791 3952 3405.
1830 3899 1933 3940 not.
1986 3894 2025 3940 l.
2071 3893 2120 3941 2.
2160 3918 2211 3927 -
2251 3892 2496 3941 Auctoris
2534 3894 2722 3940 contin.
2752 3893 2997 3938 xxxviii.

1641 3970 1690 4016 p.
1711 3954 1805 4004 564
1831 3978 1889 3990 -
1913 3954 2025 4003 402.
2048 3958 2149 4014 (ΝΡ.
2176 3956 2253 4012 ll.)
2279 3981 2333 3990 --
2368 3958 2558 4003 Caeter.
2580 3957 2647 4001 ci.
2672 3955 2931 4000 Mar-ezel!
2948 3955 3000 3999 ln

1645 4020 1838 4066 Grolm.
1861 4027 1908 4065 et
1935 4019 2138 4067 Loelirit
2169 4018 2355 4075 Μυκη..
2379 4019 2456 4064 lV.
2483 4032 2530 4076 p.
2553 4015 2660 4063 175.
2686 4028 2762 4063 nr.
2786 4013 2834 4062 4.
2864 4015 3005 4062 Aliud

1646 4084 1795 4129 etiam
1817 4088 2215 4129 testamentorum
2251 4080 2646 4140 imperfectorum
2683 4091 2834 4136 genus
2857 4079 3003 4133 Ryn-

1642 4143 1985 4192 kerslioekz‘us
2011 4144 2144 4198 (obs.
2172 4144 2233 4198 ll,
2257 4144 2305 4190 2.
2327 4148 2343 4202 )
2367 4145 2412 4188 in
2436 4145 2485 4189 L.
2511 4140 2590 4189 59.
2612 4143 2638 4196 3
2660 4143 2706 4188 1.
2733 4142 2786 4187 D.
2809 4139 2875 4186 de
2900 4143 3001 4200 leq.

1645 4209 1722 4254 lll.
1747 4209 2027 4253 delitescere
2040 4206 2130 4252 sibi
2152 4208 2430 4263 persuadet,
2450 4216 2618 4251 eorum
2642 4205 2771 4260 scil.,
2791 4215 2916 4260 quae
2938 4202 3004 4249 ab

1646 4269 1720 4315 bis
1742 4270 1864 4315 liant
1888 4301 1903 4324 ,
1930 4270 2110 4325 quibus
2131 4269 2248 4314 nulli
2272 4269 2365 4314 sint
2389 4279 2476 4313 uec
2514 4269 2651 4312 tiberi
2676 4277 2763 4311 nec
2785 4266 3000 4322 cognati.

1647 4334 1706 4377 At
1726 4343 1873 4389 quam
1898 4335 2028 4376 recte
2044 4333 2065 4376 7
2089 4329 2309 4386 videant,
2326 4341 2438 4376 cum
2467 4330 2551 4388 qui
2573 4331 2633 4376 ad
2656 4328 2777 4374 haec
2811 4326 2957 4372 verba
2986 4343 2998 4372 ε

1648 4408 1673 4435 ιι
1695 4391 1968 4440 arcessitis
1989 4391 2171 4440 amicis
2193 4414 2248 4423 -
2277 4419 2333 4427 -
2362 4414 2419 4423 --
2445 4403 2598 4449 eaque
2618 4392 2746 4436 dicta
2771 4388 2825 4435 in
2850 4391 3007 4435 testa·

1647 4456 1841 4502 le‘onem
1862 4458 2049 4511 Gojum
2070 4456 2247 4516 Saffum
2271 4454 2536 4512 redeqisse
2552 4470 2600 4514 n,
2614 4453 2829 4499 animum
2847 4455 3007 4497 atten-

1649 4520 1844 4574 derint,
1870 4524 1975 4564 tum
2000 4529 2111 4562 vero
2130 4518 2365 4572 maxime,
2387 4518 2469 4573 qui
2489 4524 2670 4562 certam
2687 4514 2799 4572 jure
2817 4514 3005 4560 Pande-

1652 4587 1841 4626 ctarum
1854 4579 2338 4625 fideicommissorum
2354 4580 2561 4625 formam
2573 4580 2760 4626 nullam
2771 4576 3006 4622 constitu-

1649 4647 1748 4689 tam
1774 4654 1876 4689 esse
1900 4641 2258 4700 perpenderint.

1712 4703 1758 4762 4)
1795 4717 1838 4750 c.
1861 4701 1909 4750 4.
1932 4710 1980 4750 et
2002 4704 2077 4749 11.
2103 4704 2161 4749 Χ.
2185 4703 2253 4750 de
2276 4705 2486 4749 testam.
2509 4705 2622 4760 (111,
2644 4699 2745 4758 26.)
2780 4725 2837 4733 —
2870 4701 3007 4755 Quod

1649 4768 1847 4826 quidem
1883 4769 1963 4822 jus
2005 4766 2209 4812 forensis
2247 4776 2363 4811 usus
2402 4767 2694 4812 auctoritate
2729 4764 2790 4810 ad
2843 4763 3007 4810 omnia

1653 4838 1821 4887 postea
1841 4835 2116 4887 porrectum
2140 4832 2214 4874 est
2236 4829 2316 4886 pia
2337 4838 2557 4885 corpora.
2593 4850 2652 4861 -
2685 4828 2762 4875 Cf.
2784 4824 3012 4881 Pseiffei·

210 4892 416 4951 ephem.
447 4894 543 4939 Erl.
571 4893 648 4938 vt.
671 4905 719 4950 p.
744 4893 770 4938 1
795 4902 900 4953 sqq.
927 4893 944 4949 )
980 4918 1039 4927 —-
1074 4894 1331 4939 Caeterum
1353 4904 1380 4937 e
1399 4891 1591 4938 ratione
1654 4898 1809 4951 praet.
1833 4892 2207 4948 Ausfttbruugen
2223 4901 2312 4935 aus
2333 4892 2458 4937 allen
2480 4890 2683 4939 Tbellen
2702 4891 2791 4941 det·
2811 4888 3012 4940 Rechts-

204 4956 337 5014 tegis
373 4956 518 5003 initio
555 4955 706 5002 allata
741 4954 886 5003 tacite
924 4954 1200 5015 collegeris,
1222 4954 1444 5014 rusticis,
1466 4957 1593 5002 tam-

1656 4955 1939 5004 wissensch.
1970 4956 2028 5002 T.
2056 4955 2113 5003 ll.
2139 4966 2189 5014 p.
2211 4949 2305 5001 538
2327 4964 2433 5012 sqq.
2454 4953 2539 5001 Nr.
2558 4954 2617 5000 x.
