3544 5506
737 339 872 381 CAP·
914 338 987 382 n.
1030 339 1107 380 DE
1143 338 1298 381 'URB
1335 337 1767 381 nttnmwxruu
1808 336 2152 380 ulamma
2191 336 2470 384 COHMUN.
2892 325 3003 383 569

198 506 221 579 S
247 505 384 565 623.
417 510 540 566 Vll.
566 508 649 565 De
665 505 929 584 plurium
957 504 1155 582 layum,
1186 510 1252 565 in
1282 503 1520 564 diversis
1559 505 1693 563 Iocis
1728 504 2124 573 obtinentium,
2167 504 2322 563 circa
2370 504 2745 563 hereditarias
2796 521 2998 564 causas

1393 601 1798 680 discrepantia.

280 798 595 875 Quoniam
639 798 720 855 de
753 798 1053 855 universo
1095 794 1285 868 huius
1325 794 1713 867 quaestionis
1761 808 1999 865 genere
2056 792 2255 851 fusius
2306 809 2502 867 supra
2547 794 3005 866 disputavimus

209 898 252 971 (ς
280 896 375 954 72.
418 896 561 964 75.),
585 892 709 952 hoc
729 892 990 966 quidem
1011 891 1075 947 in
1102 892 1249 949 loco
1279 889 1597 964 sufficiat,
1623 896 1697 947 ut
1719 905 1822 956 ea,
1860 904 2027 961 quae
2054 890 2311 962 proprie
2353 890 2674 961 pertinent
2703 891 2784 947 ad
2819 890 3005 948 here-

201 990 454 1053 ditarias
484 1008 736 1060 causas,
758 991 895 1050 sine
920 991 1182 1063 copiosa
1205 996 1733 1061 argumentorum
1755 988 2140 1047 tractatione
2168 989 2447 1047 breviter
2469 991 3003 1062 complectantur.

201 1097 337 1151 lam
360 1107 516 1150 vero
537 1092 660 1149 hoc
679 1096 1014 1163 tamquam
1049 1083 1431 1162 principium
1457 1089 1826 1160 ponendum
1860 1131 1876 1155 ‚
1896 1094 1967 1144 ut
1998 1102 2166 1159 quae
2195 1089 2275 1144 ad
2311 1088 2679 1146 universum
2723 1090 2828 1163 jus
2865 1105 3006 1147 suc-

199 1192 490 1251 cessionis
517 1197 833 1262 spectant,
860 1196 972 1247 aut
1001 1205 1077 1247 ex
1100 1188 1546 1246 defunctorum
1578 1203 1856 1261 persona
1900 1193 2012 1244 aut
2036 1202 2110 1245 ex
2145 1187 2443 1245 universo
2475 1195 3007 1247 testamentorum

194 1288 341 1361 jure
369 1288 834 1361 dijudicentur,
868 1291 1095 1343 contra
1111 1298 1299 1350 ver0,
1331 1298 1496 1355 quae
1526 1284 1605 1340 ad
1636 1282 1916 1354 singulas
1947 1297 2048 1340 res
2071 1284 2170 1340 vel
2194 1297 2417 1341 causas
2440 1327 2455 1352 ,
2489 1299 2565 1341 ea
2598 1291 2905 1355 regantur
2932 1301 3010 1343 ex

203 1387 597 1459 singulorum
630 1381 917 1442 locorum
945 1383 1183 1454 legibus
1214 1384 1263 1458 (§
1284 1383 1384 1440 72.
1412 1389 1549 1440 not.
1576 1383 1637 1439 4.
1666 1387 1732 1439 et
1760 1384 1824 1440 7.
1853 1380 1896 1453 ),
1925 1377 2053 1439 hoc
2078 1388 2271 1454 pacto
2292 1424 2308 1451 ‚
2335 1389 2409 1440 ut
2428 1397 2648 1441 rerum
2676 1386 3009 1457 acquirenae

204 1483 432 1539 darum
482 1479 648 1537 ratio
688 1479 767 1535 ad
814 1475 951 1554 ejus
982 1472 1103 1535 loci
1145 1477 1315 1547 leges
1350 1521 1366 1542 ,
1417 1475 1524 1532 ubi
1566 1470 1724 1532 sitae
1767 1480 1918 1532 sunt
1946 1520 1962 1545 ,
2010 1473 2354 1532 reseranda
2382 1518 2399 1543 ‚
2446 1472 2906 1548 obligationum
2944 1482 3009 1535 et

201 1581 521 1639 actionum
545 1579 648 1653 jus
685 1583 880 1650 atque
915 1591 1065 1634 usus
1098 1590 1176 1632 ex
1216 1575 1289 1632 iis
1324 1576 1535 1647 legum
1578 1573 1942 1647 praeceptis
1965 1567 2375 1632 'aestimanda
2409 1575 2535 1632 sint
2557 1621 2574 1648 ,
2614 1591 2782 1647 quae
2817 1573 3009 1634 etiam

195 1680 338 1738 vivo
373 1677 674 1736 defuncto
705 1676 876 1734 hisce
903 1675 1109 1732 causis
1134 1674 1404 1732 maxime
1441 1674 1867 1732 convenerint
1908 1674 1926 1748 (
1943 1672 1968 1744 §
2004 1673 2134 1744 75.)
2167 1674 2470 1732 Universo
2497 1682 2718 1734 autem
2756 1691 3010 1735 succes-

200 1774 391 1837 sionis
404 1776 536 1850 ,iuri
554 1790 630 1833 ea
645 1774 1036 1845 adsignanda
1059 1778 1234 1841 sunt,
1261 1788 1429 1845 quae
1441 1780 1503 1831 et
1519 1788 1746 1831 causas
1769 1772 2556 1831 attinentdeserendarum
2579 1774 3005 1834 hereditatum

200 1891 495 1950 quaeque
518 1890 595 1933 ex
637 1869 737 1931 bis
769 1873 1054 1946 proxime
1088 1872 1374 1945 pendent
1403 1871 1448 1947 (ς
1479 1873 1623 1950 615.
1644 1871 1689 1946 ),
1731 1879 1799 1930 et
1830 1887 2139 1945 personas
2161 1915 2177 1942 ,
2225 1887 2372 1931 cum
2401 1872 2852 1934 defunctorum
2873 1881 3011 1936 tum

199 1977 542 2042 heredum,
570 1980 634 2032 et
655 1974 948 2031 ordinem
973 1971 1370 2044 modumque
1396 1972 1812 2030 successionis
1829 2013 1846 2038 ,
1878 1972 2157 2044 denique
2189 1967 2728 2044 acquirendarum
2756 1974 3010 2032 heredi·

198 2084 407 2136 tatum
447 2077 805 2141 rationem,
846 2079 986 2131 tum
1037 2073 1228 2130 etiam
1282 2073 1735 2144 acquisitarum
1789 2069 1914 2131 vim
1959 2080 2154 2146 atque
2195 2067 2528 2146 effectum3
2569 2069 2815 2146 reliqua
2857 2090 3011 2134 vero

200 2177 416 2235 omnia
443 2177 508 2233 in
538 2173 933 2245 singularum
962 2185 1301 2229 causarum
1341 2187 1615 2231 numero
1656 2173 1975 2232 habenda.
2021 2172 2219 2244 Igitur
2246 2169 2296 2246 Ι)
2338 2171 2446 2246 jus
2474 2169 2888 2233 successionis
2928 2175 3012 2232 ab

199 2278 504 2335 intestato
523 2316 539 2342 ‚
571 2288 718 2332 cum
742 2270 1092 2331 universim
1119 2276 1260 2328 tum
1291 2287 1418 2344 qua
1442 2278 1691 2343 spectat
1719 2273 1801 2330 ad
1826 2272 2120 2330 ordinem
2144 2286 2222 2329 ac
2249 2272 2513 2331 modum
2546 2269 2962 2332 successionis
2988 2317 3007 2342 ‚

199 2392 280 2436 ex
301 2372 375 2435 iis
416 2370 663 2446 legibus
680 2367 1045 2448 judicetur,
1079 2386 1246 2443 quae
1274 2366 1339 2429 in
1369 2371 1651 2430 defuncti
1683 2387 2028 2444 personam
2050 2415 2066 2440 ,
2099 2386 2182 2430 eo
2211 2377 2504 2443 tempore
2523 2411 2540 2437 ‚
2559 2388 2690 2445 quo
2716 2380 3010 2432 mortuus

200 2478 331 2544 est,
378 2474 821 2530 convenerunt
867 2464 933 2540 ¹),
981 2462 1042 2525 id
1089 2472 1219 2535 est,
1254 2473 1368 2524 aut
1397 2482 1471 2525 ex
1508 2464 1807 2527 domicilii
1844 2468 2024 2541 jure,
2077 2473 2222 2534 aut,
2271 2467 2320 2524 si
2350 2468 2598 2525 nullum
2641 2469 2748 2527 ille
2786 2470 3012 2527 habuit

198 2567 589 2627 domicilium
611 2606 627 2632 ‚
651 2580 727 2623 ex
756 2562 894 2639 eius
925 2562 1081 2636 loci,
1113 2577 1245 2635 quo
1275 2563 1403 2621 vita
1433 2562 1693 2622 functus
1719 2569 1817 2622 est
1846 2559 1914 2637 ²),
1945 2569 2059 2621 aut
2079 2578 2156 2621 ex
2181 2577 2259 2622 eo
2279 2605 2297 2631 ‚
2328 2564 2429 2621 cui
2461 2570 2727 2635 propter
2756 2567 3011 2637 privile-

194 2662 368 2735 gium
385 2663 707 2737 subjectus
723 2665 864 2717 erat
881 2659 1221 2717 defunctus
1234 2654 1302 2730 δ),
1317 2659 1450 2718 scil.
1475 2661 1653 2718 nullo
1670 2675 1890 2718 rerum
1908 2659 2324 2716 immobilium
2342 2659 2559 2718 habito
2571 2656 3005 2734 discrimine⁴).

118 2741 131 2746 ’
200 2759 441 2836 Quodsi
470 2764 579 2816 aut
607 2758 686 2815 de
709 2755 969 2826 singulis
995 2755 1187 2812 rebus
1223 2756 1630 2828 acquirendis
1662 2749 2000 2828 quaeritur
2019 2800 2035 2826 ,
2090 2762 2200 2814 aut
2238 2757 2573 2827 singularis
2597 2759 3010 2817 successionis

198 2854 365 2913 ratio
392 2854 581 2912 certis
612 2867 828 2909 rerum
856 2849 1195 2922 generibus
1221 2851 1567 2909 constituta
1592 2856 1687 2910 est
1716 2891 1731 2917 ‚
1768 2852 1944 2910 velut
1967 2850 2031 2908 in
2062 2850 2264 2909 feudis
2281 2895 2296 2919 ‚
2321 2851 2473 2924 jura
2497 2869 2716 2911 rerum
2742 2855 3007 2912 sitarum

198 2964 318 3021 per
339 2949 557 3007 omnia
594 2947 944 3019 spectanda
969 2952 1161 3004 erunt
1186 2944 1242 3020 (§
1273 2948 1374 3003 72.
1407 2952 1543 3004 not.
1577 2947 1632 3004 7.
1669 2946 1733 3003 in
1763 2945 1807 3003 1“.
1831 2944 1873 3019 ).
1921 2945 1996 3019 11)
2027 2948 2566 3006 Testamentariae
2595 2950 3010 3009 successionis

190 3046 299 3120 jus
331 3059 413 3103 eo
457 3044 860 3110 continetur,
892 3047 967 3098 ut
998 3041 1203 3100 forma
1225 3041 1485 3113 quidem
1514 3046 2044 3100 testamentorum
2074 3041 2155 3098 ad
2183 3041 2321 3115 ejus
2365 3043 2485 3101 1οοί
2500 3043 2652 3115 jura
2672 3088 2687 3111 ,
2721 3039 2827 3101 ubi
2854 3060 3011 3103 con-

197 3142 374 3198 ditur
409 3142 903 3209 testamentum,
948 3133 1278 3207 dirigenda
1307 3143 1504 3206 atque
1535 3137 1929 3194 aestimanda
1976 3137 2035 3211 (3
2085 3137 2187 3194 75.
2220 3143 2350 3194 not.
2404 3134 2479 3195 10
2523 3170 2601 3181 —-
2643 3137 2775 3201 15.)
2804 3140 3008 3201 omnis

195 3256 354 3300 vero
385 3241 633 3313 reliqua
679 3238 868 3312 hujus
897 3237 1054 3311 juris
1101 3232 1394 3308 quaestio
1440 3252 1523 3294 ex
1564 3234 1638 3295 iis
1684 3237 1958 3308 legibus,
1999 3237 2226 3309 quibus
2267 3233 2399 3310 ipse
2436 3238 2699 3297 obedire
2747 3254 3008 3298 necesse

196 3337 418 3395 habuit
447 3334 819 3403 defunctus,
869 3328 1685 3405 plerumquedijudicanda
1713 3333 2041 3397 sit‚‘velut
2074 3333 2664 3403 testamentisactiO,
2696 3340 2762 3393 et
2802 3337 3008 3395 activa

195 3443 264 3495 et
293 3435 539 3510 passiva
561 3478 579 3509 ,
604 3441 677 3492 ut
703 3439 942 3493 vocant
959 3479 975 3505 ‚
1004 3438 1141 3490 tum
1159 3429 1263 3507 jus
1286 3447 1725 3492 successorum
1751 3433 2258 3491 necessariorum
2284 3473 2300 3500 ‚
2332 3439 2398 3491 et
2414 3434 2464 3491 si
2492 3449 2656 3506 quae
2678 3440 2829 3492 sunt
2856 3436 3004 3507 alia,

193 3547 365 3605 quae
386 3532 468 3589 ad
493 3529 971 3589 universitatem
986 3526 1401 3587 successionis
1430 3527 1654 3586 referri
1671 3528 2015 3587 conveniat
2044 3529 2104 3606 (ς
2137 3530 2235 3587 72.
2267 3536 2402 3587 not.
2440 3531 2499 3588 7.
2532 3525 2682 3597 875.
2718 3537 2851 3588 not.
2888 3532 3000 3602 9.).

191 3622 370 3702 Quid
391 3632 416 3684 ἓ
449 3627 623 3700 quod
654 3620 846 3684 etiam
878 3624 1194 3683 successio
1226 3624 1289 3682 in
1321 3618 1676 3695 singulares
1707 3640 1809 3682 res
1829 3666 1846 3698 ‚
1884 3624 2060 3696 quod
2094 3624 2351 3696 quidem
2380 3624 2608 3682 attinet
2644 3626 2726 3682 ad
2757 3627 3006 3697 legandi

190 3728 501 3796 formam,
533 3728 611 3784 ad
645 3740 864 3784 eamve
893 3725 1355 3797 quaestionem,
1385 3741 1539 3783 num
1562 3726 1640 3783 sit
1670 3725 2034 3783 testamenti
2054 3722 2247 3784 factio
2278 3741 2425 3784 cum
2450 3721 2549 3794 iis,
2578 3721 2686 3798 qui
2711 3741 2790 3785 eo
2813 3729 3008 3786 modo

190 3825 577 3891 succedant,
630 3822 917 3881 similiter
964 3821 1202 3892 pendet
1230 3836 1305 3879 ex
1347 3820 1644 3879 universo
1672 3826 2208 3879 testamentorum
2228 3818 2374 3896 jure
2397 3818 2446 3895 (S
2472 3821 2664 3893 615.).
2699 3823 3008 3900 Quemad-

192 3921 462 3978 modum
488 3926 701 3976 autem
731 3917 1016 3988 singulae
1037 3931 1137 3974 res
1165 3931 1298 3974 non
1326 3917 1750 3988 acquiruntur
1768 3956 1785 3984 ‚
1812 3930 1931 3974 nec
1955 3911 2207 3988 heredi,
2233 3933 2355 3975 nec
2380 3918 2450 3975 iis
2469 3960 2486 3992 ‚
2510 3914 2617 3989 qui
2645 3919 3004 3991 singulatim

188 4017 576 4088 succedant,
606 4014 721 4072 nisi
749 4028 825 4071 ex
861 4028 1084 4070 earum
1114 4013 1323 4083 legum
1369 4013 1753 4071 auctoritate
1772 4055 1790 4086 ,
1825 4028 1991 4085 quae
2021 4015 2255 4086 scripta
2284 4021 2432 4072 sunt
2462 4015 2556 4073 his
2585 4017 2776 4074 rebus
2801 4017 2849 4089 ⁵)
2879 4017 3007 4074 :sic

188 4117 441 4175 nullam
485 4129 623 4173 esse
667 4112 963 4171 testatori
1018 4113 1334 4170 statuendi
1381 4112 1868 4171 facultatem'de
1915 4113 1986 4170 iis
2013 4113 2228 4188 bonis,
2272 4110 2502 4186 quibus
2533 4116 2867 4188 singularis
2895 4122 3008 4175 aut

186 4215 335 4287 lege
358 4214 703 4273 constituta
732 4217 828 4270 est
854 4206 1268 4270 successionis
1299 4211 1482 4280 ratio,
1506 4218 1732 4284 sponte
1767 4207 2165 4283 intelligitur.

792 4405 818 4459 ς
850 4402 964 4451 623.
1702 4400 1751 4459 ⁴)
1786 4406 1812 4460 s
1834 4400 1917 4451 72.
1942 4413 2044 4450 not.
2070 4403 2121 4452 7.
2148 4404 2263 4451 add.
2283 4404 2704 4460 Parendorfobs.
2730 4408 2746 4452 l
2773 4440 2788 4464 ,
2828 4402 2910 4451 28.
2946 4430 3007 4439 -

1641 4463 1858 4523 Glia‘ckil.
1885 4466 1919 4512 l.
1946 4479 1993 4525 p.
2013 4466 2281 4514 162-164.

251 4529 301 4584 1)
340 4529 508 4578 6ΙᾶοΚ
552 4526 984 4585 intestaterbfolge
1026 4527 1142 4586 (ed.
1167 4528 1214 4573 2.
1238 4529 1255 4584 )
1296 4538 1345 4585 p.
1389 4523 1481 4572 159
1508 4550 1569 4559 —
1695 4528 1745 4585 5)
1778 4529 2037 4575 Caeterum
2090 4541 2259 4575 earum
2303 4541 2497 4587 qnoque
2552 4541 2714 4576 rerum
2739 4564 2753 4587 ,
2797 4541 3007 4588 quarum

186 4589 307 4637 161.
1633 4591 1983 4636 commercium
2007 4603 2103 4637 non
2127 4591 2279 4637 babet
2317 4592 2458 4638 heres
2483 4624 2499 4647 ‚
2532 4597 2696 4637 tamen
2721 4625 2735 4647 ,
2766 4604 2879 4638 cum
2921 4605 3007 4651 per

249 4655 303 4708 2)
340 4653 504 4700 Gltick
526 4652 560 4698 l.
584 4652 618 4698 Ι.
660 4668 692 4698 ι.
717 4651 830 4701 166.
852 4663 926 4709 η.
953 4650 1038 4709 (οέ.
1060 4654 1249 4710 supi-as
1275 4648 1383 4698 195.
1409 4652 1460 4698 in
1489 4650 1545 4705 f.)
1640 4654 2007 4698 universitatem
2020 4654 2081 4698 ad
2104 4664 2217 4698 enm
2243 4659 2494 4699 transeant
2514 4653 2584 4709 (L.
2607 4652 2688 4699 62.
2716 4654 2769 4699 D.
2791 4654 2931 4701 dea.
2956 4667 3002 4702 r.

251 4715 304 4774 5)
341 4665 657 4768 Pufendor)
687 4716 791 4761 obs.
828 4715 936 4769 jur.
987 4715 1121 4760 univ.
1164 4715 1215 4772 1,
1244 4711 1324 4759 27.
1344 4738 1401 4748 —·
1424 4712 1578 4761 Koch
1638 4713 1690 4759 d.
1717 4715 1817 4759 XLI
1840 4747 1854 4768 ,
1879 4712 1922 4760 1.
1947 4716 1997 4774 ),
2022 4716 2228 4772 pretium
2250 4716 2342 4761 sibi
2368 4716 2582 4772 recipere
2603 4721 2797 4776 potest,
2825 4718 3006 4776 quippe

182 4789 399 4825 success.
425 4777 489 4824 ab
513 4777 679 4825 intest.
705 4778 800 4835 (ed.
824 4774 896 4839 8.)
924 4790 971 4837 p.
993 4773 1056 4823 55
1075 4789 1181 4835 sqq.
1206 4801 1263 4809 —
1286 4776 1447 4825 <2112ch
1470 4778 1502 4823 l.
1530 4777 1559 4820 Ι.
1640 4776 1768 4833 quod
1815 4777 1958 4822 simili
2004 4777 2054 4822 in
2089 4787 2236 4823 causa
2277 4779 2427 4824 etiam
2451 4779 2694 4834 legatariis
2731 4779 2963 4826 tribuitur
2988 4791 3000 4822 ε

182 4854 234 4899 p.
264 4837 381 4887 165.
407 4851 521 4898 sqq.
1643 4839 1693 4884 L.
1720 4836 1798 4884 40.
1826 4839 1878 4884 D.
1910 4839 1960 4885 Ι..
1988 4835 2096 4886 114.
2121 4836 2215 4895 55.
2239 4841 2292 4886 D.
2314 4839 2564 4899 deleq.1.

2607 5022 2684 5079 72
