3544 5506
542 319 654 373 5:50
1044 331 1195 374 uas
1235 333 1400 374 sanct.
1444 334 1562 375 ua.
1602 333 1693 375 tv.
1734 334 1813 376 »Β
1849 334 2004 376 suaa
2042 335 2373 377 Βοιωτίου
2411 336 2482 377 ετ
2520 337 2837 380 rursum.

1760 492 1995 548 CAPUT
2036 492 2139 548 111.

1586 678 1674 721 'DE
1712 679 1941 721 'rmum
1987 681 2064 722 ΕΤ
2105 681 2288 722 CURA-

534 852 696 901 Pauli
717 853 963 901 Montani
983 855 1070 913 Tr.
1090 854 1278 910 dejure
1302 854 1500 901 tutelar.
1525 858 1575 900 et
1595 854 1927 901 curationum.
1953 854 2074 913 llag.
2112 853 2254 903 1056.
2274 851 2324 902 8.
2352 878 2415 889 -
2433 857 2492 902 J.
2519 859 2587 904 Η.
2611 859 2808 906 Hetaer-
2825 861 2882 907 D.
2901 862 2962 908 ad
2986 861 3040 907 1..
3064 860 3346 907 Laetoriam.

598 934 726 992 Lips.
751 932 897 983 1749.
915 937 987 992 (et
1006 934 1055 980 in
1077 932 1424 992 reiterabat-qil
1440 933 1648 992 jurispr.
1673 939 1777 981 ant.
1800 936 1838 980 ll
1855 967 1871 991 ,
1893 934 2028 992 21.).
2049 957 2109 967 -—
2128 936 2185 981 J.
2239 937 2292 981 Y.
2326 933 2509 994 Seqeri
2542 936 2743 983 historia
2776 938 2907 992 juris
2936 940 3146 986 Romani
3176 939 3349 986 liberae

595 1011 897 1069 reipublicae
920 1013 980 1058 de
1001 1012 1169 1057 tutelis
1187 1015 1235 1056 et
1257 1010 1554 1057 curationib.
1581 1011 1709 1068 Lips.
1735 1008 1878 1057 1760.
1903 1010 2032 1068 (etin
2047 1021 2221 1069 opusc.
2243 1022 2269 1056 a
2291 1010 2529 1059 litabat-0
2547 1011 2669 1058 edit.
2692 1014 2789 1061 Erl.
2816 1012 2956 1062 1788.
2979 1016 3087 1061 Vol.
3110 1017 3150 1061 l.
3174 1016 3255 1061 Nr.
3277 1016 3349 1070 ll.)

596 1091 785 1147 Ejusd.
812 1091 973 1137 brevis
996 1102 1226 1137 curarum
1249 1089 1472 1136 historia.
1499 1090 1628 1148 Lips.
1651 1087 1794 1137 1⁷63.
1819 1091 1899 1141 (et
1923 1091 1971 1136 in
1994 1101 2161 1147 opusc.
2187 1091 2291 1136 Vol.
2316 1090 2354 1136 l.
2378 1091 2461 1135 Nr.
2488 1091 2566 1136 lll.
2586 1091 2623 1145 ).
2648 1114 2708 1124 --
2731 1094 2797 1138 A.
2826 1095 2895 1139 A.
2921 1095 2978 1140 F.
3002 1094 3244 1149 Rudorff
3268 1096 3348 1139 das

597 1166 846 1212 Rechtder
861 1165 1273 1213 Vormuudschaft
1309 1177 1395 1212 aus
1414 1166 1509 1210 den
1528 1165 1783 1222 gemeinen
1807 1164 1858 1211 in
1883 1163 2206 1210 Deutschland
2226 1166 2487 1223 geltenden
2507 1166 2720 1213 Rechten
2748 1167 3049 1215 entwickelt.
3064 1170 3125 1217 Τ.
3146 1171 3164 1216 Ι
3189 1195 3246 1204 -
3270 1173 3345 1219 ΙΙΙ.

597 1243 775 1289 Berlin.
800 1239 924 1288 1852
948 1267 1009 1277 —·
1030 1239 1172 1289 ¹83⁴.
1196 1240 1247 1289 8.

1107 1406 1134 1479 §
1152 1405 1230 1464 57
1235 1405 1300 1463 6.
1323 1401 1629 1481 Principia
1648 1399 2008 1479 generaliora
2026 1408 2080 1461 et
2099 1402 2273 1461 totius
2300 1401 2406 1461 lom·
2424 1403 2776 1463 constitutio.

615 1600 862 1667 Tutela,
887 1596 1077 1655 latius
1097 1596 1356 1669 quidem
1380 1599 1648 1667 accepto
1670 1592 2014 1666 vocabulo,
2044 1600 2142 1652 est
2162 1609 2393 1652 munus
2406 1601 2603 1667 atque
2624 1596 2930 1673 officium,
2952 1599 3343 1671 privatorum

531 1702 647 1753 aut
670 1696 953 1768 personis
986 1701 1104 1752 aut
1128 1696 1320 1751 rebus
1348 1693 1602 1750 tuendis
1644 1687 2078 1763 curandisque
2108 1693 2362 1764 publica
2408 1695 2794 1752 auctoritate
2825 1693 3246 1756 constitutum
3274 1715 3344 1757 ac

530 1800 917 1868 susceptum.
954 1793 1227 1867 Eiusque
1256 1788 1541 1849 muneris
1569 1792 1804 1864 duplex
1827 1799 1922 1849 est
1949 1806 2268 1850 summum
2296 1807 2496 1864 genus
2525 1812 2543 1850 ε
2573 1809 2773 1852 unum
2799 1797 3042 1855 tutelae
3061 1840 3080 1870 ,
3112 1804 3188 1855 ut
3212 1799 3343 1870 qui-

528 1893 678 1951 dem
719 1908 872 1965 prae
917 1891 1187 1951 caeteris
1217 1898 1492 1949 vocatur
1520 1893 1730 1963 (§seq.
1753 1895 1802 1958 );
1834 1891 2112 1948 alterum
2140 1905 2339 1948 curae
2362 1932 2380 1963 ,
2407 1886 2693 1963 itemque
2720 1907 2880 1950 cura
2909 1901 3025 1951 aut
3051 1909 3346 1967 persona·

531 2005 677 2049 rum
706 1998 802 2049 est
829 1998 945 2050 aut
968 2006 1187 2050 rerum
1213 2005 1269 2048 s.
1294 1989 1640 2047 bonorum.
1667 1992 1870 2061 Atque
1891 1989 2041 2047 olim
2062 1985 2319 2062 quidem
2345 1997 2605 2061 praeter
2627 1991 3035 2063 impuberum
3061 1996 3339 2059 tutelam,

533 2086 687 2143 item
718 2086 1142 2145 foeminarum
1163 2130 1179 2154 ‚
1209 2099 1378 2156 quae
1407 2089 1626 2141 tamen
1653 2084 1734 2139 ab
1766 2098 1886 2140 usu
1918 2084 2314 2156 pedetentim
2347 2083 2708 2161 recessit·¹),
2739 2102 2872 2144 non
2901 2087 3022 2144 nisi
3051 2089 3220 2147 duae
3244 2105 3342 2146 cu·

525 2199 746 2242 rarum
772 2186 1015 2259 species
1036 2228 1052 2255 ,
1078 2183 1467 2242 furiosorum
1494 2189 1560 2239 et
1584 2178 2002 2254 prodigorum
2024 2223 2040 2249 ‚
2075 2184 2247 2255 apud
2274 2181 2604 2242 Romanos
2627 2186 2899 2243 usitatae
2925 2192 3137 2245 erant.
3169 2186 3346 2246 Prae-

525 2286 707 2338 terea
736 2280 939 2339 omnis
970 2280 1065 2337 rei
1110 2279 1402 2336 tutelaris
1439 2278 1793 2335 auctoritas
1824 2283 1967 2335 erat
2005 2278 2176 2350 apud
2211 2284 2427 2350 patres
2452 2321 2467 2346 ‚
2501 2286 2797 2351 agnatos,
2830 2282 3102 2351 gentiles
3123 2325 3141 2352 ,
3179 2285 3344 2340 nulla

527 2380 996 2451 propemodum
1028 2379 1201 2450 apud
1228 2376 1633 2446 magistratus
1660 2371 1726 2441 ²).
1757 2378 1829 2433 At
1854 2391 1985 2434 non
2010 2377 2206 2434 modo
2236 2377 2397 2435 aliae
2428 2384 2838 2436 accesserunt
2865 2395 3065 2438 curae
3093 2384 3339 2453 species,

526 2474 702 2530 velut
730 2474 1051 2531 minorum
1078 2482 1099 2544 t
1130 2478 1308 2549 §seq
1333 2481 1372 2544 ),
1407 2485 1632 2528 verum
1664 2464 1857 2528 etiam
1898 2485 2162 2544 prorsus
2190 2485 2357 2528 nova
2387 2471 2597 2530 bacin
2629 2488 2700 2531 re
2725 2475 3060 2546 paullatim
3091 2476 3342 2534 invaluit

525 2572 693 2629 ratio
714 2614 730 2646 ‚
760 2572 933 2629 haud
962 2574 1050 2628 ita
1082 2572 1355 2628 multum
1397 2570 1706 2627 recedens
1742 2570 1825 2625 ab
1853 2584 1928 2627 ea
1953 2610 1969 2637 ,
2010 2585 2139 2642 qua
2174 2571 2419 2627 utimur
2451 2571 2515 2627 in
2549 2569 2703 2628 foris
2729 2573 2986 2631 nostris.
3018 2575 3174 2630 Nam
3203 2589 3337 2632 cum

525 2665 802 2741 primum
826 2670 1069 2740 legibus
1102 2676 1361 2728 cautum
1393 2675 1557 2726 esset
1575 2713 1590 2738 ,
1616 2674 1688 2723 ut
1713 2672 1995 2726 tutorem
2023 2683 2158 2726 non
2190 2667 2447 2726 babenti
2476 2673 2656 2726 tutor
2683 2685 2721 2727 a
2747 2671 3129 2743 magistratu
3159 2675 3333 2730 dare-

523 2774 635 2825 tur
655 2811 671 2836 ,
703 2769 1000 2840 idemque
1026 2770 1216 2826 etiam
1244 2769 1306 2825 in
1333 2764 1404 2825 iis
1435 2768 1761 2825 observari
1783 2774 2006 2840 postea
2033 2767 2373 2840 placuisset
2394 2814 2410 2837 ,
2436 2783 2715 2840 quorum
2738 2775 2988 2827 tutores
3015 2772 3117 2828 vel
3141 2769 3336 2829 idonei

525 2878 657 2921 non
695 2870 907 2922 essent
938 2861 1209 2934 negotiis
1256 2864 1590 2936 gerendis,
1635 2864 1733 2920 vel
1772 2863 1908 2920 aliis
1954 2864 2036 2920 de
2079 2863 2285 2920 causis
2318 2863 2400 2919 ab
2445 2863 2634 2921 officii
2666 2864 2760 2921 sui
2800 2863 3339 2926 administratione

522 2956 991 3030 impedirentur
1010 2955 1057 3030 ὅ>
1084 2978 1099 3014 :
1124 2974 1206 3017 eo
1236 2958 1466 3016 sensim
1501 2964 1884 3029 perventum
1907 2963 2040 3023 est,
2073 2963 2145 3013 ut
2172 2972 2390 3014 rerum
2415 2955 2783 3016 tutelarium
2811 2955 2978 3017 ratio
3003 2961 3068 3017 in
3098 2976 3332 3025 eorum,

523 3057 632 3129 qui
656 3058 775 3114 sub
804 3058 1005 3115 tutela
1033 3059 1134 3115 vel
1164 3057 1282 3114 sub
1313 3072 1471 3115 cura
1497 3063 1742 3131 essent,
1777 3057 1983 3113 salute
2015 3062 2209 3128 atque
2240 3055 2513 3113 ulilitate
2541 3057 2746 3128 posita
2769 3072 2908 3115 esse
2935 3064 3079 3116 tota
3105 3060 3333 3118 videre-

521 3162 645 3213 tur.
682 3155 859 3214 Unde
877 3158 1069 3214 etiam
1095 3155 1333 3215 iactum
1358 3162 1490 3224 est,
1513 3171 1659 3212 cum
1689 3160 1763 3212 ut
1794 3154 1968 3212 omni
1998 3153 2137 3212 fere
2170 3169 2246 3211 ex
2273 3159 2460 3229 parte
2478 3169 2820 3227 supremae
2854 3158 3332 3228 magistratuum

522 3256 891 3313 auctoritati
914 3250 1140 3328 subjici
1164 3254 1498 3327 coeperint
1521 3255 1762 3312 tutelae
1785 3249 1851 3322 ⁴),
1882 3260 2021 3311 tum
2046 3268 2204 3311 vero
2227 3254 2334 3311 illo
2352 3249 2527 3326 fungi
2558 3270 2827 3313 munere
2859 3256 2942 3312 ad
2973 3272 3164 3315 suum
3187 3272 3336 3330 quo·

520 3354 818 3411 rumdam
847 3348 1178 3412 hominum
1198 3352 1298 3426 jus
1327 3352 1551 3410 referri
1580 3368 1789 3424 paene
1810 3349 2101 3423 desierit,
2134 3360 2360 3425 utpote
2386 3353 2491 3410 cui
2530 3354 2728 3425 magis
2749 3363 3147 3427 congrueret
3165 3353 3337 3413 oneris

522 3466 758 3510 nomen
787 3448 850 3518 ⁵).
880 3453 1040 3510 Sunt
1067 3451 1323 3526 quidem
1346 3495 1361 3521 ,
1395 3459 1469 3509 ut
1492 3458 1634 3509 erat
1663 3451 1729 3509 in
1760 3448 2205 3509 Romanorum
2231 3465 2413 3509 more
2433 3492 2452 3519 ,
2485 3451 2728 3522 pristini
2745 3452 2909 3524 juris
2937 3454 3128 3524 quasi
3155 3468 3337 3525 quae—

522 3551 671 3607 dam
688 3550 945 3621 vestigia
962 3551 1183 3609 relicta
1207 3593 1223 3618 ,
1256 3565 1425 3623 quae
1456 3552 1808 3608 etiamnum
1835 3550 2161 3608 observari
2191 3550 2536 3610 conveniat
2564 3556 2892 3623 tamquam
2923 3547 3268 3623 principia,
3299 3565 3337 3606 a

524 3649 754 3721 quibus
785 3651 1114 3708 discedere
1151 3651 1472 3724 judicibus
1501 3666 1634 3708 non
1674 3651 1896 3723 liceat,
1940 3644 2059 3706 nisi
2105 3654 2218 3705 aut
2253 3664 2329 3707 ex
2367 3650 2763 3707 necessitatis
2808 3649 3102 3717 ratione,
3134 3654 3241 3707 aut
3265 3664 3339 3706 ex

525 3748 950 3821 peculiaribus
972 3749 1134 3823 juris
1167 3744 1368 3808 nostri
1406 3756 1744 3809 auctorum
1775 3749 2079 3814 decretis,
2110 3744 2377 3820 pristino
2399 3747 2528 3819 juri
2571 3749 2950 3805 nominatim
2981 3748 3341 3820 deroganti-

524 3846 644 3902 bus
671 3842 736 3916 θ).
772 3849 854 3903 Ac
882 3847 1302 3918 caeteroquin
1333 3852 1616 3918 potestas
1649 3848 1756 3904 illa
1783 3851 1978 3918 atque
2003 3845 2387 3916 auctoritas,
2420 3859 2580 3917 qua,
2610 3845 2720 3917 qui
2746 3852 2971 3903 tenent
2999 3847 3063 3903 in
3096 3845 3340 3904 civitate

520 3943 1033 4016 jurisdictionem
1058 3987 1075 4013 ‚
1106 3945 1298 4001 etiam
1336 3945 1399 4001 in
1431 3946 1636 4004 causis
1668 3944 2070 4016 negotiisque
2108 3944 2366 4015 privatis
2399 3949 2627 4015 sponte
2666 3939 3067 4016 prospiciant
3095 3944 3200 4014 iis,
3232 3943 3338 4015 qui
3371 3976 3386 3987 κ

525 4056 595 4099 se
621 4042 735 4115 ipsi
763 4044 929 4103 tueri
962 4058 1040 4102 ac
1062 4043 1408 4103 defendere
1441 4050 1808 4119 nequeunt,
1844 4059 1988 4103 eam
2031 4043 2308 4115 denique
2328 4087 2345 4113 ‚
2386 4057 2580 4116 quam
2612 4038 2703 4099 die
2733 4036 3345 4115 Obervomundscbat't

1128 4249 1155 4303 s
1185 4243 1298 4294 1576.
1966 4244 2141 4294 (εί-’.Ιώ
2155 4247 2262 4293 eod.
2280 4247 2474 4293 Nr.xll.
2493 4259 2543 4305 p.
2559 4244 2672 4294 407.
2683 4252 2786 4293 not.
2801 4246 2821 4293 1
2834 4278 2847 4292 .
2870 4249 2921 4292 et
2938 4245 3153 4293 lsi-‚xm
3170 4244 3341 4303 pstea.

1970 4370 1985 4424 (
2030 4308 2079 4413 ᾖ)
2110 4310 2221 4366 Ulp.
2251 4312 2328 4356 Fr.
2351 4310 2432 4354 xl.
2453 4312 2480 4366 ς
2497 4306 2562 4365 18
2586 4333 2646 4343 -
2670 4309 2752 4356 22.
2799 4333 2857 4343 -
2894 4310 2945 4354 l..
2969 4306 3047 4355 17.
3073 4309 3129 4355 Ι).
3151 4307 3222 4355 de
3241 4313 3339 4355 ent.

591 4428 638 4485 1)
675 4429 794 4484 Gale·
813 4428 926 4475 inst.
943 4428 1144 4486 1.sl57.
1167 4429 1277 4477 171.
1292 4429 1466 4477 100.-
1482 4432 1694 4490 Ulpiani
1706 4436 1905 4491 Fragm.
2033 4428 2080 4488 4)
2102 4432 2156 4477 V.
2179 4371 2299 4478 e.)L.
2319 4430 2398 4478 10.
2417 4431 2544 4478 ude
2555 4432 2796 4489 confirm.
2820 4435 2918 4479 lut.
2941 4431 3344 4486 velenenmvl,

528 4491 608 4534 xl.
631 4490 658 4543 s
684 4489 728 4537 1.
760 4495 809 4535 et
830 4489 880 4535 8.
904 4491 967 4523 '-—-
988 4492 1057 4537 de
1088 4493 1324 4552 Saquny
1369 4496 1514 4540 Beitr.
1563 4508 1609 4542 1.
1652 4495 1823 4543 Gesch.
1855 4495 1905 4540 d.
1971 4493 2160 4549 3.)-1..
2183 4496 2228 4540 1.
2249 4494 2405 4552 pudo
2422 4493 2721 4541 administra
2745 4497 2846 4541 tut.
2872 4493 3343 4551 (xxvl,7.)-l..22.

528 4551 966 4598 Geschleehtstutel
1011 4552 1265 4607 (zeitschr.
1313 4556 1351 4601 1.
1392 4557 1680 4613 geschichtl.
1726 4558 1781 4603 R.
1827 4559 1909 4602 W.
1974 4555 2026 4601 C.
2043 4553 2157 4601 aod.
2184 4557 2266 4610 (V.
2284 4553 2458 4611 5⁷.)-
2477 4557 2527 4601 1..
2554 4558 2603 4603 5.
2628 4557 2654 4609 S
2676 4553 2726 4602 ⁴.
2750 4557 2806 4602 D.
2825 4556 2896 4602 de
2917 4558 3149 4611 suspect.
3170 4557 3274 4601 tut.
3296 4558 3349 4601 et

531 4614 590 4659 Τ.
617 4614 695 4659 lll.
718 4612 1166 4671 Nr.10.).-Loehr
1185 4618 1245 4663 de
1270 4620 1380 4665 eod.
1406 4631 1594 4676 argum.
1616 4619 1909 4676 (Magum.
1973 4629 2089 4664 cur.
2112 4617 2295 4675 (ΧΧἫ,
2318 4618 2417 4673 10.)

527 4674 611 4720 Nr.
635 4673 1056 4732 13.).—Rudorff
1069 4679 1127 4723 T.
1150 4680 1186 4723 l.
1213 4680 1239 4735 S
1263 4676 1309 4723 6.
2038 4677 2086 4734 5)
2107 4677 2179 4722 Cl‘.
2209 4681 2286 4725 tit.
2312 4680 2429 4724 lust.
2453 4676 2520 4726 de
2544 4677 2844 4738 teynpatr.
2868 4680 2967 4725 ent.

593 4736 641 4788 2)
683 4737 797 4793 Uip.
821 4738 896 4783 Fr.
922 4740 1003 4784 xl.
1027 4737 1216 4794 ς14.-
1246 4740 1464 4788 Cic.inv.
1490 4743 1549 4796 ll,
1571 4740 1805 4795 50.-Ε]·.
1829 4752 1902 4786 or.
2038 4740 2087 4797 6)
2107 4739 2216 4787 vid.
2243 4752 2288 4787 v.
2311 4752 2356 4788 c.
2382 4741 2510 4788 inl-'ra
2532 4742 2582 4786 l..
2609 4740 2686 4787 12.
2711 4742 2762 4786 D.
2788 4739 2859 4786 de
2879 4743 2997 4789 test.
3029 4739 3128 4786 tue.
3154 4739 3348 4796 (xxvi,

528 4808 618 4855 pro
640 4798 761 4844 Mur.
787 4811 830 4843 c.
857 4800 936 4846 12.
959 4801 1041 4845 Or.
1061 4814 1151 4859 pro
1173 4802 1338 4849 flacco
1354 4816 1398 4849 c.
1423 4801 1684 4850 5⁴.—1;1v.
1701 4804 1910 4858 xxxlv,
1975 4800 2044 4858 2.)
2069 4826 2122 4835 --
2150 4804 2199 4848 1..
2226 4800 2275 4847 ὅ.
2297 4805 2349 4849 D.
2376 4803 2443 4850 de
2462 4802 2702 4859 confina.
2723 4802 2861 4859 tutfi(
2883 4802 3028 4849 11le
3045 4802 3124 4863 ,3.
3151 4802 3168 4857 )
3193 4826 3250 4835 -
3272 4802 3350 4847 cf.

526 4857 742 4917 2.—-(Cl¹.
764 4865 811 4907 et
830 4858 1333 4917 noum—demetit·
1352 4866 1534 4922 Magat.
1561 4866 1734 4916 lll.Nr.
1758 4867 1793 4910 l.
1818 4867 1844 4920 3
1866 4861 1909 4911 1.
1979 4865 2031 4912 l..
2057 4863 2130 4913 10.
2157 4863 2276 4911 eod.
