3544 5506
493 324 604 381 182

492 446 858 506 infertorem
884 487 902 519 ,
954 444 1193 518 qulppe
1238 445 1532 515 vulgares
1581 444 1869 503 homines
1916 444 2320 517 sordidique,
2376 442 2673 500 vilissima
2722 442 2940 515 populi
2981 441 3156 519 faex,
3204 449 3306 505 eui

492 556 843 615 numquam
877 542 1114 599 Romae
1149 541 1355 597 honor
1389 540 1555 597 ullus
1589 539 1841 597 habitus
1870 546 1965 597 est
1998 535 2074 614 ⁸²)
2094 559 2117 612 ‚-
2150 539 2230 596 ad
2260 554 2421 611 quos
2454 538 2850 611 plebejorum
2889 553 3120 597 nomen
3155 556 3308 612 prae

490 638 723 698 ceteris
750 637 1124 694 translatum
1156 650 1295 694 esse
1320 635 1577 693 videtur
1608 636 1771 707 (not.
1800 636 1906 693 53.
1933 632 2170 705 et54.).
2201 636 2336 710 Quo
2360 633 2423 690 in
2446 648 2682 705 genere
2707 638 2893 691 erant
2918 634 3021 690 alii
3048 635 3305 706 quidem

493 749 742 808 poenae
779 732 1036 790 nomine
1077 727 1172 803 ³³),
1221 731 1327 789 alii
1368 737 1635 804 propter
1676 737 1980 803 quaestus
2011 730 2318 787 vilitatem
2360 744 2437 788 ae
2469 729 2721 804 sordes,
2761 728 3309 802 miserrimumque
3360 761 3363 766 =

492 839 844 905 egestatem
890 827 983 904 ³⁴),
1027 831 1129 887 alii
1171 832 1253 890 ob
1295 832 1546 902 generis
1574 836 1766 902 atque
1812 829 2069 902 originis
2096 829 2590 900 ignobilitatem,
2634 835 2711 885 ut
2749 828 3055 898 libertini,
3103 829 3305 901 iique,
3355 867 3363 874 -

493 942 768 1002 quorum
804 932 993 998 pater
1033 928 1132 983 vel
1171 932 1379 983 mater
1406 932 1608 982 artem
1636 924 1946 982 ludicram
1978 924 2217 981 fecerat
2246 919 2346 997 ³⁵);
2381 924 2580 996 spurii
2619 939 2746 981 non
2775 929 2992 993 erant,
3026 925 3309 996 quamvis

491 1025 557 1079 in
588 1021 939 1079 honoribus
966 1021 1341 1092 appetendis
1378 1016 1465 1077 illi
1497 1020 1754 1092 quidem
1784 1018 2341 1093 praeferebantur,
2372 1019 2480 1090 qui
2515 1019 2790 1090 legitime
2820 1018 2951 1076 nati
2986 1026 3197 1076 essent
3217 1016 3304 1088 ³⁶).

490 1124 632 1179 Jam
669 1136 855 1190 vere,
892 1127 1108 1177 utrum
1150 1134 1373 1177 omnes
1414 1117 1674 1177 omnino
1713 1118 2030 1193 plebejos,
2072 1134 2154 1175 an
2184 1132 2293 1175 eos
2329 1118 2670 1186 duntaxat,
2708 1118 2816 1188 qui
2854 1118 2917 1173 in
2955 1118 3308 1188 vulgarium

492 1235 765 1278 numero
809 1215 1005 1277 habiti
1045 1225 1228 1286 sunt,
1274 1215 1380 1275 levi
1424 1224 1563 1275 'tota
1616 1219 1950 1290 adspersos
2000 1215 2326 1289 praedicet
2380 1216 2825 1275 Constantinus
2867 1213 2985 1295 ³⁷3?
3027 1216 3092 1273 in
3131 1222 3309 1274 tanta

494 1319 723 1377 harum
764 1333 980 1378 rerum
1012 1317 1278 1389 caligine
1307 1333 1428 1390 pro
1466 1325 1645 1375 certo
1681 1318 1874 1374 statui
1904 1311 2149 1389 nequit.
2193 1318 2399 1392 Quare
2424 1316 2649 1385 etiam,
2677 1318 2923 1373 nullum
2958 1316 3209 1372 illarum
3244 1318 3305 1373 in

495 1419 650 1478 foris
687 1418 919 1477 nostris
958 1432 1290 1490 superesse
1327 1432 1554 1490 usum,
1596 1433 1711 1475 sua
1750 1421 1979 1489 sponte
2018 1422 2319 1490 apparet,
2355 1416 2730 1487 praesertim
2768 1431 2950 1490 eum,
2991 1431 3308 1488 quaenam

494 1519 757 1577 tandem
788 1531 1102 1589 personae
1127 1517 1248 1574 levi
1276 1512 1396 1574 ista
1423 1518 1718 1577 laborent
1737 1517 1992 1574 macula
2014 1558 2031 1587 ,
2061 1530 2255 1588 quam
2278 1519 2515 1572 vocant
2535 1511 2966 1589 Anruchiqkeit,
2994 1515 3142 1572 satis
3169 1529 3309 1573 mo-

494 1609 670 1672 ribus
700 1613 1068 1685 legibusque
1107 1612 1339 1670 nostris
1380 1613 1712 1670 definitum
1752 1613 1830 1670 sit
1870 1608 1960 1685 ⁵⁸).
2009 1615 2212 1685 Atque
2253 1611 2405 1669 illud
2442 1610 2698 1683 quidem
2728 1611 3118 1667 monendum
3142 1654 3158 1681 ,
3198 1617 3306 1680 ut,

494 1709 1038 1782 quemadmodum
1066 1710 1280 1781 plures
1311 1724 1438 1766 una
1467 1709 1839 1768 imminutae
1865 1706 2341 1788 existimationis
2379 1721 2650 1781 causae,
2690 1704 2778 1763 sio
2810 1705 3002 1762 etiam
3040 1707 3305 1778 duplex,

496 1806 595 1864 vel
640 1807 804 1863 adeo
847 1805 1077 1878 triplex
1121 1806 1262 1872 illa,
1305 1811 1371 1862 et
1410 1804 1741 1875 infamiae,
1785 1810 1851 1862 et
1892 1803 2333 1877 turpitudinis,
2375 1809 2442 1861 et
2480 1801 2636 1861 levis
2676 1807 2872 1860 notae
2915 1804 3198 1870 macula,
3247 1802 3308 1859 in

495 1905 772 1964 eundem
803 1900 1125 1963 hominem
1153 1905 1497 1963 convenire
1520 1920 1667 1963 eum
1687 1906 1861 1978 apud
1884 1907 2198 1964 Romanos
2228 1902 2547 1978 potuerit,
2577 1909 2716 1960 tum
2748 1901 3065 1975 hodieque
3091 1903 3305 1974 possit.

1393 335 1543 377 PARS
1583 335 1742 377 cmc.
1785 335 1902 376 Lm.
1946 335 1991 375 1.
2034 334 2108 376 DE
2146 333 2449 376 PRRSOMS.

1488 2097 1514 2171 s
1545 2095 1683 2154 191.
1713 2094 1778 2170 b)
1805 2092 2161 2155 inconmoda
2191 2096 2283 2169 (·).

580 2276 1022 2346 Incommoda,
1056 2275 1285 2349 quibus
1312 2282 1579 2349 propter
1607 2275 2004 2335 imminutam
2044 2276 2570 2335 existimationem
2600 2276 2964 2336 afficiuntur
2991 2277 3307 2347 homines,

499 2373 731 2445 partim
774 2367 1201 2430 communiter
1243 2378 1536 2444 spectant
1578 2373 1660 2430 ad
1701 2386 1959 2439 omnes,
2003 2373 2112 2445 qui
2159 2379 2424 2446 propter
2468 2374 3013 2446 quamviseunque
3052 2388 3311 2430 causam

499 2472 753 2528 macula
794 2468 1125 2537 laborant,
1170 2470 1400 2542 partim
1440 2471 1698 2541 singulis
1737 2475 1853 2527 aut
1888 2485 2229 2528 causarum
2273 2473 2649 2547 generibus,
2698 2477 2812 2530 aut
2848 2472 2996 2544 ipsis
3044 2467 3313 2529 notandi

497 2570 704 2627 causis
740 2568 1000 2642 propria
1041 2575 1210 2626 sunt.
1253 2572 1326 2648 Et
1362 2570 1621 2641 quidem
1650 2569 1810 2627 haee
1838 2566 2125 2642 inprimis
2159 2579 2340 2639 sunt,
2381 2587 2551 2644 quae
2580 2577 2881 2631 notarum
2907 2572 3026 2628 ista
3054 2572 3314 2643 adsper-

498 2665 681 2722 sione
733 2664 1098 2722 effieiuntur
1153 2681 1169 2719 =
1223 2666 1281 2737 1)
1333 2664 1755 2723 Prohibentur
1801 2665 2151 2724 honoribus
2199 2668 2738 2741 dignitatibusque
2787 2673 2853 2724 et
2899 2666 3198 2736 infames,
3248 2672 3314 2724 et

499 2767 754 2835 turpes,
795 2768 862 2819 et
897 2760 972 2832 ii,
1019 2760 1128 2832 qui
1162 2760 1226 2817 in
1267 2761 1661 2834 plebejorum
1697 2762 1916 2819 infima
1957 2762 2137 2822 faece
2175 2761 2503 2823 constituti
2541 2771 2691 2823 sunt
2719 2762 2795 2837 ¹),·
2824 2771 3017 2835 atque
3048 2763 3315 2820 infames

499 2856 757 2928 quidem
782 2869 859 2912 ao
886 2854 1122 2912 sordidi
1151 2854 1343 2911 etiam
1368 2854 1642 2913 honores
1663 2854 1800 2929 jam
1828 2863 2158 2929 susceptos
2183 2854 2545 2930 relinquere
2567 2862 2916 2928 eoguntur,
2940 2863 3160 2929 turpes
3181 2872 3314 2913 non

501 2952 619 3009 nisi
649 2968 688 3008 a
716 2950 1127 3023 suscipiendis
1157 2958 1459 3008 arcentur
1487 2946 1554 3026 2).
1587 2952 1650 3026 2)
1674 2947 1915 3024 Quodsi
1944 2953 2160 3025 scripti
2190 2954 2457 3012 heredes
2487 2956 2584 3012 vel
2616 2953 2947 3022 infamiae,
2979 2954 3077 3010 vel
3107 2954 3306 3025 turpi·

502 3043 771 3118 tudinis,
806 3047 908 3104 vel
949 3046 1101 3103 levis
1137 3052 1329 3105 notae
1367 3047 1618 3104 macula
1648 3048 2141 3119 adsperguntur,
2174 3049 2475 3108 fratribus
2505 3050 2958 3121 sororibusque
2994 3052 3316 3108 testatoris

503 3163 579 3207 ea
613 3146 980 3205 hereditate
1008 3147 1239 3205 cedere
1261 3153 1579 3217 eoguntur
1604 3143 1673 3220 ³).
1707 3148 1770 3220 5)
1802 3148 2197 3207 intestabiles
2224 3146 2267 3224 ⁴)
2295 3158 2444 3209 sunt
2463 3191 2479 3219 ‚
2510 3165 2658 3208 eum
2687 3143 2765 3216 ii,
2796 3147 2904 3220 qui
2927 3136 3169 3220 judicio
3198 3165 3316 3221 pu-

505 3250 669 3308 blico
708 3262 785 3305 ex
828 3262 1020 3306 eausa
1070 3245 1394 3304 infamiam
1439 3246 1745 3307 alfei-ente
1793 3248 2206 3322 damnantur,
2253 3257 2389 3308 tum
2431 3265 2507 3308 ex
2556 3249 2839 3321 turpium
2889 3261 3314 3318 personarum

576 3464 657 3526 52)
676 3464 751 3512 Cf.
775 3469 831 3514 J.
857 3469 913 3513 G.
935 3464 1204 3515 Heineccii
1224 3467 1277 3511 Ι).
1298 3466 1359 3511 de
1378 3466 1493 3510 levis
1515 3471 1658 3512 notae
1681 3465 1872 3512 macula
1962 3466 2222 3523 explicavit
2262 3464 2522 3512 Mar-ezod!
2556 3464 2609 3509 in
2643 3463 2857 3510 seeundo
2889 3465 2939 3506 et
2970 3460 3115 3507 tertio
3147 3459 3315 3517 scripti

523 3530 591 3586 (in
610 3541 774 3586 opusc.
801 3530 978 3575 vai-ior.
1007 3532 1117 3586 syll.
1145 3530 1224 3573 Μ.
1249 3528 1369 3586 Vll.)
1392 3530 1418 3583 S
1438 3528 1519 3572 52.
1963 3530 2143 3587 pluries
2164 3530 2350 3575 laudati
2375 3529 2500 3575 libro
2517 3528 2584 3585 (p.
2609 3523 2937 3582 svo—4⁰0.»

568 3589 648 3649 55)
673 3590 851 3637 ι’ἱοενο
877 3603 953 3637 or.
981 3604 1068 3649 pro
1090 3591 1282 3636 Cluent.
1307 3603 1349 3636 c.
1373 3588 1452 3637 45.
1480 3591 1528 3634 in
1550 3589 1874 3637 f.-Gellius

507 3654 563 3700 N.
591 3659 645 3699 Α.
668 3655 786 3698 xvt.
807 3666 852 3700 c.
877 3652 955 3699 15.
982 3659 1090 3712 post
1109 3654 1243 3699 med.
1264 3677 1325 3687 -
1350 3654 1400 3698 L.
1427 3652 1506 3697 12.
1533 3655 1586 3699 C.
1603 3649 1868 3711 dediynu.

2585 3652 2611 3705 S
2633 3648 2745 3697 191.

571 3775 651 3835 54)
679 3777 858 3824 Cicero
870 3789 943 3822 or.
968 3789 1056 3835 pro
1077 3776 1300 3824 Rabir.c.
1322 3774 1489 3824 5.—1..
1514 3777 1592 3822 12.
1611 3777 1665 3822 D.
1686 3776 1754 3823 de
1776 3779 1872 3825 de-

507 3838 911 3887 curion.-1..5.
934 3840 1029 3885 Th.
1054 3842 1108 3884 C.
1129 3839 1196 3885 de
1222 3840 1342 3886 bon.
1362 3840 1871 3899 proscripe.(lx,⁴2.)

508 3908 554 3959 (ιι
579 3927 635 3934 -
657 3903 696 3948 si
720 3904 981 3959 locupletes
1004 3903 1121 3961 sint,
1142 3904 1490 3959 proscriptione
1511 3904 1692 3960 punit-l,
1712 3904 1757 3951 si
1774 3916 1873 3961 pet·

506 3968 796 4024 eyestatem
823 3964 1015 4020 abjecti
1036 3969 1166 4012 sune
1188 3965 1243 4010 in
1264 3965 1470 4018 [aecem
1493 3965 1872 4025 vilitatemque

503 4027 762 4083 plebejam
779 4060 795 4088 ‚
820 4030 1137 4073 damnatione
1156 4029 1351 4084 capitali
1374 4028 1537 4075 debita
1558 4029 1692 4073 lucre
1715 4030 1871 4075 detri-

507 4097 693 4135 menta.
721 4091 767 4147 n)
792 4114 846 4123 -
875 4091 926 4135 L.
947 4088 995 4136 6.
1021 4094 1073 4137 C.
1092 4090 1159 4135 de
1180 4089 1368 4151 (liquit.

567 4150 647 4209 55)
669 4153 722 4197 1..
744 4149 823 4198 4⁴.
847 4151 976 4198 ude
999 4152 1107 4201 ritu
1133 4160 1285 4211 nupt.
1307 4153 1519 4209 (xXlll,
1542 4153 1610 4209 2.)
1632 4176 1692 4185 -
1715 4154 1791 4199 Cf.
1817 4154 1868 4199 L.

507 4212 556 4260 5.
575 4214 667 4259 Th.
689 4217 741 4260 C.
771 4216 838 4260 de
857 4214 1003 4271 inoff.
1025 4219 1143 4262 lest.
1167 4218 1246 4273 (ll,
1272 4217 1370 4274 w.)
1386 4240 1444 4248 —
1465 4216 1516 4262 L.
1543 4214 1591 4261 5.
1611 4215 1702 4260 Th.
1728 4218 1780 4262 C.
1803 4216 1873 4261 de

506 4277 679 4324 libert.
701 4281 770 4322 ee.
793 4288 906 4322 eor.
930 4278 1079 4325 liber.
1107 4278 1205 4339 (lv,
1230 4281 1326 4335 11.)
1345 4303 1404 4313 -
1425 4281 1536 4325 vid.
1559 4284 1721 4325 tamen
1744 4282 1796 4326 L.
1819 4277 1868 4325 9.

505 4343 558 4386 C.
587 4339 655 4384 de
673 4338 855 4399 diym‘l.
882 4342 1001 4395 (Ul.
1029 4340 1105 4391 1.)

568 4402 650 4459 56)
686 4402 736 4447 L.
773 4399 821 4446 5,
854 4409 875 4460 ς
905 4404 950 4447 2.
983 4409 1032 4448 et
1053 4407 1105 4451 L.
1128 4402 1176 4450 6.
1203 4416 1273 4461 pr.
1301 4406 1354 4449 D.
1381 4404 1448 4451 de
1467 4404 1651 4452 ἀει-αν.
1675 4429 1735 4438 -
1755 4404 1867 4451 vid.

506 4462 825 4511 Heineccius
869 4466 902 4509 Ι.
938 4466 969 4511 Ι.
1005 4470 1031 4522 ς
1063 4469 1140 4513 52.
1164 4479 1212 4524 p.
1237 4466 1350 4513 309.
1380 4492 1432 4500 -
1459 4469 1536 4513 Cf.
1559 4468 1869 4522 caeteroquin

507 4529 566 4573 lv
586 4559 601 4585 ‚
635 4524 713 4572 17.
742 4536 788 4571 et
812 4537 856 4571 c.
885 4525 963 4572 14.
986 4535 1034 4573 et
1058 4530 1136 4576 18.
1165 4532 1223 4575 x.
1249 4530 1315 4576 de
1335 4530 1408 4585 fil.
1427 4529 1663 4587 presbyt.
1686 4529 1743 4589 (1,
1766 4528 1870 4591 17.)

506 4593 558 4636 et
574 4601 616 4634 c.
642 4586 719 4634 15.
745 4592 801 4635 X„
832 4590 933 4647 qui
951 4592 1026 4647 fil.
1049 4593 1176 4639 sine.
1197 4592 1337 4651 [cyil.
1361 4595 1470 4647 (lv,
1495 4591 1594 4647 17.)

570 4649 649 4708 57)
675 4652 724 4695 L.
742 4651 790 4697 5.
815 4653 910 4698 Th.
937 4655 990 4699 C.
1011 4654 1077 4700 de
1100 4654 1251 4710 inoff.
1275 4657 1538 4701 [οιΑ-(51.
1561 4655 1615 4701 L.
1638 4651 1717 4699 27.
1739 4654 1863 4700 Just.

507 4717 561 4763 C.
583 4712 701 4760 eod.
727 4713 829 4775 (ΙΙΙ,
851 4714 948 4772 28.)

568 4776 659 4836 58)
684 4779 790 4823 vid.
825 4780 992 4824 Conci.
1032 4777 1148 4836 imp.
1173 4777 1234 4822 de
1255 4775 1395 4825 1751.
1419 4781 1444 4835 S
1466 4776 1514 4826 4.
1537 4782 1585 4822 et
1610 4781 1686 4827 11.
1710 4806 1764 4814 —
1788 4781 1862 4829 cf.

506 4840 827 4888 nemea-ius
848 4841 883 4886 Ι.
907 4842 940 4886 Ι.
963 4838 1085 4895 355.
1125 4846 1175 4886 et
1194 4840 1354 4887 Gliick
1376 4842 1526 4887 Pand.
1553 4842 1608 4888 B.
1628 4844 1683 4888 V.
1710 4842 1862 4898 3385.

506 4929 567 4939 —-
602 4903 752 4951 Patril
770 4902 896 4958 juris
917 4903 976 4949 de
1001 4909 1104 4951 toto
1132 4902 1224 4949 hoe
1240 4909 1531 4961 argumento
1553 4904 1863 4953 definitiones

2031 3777 2086 3834 (')
2108 3776 2413 3826 Maoezolfl.
2438 3777 2474 3822 l.
2496 3778 2537 3822 1.
2563 3774 2774 3821 Abschn.
2801 3773 2880 3819 tv.
2903 3774 2929 3828 S
2951 3768 3001 3819 5.
3022 3770 3071 3819 6.
3098 3769 3313 3816 Abschn.

1968 3842 2025 3887 V.
2051 3843 2143 3896 31.
2169 3853 2218 3897 p.
2243 3839 2512 3888 270—282.
2539 3838 2631 3893 §²-
2654 3850 2702 3895 p.
2726 3835 2820 3882 288
2838 3847 2945 3892 sqq.

2029 3904 2074 3960 1)
2095 3906 2146 3950 L.
2174 3904 2220 3949 1.
2244 3918 2319 3962 pr.
2345 3907 2399 3952 l).
2424 3904 2498 3950 ad
2517 3905 2571 3948 L.
2595 3898 2790 3946 lubae
2807 3892 3315 3954 vipriv.(xt.v1u‚7.)

1964 3968 2078 4011 ——L.
2104 3966 2153 4012 2.
2179 3968 2231 4012 L.
2252 3968 2302 4015 6.
2324 3971 2376 4014 L.
2402 3967 2477 4012 12.
2499 3966 2552 4012 C.
2578 3961 2644 4009 de
2665 3960 2852 4020 dignit.
2876 3961 2996 4017 (xil,
3023 3958 3208 4014 1.)-1..
3230 3955 3313 4003 40.

1965 4029 2018 4073 D.
2042 4030 2110 4075 de
2124 4028 2286 4086 injur.
2312 4032 2511 4087 (va'll,
2536 4029 2635 4084 10.)
2657 4049 2712 4056 -
2739 4026 2789 4069 t..
2812 4022 2858 4069 4.
2883 4025 2909 4077 S
2930 4024 2973 4066 1.
3001 4023 3055 4067 υ.
3078 4019 3146 4065 de
3164 4020 3312 4078 {eya-

1964 4090 2092 4138 Ιὶυη.
2118 4093 2189 4148 (L,
2211 4091 2282 4151 7.)
2307 4118 2364 4126 ·——
2391 4093 2589 4148 Pteueji,
2612 4090 2703 4134 nisi
2725 4098 2784 4131 ex
2807 4086 3137 4131 sordidissima
3162 4084 3316 4137 pletm

1963 4151 2098 4201 faece
2119 4162 2281 4201 essent
2295 4190 2310 4212 ,
2335 4155 2722 4200 admittebantur
2742 4148 2803 4194 ad
2826 4147 3034 4193 honores
3054 4146 3130 4217 (1...ν
3146 4144 3195 4189 2.
3219 4145 3244 4198 S
3265 4145 3313 4189 2.

1964 4216 2019 4261 ll.
2053 4216 2120 4263 de
2140 4216 2533 4264 decurion.—-L.
2558 4214 2606 4261 2.
2632 4215 2683 4258 1..
2700 4209 2750 4258 7.
2775 4223 2850 4267 pr.
2872 4210 2922 4253 L.
2950 4208 3029 4256 1⁴.
3055 4211 3079 4264 S
3101 4222 3149 4252 ο.
3174 4205 3224 4253 4.
3247 4206 3316 4251 de

1964 4289 2110 4325 mun.
2135 4282 2189 4326 et
2209 4279 2333 4327 Ιιοη.
2357 4281 2409 4325 L.
2433 4277 2527 4334 4.).
2550 4278 2616 4323 sic
2641 4281 2822 4327 tamen,
2840 4280 2892 4318 ut
2917 4274 3122 4317 fustium
3146 4273 3316 4316 admo·

1962 4346 2150 4388 ultione
2183 4343 2580 4399 flagellorumque
2608 4338 2925 4391 castigatione
2948 4334 3198 4381 mulctatis
3219 4333 3315 4376 uti-

1960 4405 2484 4514 2122.‚¹-:-2².553.¹22⁰⁰¹¹:22
2514 4399 3008 4514 ’ἑῗῗᾞοὸῗὶεῑιῒῐο
3040 4394 3317 4504 ἔιῗὶ.ἓ.·.ἑῖῗ’

1961 4530 2019 4587 (1,
2047 4529 2146 4587 22.)

2020 4590 2068 4647 2)
2090 4592 2138 4638 L.
2161 4592 2207 4636 8.
2232 4593 2285 4637 C.
2307 4590 2375 4637 de
2395 4590 2578 4638 (Iecur.
2598 4590 2676 4645 (x,
2696 4585 2912 4641 51.)—1..
2936 4582 2984 4630 6.
3009 4586 3063 4630 C.
3086 4582 3154 4628 de
3171 4581 3313 4642 ὤρη.

2017 4652 2067 4707 5)
2092 4655 2145 4699 L.
2173 4651 2249 4699 27.
2271 4656 2324 4702 C.
2347 4654 2415 4700 de
2434 4653 2582 4708 inoff.
2608 4653 2726 4698 lest.
2751 4650 2854 4703 (ill,
2877 4647 2979 4701 28.)

2018 4715 2067 4775 4)
2088 4718 2139 4761 L.
2156 4713 2237 4761 26.
2263 4718 2317 4765 Ι).
2338 4715 2431 4772 que·
2451 4720 2570 4761 test.
2590 4714 2699 4768 sac.
2720 4721 2861 4766 poss.
2888 4708 3093 4761 (xxvlll
3112 4739 3127 4763 ,
3150 4707 3218 4763 1.)
3255 4730 3309 4739 --

1954 4782 1980 4835 S
2001 4778 2048 4825 6.
2076 4779 2110 4823 l.
2135 4778 2204 4824 de
2226 4784 2434 4826 (estam.
2459 4777 2576 4824 ord.
2600 4782 2654 4822 et.
2688 4774 2754 4819 ibi
2792 4771 3125 4828 Theophilus.
3150 4791 3213 4815 —-.
3238 4769 3314 4815 Cf.

1954 4839 2196 4888 Vinnlus
2228 4843 2292 4888 ad
2334 4840 2476 4888 eand.
2501 4840 2556 4898 S,
2577 4841 2659 4886 Nr.
2702 4833 2751 4880 5.
2777 4860 2837 4868 -
2858 4830 3119 4881 nar-emet
3153 4835 3193 4878 Ι.
3218 4834 3255 4879 l.
3279 4833 3316 4877 1.

1952 4903 2138 4951 Abchn.
2165 4906 2245 4951 ΙΙΙ.
2268 4904 2295 4958 ss
2317 4905 2365 4949 2.
