3544 5506
483 323 601 379 162
1418 332 1568 374 rans
1606 331 1751 374 cun.
1794 332 1911 374 un.
1954 332 2023 373 11.
2067 332 2142 374 DE
2179 332 2444 375 mamus.

468 447 820 525 impetratis
845 492 859 518 ,
891 456 955 507 et
981 448 1177 521 partis
1207 461 1433 505 eorum
1456 493 1470 518 ,
1527 460 1696 519 quae
1726 447 2043 505 debentur
2067 488 2084 514 ,
2122 462 2161 503 a
2201 440 2621 505 creditoribus
2664 441 3032 507 remissione
3062 447 3260 508 facta.

469 548 541 606 Et
562 546 852 605 induciae
885 539 1141 617 quidem
1163 558 1201 600 a
1231 537 1519 615 principe
1543 537 1876 614 impetrari
1906 541 2127 600 solitae
2152 548 2300 600 sunt
2316 584 2333 612 ,
2370 537 2842 613 indulgentibus
2864 537 3103 603 scilicet
3125 559 3268 605 cre-

468 638 778 701 ditoribus
797 680 812 708 ,
835 635 945 713 qui
966 634 1017 698 si
1045 639 1212 697 inter
1229 653 1296 697 se
1316 633 1691 697 dissentiant
1706 680 1724 708 ,
1748 640 1846 696 vel
1877 653 1954 695 ex
1979 650 2231 708 eorum,
2265 651 2433 710 quae
2455 643 2788 712 petuntur,
2820 636 3264 718 amplitudine,

474 743 572 800 vel
599 756 674 799 ex
698 737 981 814 ipsorum
1010 740 1400 798 creditorum
1428 752 1703 797 numero
1743 753 1847 797 res
1885 736 2008 796 erit
2035 734 2439 812 dijudicanda
2462 783 2477 810 ,
2522 737 2647 796 hoc
2671 738 2898 807 modo,
2922 745 2995 797 ut
3030 739 3096 797 in
3128 743 3267 814 pari

468 847 580 897 aut
610 832 1039 913 quantitatum
1070 839 1333 898 cumulo
1363 845 1478 897 aut
1495 840 1890 897 creditorum
1911 852 2185 897 numero
2223 831 2569 896 humanior
2596 837 2911 896 sententia
2936 841 3267 912 sequenda

463 936 543 993 sit
568 982 584 1008 ‚
609 937 782 994 nulla
805 931 1065 1009 quidem
1089 931 1455 993 differentia
1491 935 1659 993 inter
1680 928 2177 1007 hypothecarios
2211 933 2495 1007 aliosque
2534 929 2885 995 creditores
2917 936 3265 996 observan-

352 1075 356 1079 -
460 1039 543 1094 da
556 1032 623 1108 ²).
671 1039 744 1094 Et
770 1051 923 1095 vero
946 1032 1247 1094 similibus
1277 1034 1411 1094 fere
1451 1033 1692 1107 legibus
1729 1033 2122 1093 aestimanda
2142 1039 2293 1090 sunt
2314 1039 2504 1106 pacta
2521 1076 2539 1108 ,
2568 1034 2797 1108 quibus
2819 1041 2969 1093 ante
3028 1031 3264 1095 aditam

462 1129 879 1192 hereditatem
907 1129 1078 1191 inter
1105 1131 1407 1189 heredem
1438 1137 1505 1189 et
1531 1125 1882 1189 creditores
1909 1129 2207 1188 convenit
2224 1171 2242 1204 ,
2270 1134 2343 1186 ut
2374 1125 2586 1202 aliqua
2626 1145 2704 1188 ex
2731 1136 2915 1203 parte
2960 1129 3067 1190 ille
3100 1131 3265 1189 aeris

465 1230 652 1290 alieni
676 1224 960 1289 solvendi
990 1243 1188 1287 onere
1212 1228 1534 1287 relevetur
1559 1270 1575 1299 ‚
1600 1221 1720 1284 nisi
1739 1227 1913 1299 quod
1938 1224 2377 1299 hypothecarii
2406 1224 2756 1285 creditores
2784 1221 3063 1299 plurium
3083 1223 3263 1301 sequi

462 1325 761 1402 suffragia
785 1330 1157 1403 neutiquam
1185 1342 1443 1387 necesse
1465 1327 1703 1385 habent
1718 1323 1786 1400 3).
1840 1328 1914 1384 At
1939 1325 2172 1384 nostris
2199 1321 2456 1399 quidem
2496 1323 2777 1385 moribus
2810 1325 2934 1385 hoc
2972 1323 3069 1402 ius
3102 1333 3263 1386 tam-

460 1442 653 1500 quam
677 1438 1018 1485 commune
1045 1424 1110 1482 in
1140 1421 1535 1483 creditorum
1561 1423 2084 1482 concurrentium
2098 1421 2340 1497 judicio
2364 1423 2739 1481 observatur
2764 1416 2840 1502 ⁴).

921 1665 945 1736 §
973 1663 1104 1720 175.
1147 1666 1201 1732 4)
1240 1663 1744 1720 collocandorum
1768 1661 2148 1720 creditorum
2175 1662 2326 1719 ordo
2352 1665 2650 1734 ratioque
2671 1658 2764 1735 (*).

539 1900 835 1975 Quamvis
856 1899 991 1975 jam
1040 1914 1117 1959 ex
1146 1899 1412 1958 Romani
1438 1897 1594 1973 juris
1611 1898 1827 1957 indole
1850 1902 1915 1955 et
1937 1889 2405 1968 hypothecariis
2428 1898 2853 1958 creditoribus
2879 1916 3028 1959 cum
3057 1901 3263 1962 chiro—

458 1991 817 2068 graphariis
844 1998 1016 2055 velut
1039 2002 1181 2054 erat
1205 1995 1571 2054 communio
1593 1993 1662 2066 ¹),
1688 1998 1904 2051 tamen
1925 1987 2065 2064 cogi
2108 2006 2239 2050 non
2270 1998 2571 2065 poterant
2602 1989 2733 2072 illi,
2763 2002 2836 2053 ut
2863 1998 3149 2057 omnium
3195 2014 3263 2060 se

453 2087 783 2151 certamini
804 2093 1308 2167 committerent,
1354 2105 1478 2149 nec
1531 2085 1705 2163 prius
1731 2104 1833 2147 res
1868 2088 1983 2146 sibi
2016 2089 2324 2161 obligatas
2352 2100 2932 2170 persequerentur,
2964 2109 3159 2167 quam
3183 2097 3265 2155 de

455 2196 681 2255 ordine
705 2239 721 2265 ,
750 2210 882 2268 quo
907 2194 1073 2254 inter
1102 2208 1169 2254 se
1194 2191 1546 2251 collocandi
1583 2197 1794 2249 essent
1838 2190 2192 2249 creditores
2226 2200 2721 2270 concurrentes,
2763 2193 3066 2273 judicium
3097 2203 3264 2256 esset

452 2302 653 2357 latum
669 2292 738 2370 ²).
777 2296 973 2369 Igitur
989 2310 1118 2355 non
1154 2293 1272 2353 nisi
1306 2287 1570 2351 dimissis
1611 2290 2077 2365 hypothecariis
2107 2291 2380 2364 pecunia
2412 2306 2489 2351 ex
2535 2294 2857 2353 bonorum
2899 2295 3264 2357 venditione

448 2398 712 2455 redacta
736 2398 903 2456 inter
927 2388 1477 2469 chirographarios
1516 2393 1865 2452 creditores
1892 2390 2422 2462 distribuebatur,
2458 2393 2545 2450 ita
2569 2435 2586 2463 ,
2628 2401 2705 2452 ut
2728 2397 3011 2468 priorem
3044 2400 3264 2478 locum

452 2499 790 2564 tenerent,
817 2490 926 2567 qui
952 2494 1274 2568 privilegio
1301 2490 1586 2563 exigendi
1612 2489 1839 2546 muniti
1870 2494 2100 2547 essent.
2132 2491 2207 2545 At
2229 2490 2473 2547 veroin
2499 2488 2652 2548 foris
2676 2493 2906 2552 nostris
2933 2493 3214 2553 obtinuit
3239 2542 3258 2569 ‚

448 2598 554 2664 ut,
598 2599 855 2664 praeter
885 2592 1176 2650 dominos
1211 2591 1569 2661 horumque
1599 2583 1911 2659 similes³)‚
1949 2593 2089 2644 tum
2122 2586 2313 2644 etiam
2345 2602 2457 2646 eos
2480 2630 2498 2662 ,
2535 2583 2763 2662 quibus
2800 2589 2935 2664 ipsa
2970 2592 3247 2651 credito-

446 2701 593 2744 rum
613 2688 788 2746 velut
808 2688 1183 2746 universitas
1205 2684 1484 2759 obligata
1526 2689 1622 2742 est
1635 2680 1701 2757 ⁴),
1742 2697 1964 2741 omnes
2010 2683 2270 2740 omnino
2321 2684 2676 2757 petentium
2714 2701 3023 2759 personae
3069 2702 3247 2746 com-

444 2800 639 2843 mune
659 2785 1047 2843 creditorum
1062 2782 1371 2858 judicium
1400 2794 1743 2853 agnoscere
1767 2793 2025 2838 necesse
2048 2779 2357 2854 habeant,
2391 2780 2520 2839 imo
2537 2823 2554 2851 ,
2595 2796 2672 2839 ex
2696 2781 3248 2858 chirographario-

447 2896 590 2938 rum
612 2894 883 2940 numero
902 2880 1189 2939 nonnulli
1215 2879 1362 2952 ipsis
1388 2878 1579 2936 etiam
1601 2875 2066 2950 hypothecariis
2096 2874 2544 2948 praeferantur
2563 2873 2631 2952 ⁵).
2654 2881 2794 2935 Jam
2821 2880 3034 2954 itaque
3066 2882 3255 2954 quin-

448 2992 573 3051 que
603 2977 991 3036 creditorum
1008 2976 1526 3036 concurrentium
1548 2974 1776 3033 classes
1801 2967 1939 3029 fleri
1956 2972 2184 3040 solent,
2206 2987 2480 3044 quarum
2501 2973 2585 3030 ad
2606 2968 2897 3032 ordinem
2942 2977 3255 3049 pecuniae

450 3073 806 3131 distributio
829 3072 1117 3131 facienda
1139 3078 1235 3129 est
1255 3112 1272 3140 ,
1297 3071 1421 3130 hoc
1445 3074 1633 3144 pacto
1654 3114 1670 3141 ,
1695 3073 1769 3125 ut
1794 3068 1860 3124 in
1883 3066 2140 3137 singulis
2164 3061 2468 3125 classibus
2495 3074 2607 3125 aut
2638 3082 2867 3127 eorum
2890 3072 3243 3145 praecipua

448 3169 526 3226 sit
551 3169 716 3227 ratio
737 3168 1031 3227 habenda
1050 3212 1066 3238 ,
1096 3182 1376 3241 quorum
1400 3171 1496 3225 est
1525 3163 1851 3239 potentius
1878 3162 2272 3235 privilegium
2293 3205 2310 3234 ,
2356 3168 2470 3220 aut
2506 3177 2585 3222 ex
2618 3166 2923 3238 temporis
2945 3168 3200 3227 ratione
3222 3211 3243 3239 ,

448 3268 590 3342 quis
618 3269 886 3327 caeteris
913 3275 1226 3342 praestet,
1255 3267 1622 3327 aestimetur
1643 3308 1665 3344 ,
1696 3270 1810 3322 aut
1837 3277 1956 3337 pro
1977 3268 2119 3320 rata
2140 3301 2156 3330 ,
2180 3276 2405 3320 eorum
2423 3304 2440 3332 ,
2466 3277 2635 3337 quae
2654 3264 2972 3324 debentur
2991 3310 3008 3339 ,
3034 3272 3249 3340 parte,

446 3360 704 3437 singulis
731 3365 1017 3423 satisfiat.
1063 3368 1148 3424 Ac
1172 3363 1426 3437 primae
1449 3362 1709 3436 quidam
1737 3360 1933 3418 classi
1958 3354 2278 3430 adsignari
2305 3359 2543 3429 solent,
2573 3365 2638 3418 et
2668 3361 2921 3434 quaein
2942 3361 3253 3422 debitoris

447 3461 636 3520 funus
662 3461 952 3534 impensa
975 3467 1123 3518 sunt
1143 3465 1219 3528 θ),
1254 3466 1320 3518 et
1346 3458 1676 3517 mercedes
1699 3452 1992 3516 residuae
2015 3454 2462 3513 famulantium
2491 3455 3014 3533 reliquorumque
3034 3506 3051 3534 ,
3084 3474 3254 3533 quos

447 3556 702 3632 quidem
726 3560 899 3618 alere
924 3557 1175 3619 debitor
1201 3565 1415 3617 sumtu
1437 3572 1555 3617 suo
1581 3571 1838 3616 necesse
1865 3556 2088 3613 habuit
2111 3598 2130 3631 ‚
2162 3562 2228 3613 et
2266 3555 2508 3614 tributa
2560 3557 2713 3616 fisco
2748 3558 2964 3622 debita
2980 3600 2998 3628 ,
3028 3566 3098 3618 et
3125 3574 3207 3618 ea
3230 3603 3249 3631 ,

447 3670 611 3729 quae
637 3655 777 3729 quis
804 3656 867 3714 in
887 3656 1181 3714 ultimum
1207 3655 1487 3714 defuncti
1518 3652 1821 3713 debitoris
1842 3653 2140 3710 morbum
2165 3651 2473 3724 impendit
2499 3669 2519 3730 3
2553 3659 2749 3728 atque
2776 3654 2841 3712 in
2865 3655 2959 3714 his
2984 3656 3253 3729 quidem

448 3751 769 3830 impensae
796 3755 1092 3815 funebres
1112 3755 1321 3828 primo
1344 3753 1489 3813 loco
1512 3754 1833 3813 habentur
1859 3795 1875 3823 ,
1915 3751 2161 3826 reliqua
2180 3766 2332 3811 vero
2368 3769 2488 3826 pro
2521 3760 2664 3812 rata
2692 3755 3001 3830 cuiusque
3046 3753 3253 3816 debiti

506 4016 554 4072 2)
579 4017 632 4061 1..
662 4011 712 4061 8.
735 4015 790 4061 C.
814 4015 906 4069 oui
925 4014 1046 4060 bon.
1075 4013 1267 4064 cedere
1288 4018 1542 4075 possunt.
1569 4038 1623 4046 -
1649 4014 1724 4062 Cf.
1750 4015 1803 4060 L.
2188 4030 2193 4031 ⁷
2471 4016 2497 4070 ς
2520 4013 2628 4062 175.

443 4075 488 4123 4.
509 4078 561 4123 C.
591 4077 658 4124 de
689 4077 889 4135 precib.
907 4075 1027 4133 imp.
1049 4075 1199 4133 offer.
1224 4081 1265 4137 (1
1279 4114 1298 4142 ,
1328 4076 1424 4133 19.)
1445 4099 1506 4111 ·-
1529 4078 1599 4123 A.
1628 4076 1809 4125 Faber
1933 4076 1992 4135 (⁴)
2014 4077 2271 4125 Dabelow
2295 4089 2340 4126 c.
2361 4079 2483 4124 xXl.
2505 4090 2555 4137 p.
2580 4075 2747 4125 592—
2763 4077 2873 4128 643.
2902 4081 3264 4143 -Sclzweppe

443 4150 600 4187 error.
646 4145 885 4198 pragmat.
926 4140 1101 4187 Decad.
1155 4140 1234 4188 25.
1269 4154 1366 4189 err.
1397 4138 1446 4186 ὅ.
1474 4164 1530 4172 -
1554 4140 1628 4186 Cf.
1654 4143 1710 4189 J.
1736 4141 1803 4185 Η.
1869 4136 2127 4194 §67—80.
2870 4165 2877 4171 ·

432 4201 578 4247 Boelz
602 4211 721 4259 mer,
743 4203 797 4247 Ι).
832 4202 893 4249 de
921 4202 1098 4248 litteris
1129 4202 1455 4264 respirationis
1482 4202 1710 4257 (exercit.
1742 4203 1808 4249 ad
1933 4203 1991 4259 1)
2013 4204 2067 4250 L.
2088 4200 2140 4251 8.
2166 4206 2227 4252 C.
2247 4203 2342 4266 qui
2358 4204 2479 4251 bon.
2502 4201 2621 4253 ced.
2638 4214 2784 4263 poss.
2810 4229 2871 4240 -—
2891 4204 2966 4253 ef.
2986 4206 3266 4258 Dabelow

445 4264 594 4310 Pand.
633 4263 693 4311 Τ.
735 4265 814 4309 nl.
858 4275 1017 4311 exerc.
1060 4262 1139 4312 46.
1175 4267 1210 4325 ).
1235 4292 1296 4303 —
1320 4266 1566 4313 Dabelow
1613 4277 1657 4311 c.
1698 4265 1782 4311 Vl.
1846 4278 1895 4324 p.
1916 4263 2034 4313 275.
2058 4265 2175 4315 27⁴.

443 4337 491 4382 p.
512 4324 598 4374 151
635 4350 697 4361 -—
722 4324 830 4373 159.
863 4338 913 4385 p.
944 4323 1030 4374 501
1058 4352 1119 4360 -
1139 4326 1597 4385 5oo.-Sclzweppe
1615 4328 1783 4383 315—
1910 4328 1958 4383 2)
1983 4328 2037 4372 1..
2061 4327 2108 4375 6.
2133 4329 2281 4376 L.10.
2305 4330 2437 4388 pr.C.
2456 4328 2523 4376 de
2541 4326 2664 4378 bon.
2684 4330 3267 4389 auct.jua.poss.-cr.

443 4384 520 4434 18.
1854 4391 2098 4437 Goenner
2116 4393 2199 4440 1.1.
2215 4395 2241 4448 s
2265 4390 2882 4451 2.-Hollwe91.l.p.512
2901 4406 2975 4452 sq.
3000 4396 3268 4452 etam,

501 4451 550 4509 3)
583 4453 635 4497 L.
667 4450 717 4500 7.
747 4453 774 4507 S
807 4447 886 4497 17.
906 4455 956 4497 et
977 4448 1057 4497 19.
1078 4453 1132 4498 1..
1153 4450 1201 4499 8.
1223 4454 1273 4500 Ι..
1298 4450 1347 4499 9.
1372 4454 1425 4501 L.
1449 4450 1526 4499 10.
1549 4462 1626 4511 pr.
1645 4453 1702 4497 D.
1724 4450 1792 4498 de
1916 4453 1965 4509 5)
2001 4454 2053 4499 l..
2087 4452 2136 4501 5.
2179 4456 2204 4510 S
2232 4452 2311 4502 15.
2354 4452 2433 4503 16.
2476 4455 2547 4502 de
2575 4454 2699 4501 trib.
2740 4460 2847 4502 act.
2894 4458 3021 4519 XIV,
3053 4455 3105 4507 4.
3155 4460 3272 4519 (cf.

434 4512 625 4566 pactis.
647 4540 706 4548 -
729 4516 781 4561 L.
827 4509 907 4559 58.
931 4514 958 4567 S
979 4513 1025 4558 1.
1066 4516 1122 4561 1).
1147 4514 1390 4562 mandati
1415 4515 1609 4574 .(xV11,
1646 4513 1712 4570 1.)
1734 4538 1790 4546 —-
1855 4512 2419 4574 §175.not.3.).—1..24.
2439 4519 2467 4573 S
2482 4516 2585 4563 Zia
2608 4517 2789 4564 finale
2810 4519 2920 4567 reb.
2945 4523 3271 4578 auenjud.

442 4573 548 4620 vid.
579 4576 688 4622 Ulr.
712 4574 900 4623 Huber
914 4575 1147 4623 Eunomia
1166 4580 1382 4624 Romana
1408 4578 1471 4624 ad
1494 4578 1544 4624 1..
1568 4577 1617 4625 7.
1647 4578 1672 4632 S
1695 4576 1786 4622 ull.
1849 4578 2049 4631 possid.
2091 4579 2228 4635 (not.
2264 4578 2381 4638 16.).
2405 4603 2467 4613 -
2490 4581 2566 4627 cf.
2607 4578 2835 4628 Thibaut
2853 4583 3009 4630 Pand.
3034 4585 3064 4638 S
3087 4583 3249 4637 1224

439 4639 488 4679 et
504 4637 554 4682 1..
575 4634 653 4684 10.
677 4649 751 4696 pr.
775 4639 830 4684 D.
853 4636 920 4683 de
939 4643 1080 4694 pact.
1104 4651 1154 4697 p.
1178 4638 1269 4687 117
1290 4651 1396 4698 sqq.
1855 4642 1904 4684 et
1947 4641 2232 4699 Schweppe
2273 4644 2486 4690 concurs
2516 4642 2542 4696 S
2590 4639 2793 4690 44-46.
2827 4648 2877 4691 et
2899 4645 3030 4692 infra
3054 4648 3100 4702 ς.
3142 4626 3273 4699 δῖέ

500 4696 549 4757 4)
567 4700 624 4745 J.
647 4702 714 4746 H.
737 4700 992 4747 Boelzmer
1012 4702 1066 4746 D.
1086 4701 1148 4746 de
1202 4706 1311 4748 acto
1332 4701 1607 4750 remissorio
1625 4702 1790 4759 (exer-
1856 4700 1966 4749 init.

432 4762 514 4809 cit.
548 4760 612 4805 ad
631 4762 782 4808 Pand.
812 4763 871 4809 Τ.
894 4762 951 4807 V.
974 4773 1134 4810 exerc.
1187 4762 1236 4810 9.
1263 4797 1276 4810 .
1303 4789 1357 4797 -
1380 4763 1627 4813 Dabelow
1646 4777 1689 4811 c.
1715 4766 1774 4814 X.
1902 4760 1952 4822 4)
1969 4765 2249 4824 Schweppe
2268 4768 2295 4822 S
2310 4764 2835 4815 40-42.-1›abe10w
2850 4780 2900 4828 p.
2924 4767 3022 4819 649
3055 4782 3175 4833 sqq.

431 4837 478 4881 p.
501 4818 654 4871 285—
675 4822 789 4871 296.
812 4836 859 4871 c.
879 4825 1004 4871 xix.
1027 4835 1137 4883 pag.
1258 4823 1778 4883 —576.—Scnweppe
1903 4824 1952 4883 5)
1974 4828 2263 4887 Schweppe
2284 4830 2309 4884 S
2330 4826 2410 4876 67.
2437 4830 2488 4875 in
2509 4828 2548 4875 f.

427 4891 452 4943 ς
474 4884 679 4936 19-23.
696 4909 752 4921 -·
768 4884 976 4942 Hemer
994 4888 1062 4935 im
1083 4887 1255 4936 Archiv
1276 4888 1357 4935 fur
1375 4889 1565 4939 civilist.
1591 4891 1771 4941 Praxis.
1902 4887 1949 4947 6)
1962 4892 2161 4952 Propter
2180 4893 2232 4939 L.
2253 4888 2333 4941 ⁴5.
2353 4894 2407 4940 D.
2432 4891 2500 4940 de
2522 4893 2668 4955 reliq.
2697 4894 2715 4953 (
2746 4896 2825 4957 xl,
2846 4891 2916 4951 7.)
