3544 5506
1128 343 1261 387 car.
1303 344 1391 389 iv.
1433 346 1509 388 nn
1544 346 1754 391 mum
1794 347 2137 393 courum.
2970 347 3044 405 7⁷

233 451 577 513 natatibus
601 450 1141 535 impediantrem,
1165 461 1248 521 de
1273 477 1404 535 qua
1437 463 1647 535 agitur
1682 460 1752 540 ⁴).
1783 463 1990 527 Judici
2024 482 2180 527 vero
2205 468 2368 529 haec
2388 468 2783 544 potissimum
2818 476 3038 538 ohser-

232 554 442 612 vanda
471 561 624 614 sunt
657 576 672 612 ε
703 554 764 631 1)
794 564 866 615 ut
900 573 984 618 ne
993 560 1325 634 judicandi
1356 569 1572 637 partes
1602 580 1752 624 cum
1797 567 2026 643 agendi
2057 570 2450 644 cavendique
2480 572 2702 633 officiis
2741 578 3037 635 commis-

230 655 397 718 ceat,
418 665 576 725 neu,
605 667 773 724 quae
797 652 863 709 in
884 653 1053 713 sacto
1080 652 1457 730 consistunt,
1480 659 1768 733 partibus
1796 663 2180 739 suppeditet,
2202 671 2431 724 contra
2450 682 2606 726 vero
2628 672 2922 743 suppleat
2941 687 3044 747 ea,

227 763 397 822 quae
421 749 666 821 legibus
687 757 754 809 et
783 753 1040 825 publico
1054 753 1185 829 juri
1214 760 1624 831 convenient,
1663 768 1801 819 tum
1819 778 1977 821 vero
2003 771 2151 838 apte
2174 766 2257 824 ad
2278 765 2667 841 judiciorum
2708 764 2899 829 finem
2930 773 3046 830 liti-

225 840 521 914 gantium
542 848 826 906 actiones
852 851 1221 910 moderetur
1233 869 1308 911 ac
1323 851 1554 927 dirigat
1581 852 1652 929 ⁵);
1672 857 1735 930 2)
1759 864 1833 916 ut
1860 857 1922 915 in
1935 858 2285 933 ,iudicando
2307 869 2375 921 et
2389 879 2811 936 personarum
2829 869 3045 926 condi-

226 938 425 998 tionis
452 946 519 999 et
547 956 768 1001 rerum
816 945 1138 1017 qualitatis
1166 947 1531 1020 diligentem
1570 951 1806 1011 habeat
1848 954 2168 1014 rationem
2185 952 2260 1030 ὅ),
2288 963 2355 1015 et
2398 961 2662 1021 omnino
2683 1000 2702 1032 ,
2731 969 3044 1037 quantum

228 1039 495 1110 poterit,
520 1042 827 1114 aequitati
849 1047 1161 1106 colendae
1191 1051 1599 1124 tuendaeque
1618 1054 1877 1112 studeat
1904 1055 1953 1130 (§
1979 1053 2079 1127 43)
2104 1075 2120 1123 ς
2144 1054 2207 1129 5)
2245 1064 2321 1116 ut
2347 1057 2594 1119 facilior
2636 1056 2800 1121 sitin
2824 1063 3038 1124 absol-

227 1135 470 1207 vendo,
499 1152 695 1209 quam
712 1138 780 1196 in
797 1143 1309 1213 condemnando,
1339 1152 1533 1219 atque
1556 1142 1623 1203 in
1647 1163 1718 1205 re
1740 1149 1933 1208 dubia
1949 1147 2386 1223 benigniorem
2407 1156 2793 1235 sententiam„
2812 1174 3037 1235 sequa·

225 1235 343 1287 tur
364 1227 433 1299 ⁷),
461 1230 657 1304 idque
676 1249 808 1292 non
832 1239 1025 1296 modo
1054 1238 1119 1295 in
1141 1241 1514 1313 poenalibus
1542 1241 1787 1320 judiciis
1809 1240 1881 1316 ⁸),
1924 1261 2148 1306 verum
2187 1249 2379 1307 etiam
2407 1246 2472 1309 in
2495 1246 2782 1311 civilibus
2822 1253 2899 1330 ⁹),
2924 1252 3045 1317 nisi

226 1344 425 1389 causa
450 1331 533 1390 sit
553 1332 891 1409 ejusmodi,
912 1337 1014 1396 cui
1040 1341 1311 1399 maxime
1334 1340 1598 1400 faveant
1636 1345 1831 1417 leges,
1871 1346 2479 1423 velutmatrimonii,
2502 1352 2689 1424 dotis,
2708 1348 3041 1426 libertatis,

226 1430 796 1502 testamentorum,
828 1433 1065 1508 quippe
1086 1437 1341 1510 quaein
1368 1433 1512 1512 pari
1536 1454 1610 1498 re
1637 1445 1834 1514 atque
1861 1442 2159 1513 ambigua
2178 1458 2432 1518 semper
2459 1448 2581 1507 erit
2597 1450 2924 1522 potentior
2948 1452 3042 1529 ¹⁰).

1457 1618 1689 1707 CAPUT
1724 1620 1827 1678 iv.

229 1740 306 1783 ΒΕ
344 1742 642 1804 naon,
694 1749 857 1800 QUAS
895 1750 1076 1795 ntum
1126 1752 1349 1797 PLURES
1392 1754 1577 1798 mons
1613 1756 1720 1799 Vnt,
1769 1757 2240 1805 concumtmm
2274 1761 2392 1806 vm.
2442 1764 2634 1809 SECUB
2675 1765 3052 1810 „mmm

1460 1831 1836 1876 JNTERCEDIT.

782 1983 922 2056 569.
949 1988 1289 2060 Peream'm‘
1308 1988 1482 2051 juris
1518 1991 1708 2061 atque
1742 1987 2063 2051 domestici
2088 1996 2495 2067 comparatio.

315 2120 471 2177 Cum
495 2117 823 2193 peregrini
843 2121 1008 2200 iuris
1048 2130 1224 2187 nulla
1253 2123 1345 2191 vis
1371 2131 1474 2209 sit,
1523 2134 1643 2198 nisi
1664 2129 2064 2205 subsidiaria,
2112 2130 2400 2210 sequitur
2420 2179 2438 2208 ‚
2463 2141 2559 2209 ut,
2606 2132 2659 2197 si
2681 2133 3048 2210 discrepent

233 2212 403 2276 inter
428 2234 499 2277 se
539 2220 880 2284 domestici
924 2243 1001 2285 ac
1032 2227 1356 2302 peregrini
1373 2235 1538 2309 juris
1567 2243 1937 2312 praecepta,
1979 2232 2135 2293 illud
2160 2237 2385 2307 utique
2416 2234 2914 2309 praeferendum
2942 2238 3044 2294 sit.

233 2318 446 2390 Neque
469 2335 701 2380 earum
723 2326 935 2396 legum
965 2327 1470 2407 peregrinarum,
1498 2354 1664 2411 quae
1710 2356 1745 2393 a
1770 2337 1975 2396 nostri
2002 2337 2309 2408 temporis
2335 2331 2587 2394 ratione
2612 2351 2874 2408 prorsus
2896 2342 3046 2394 sunt

235 2413 506 2481 alienae,
538 2415 714 2477 ullus
736 2426 832 2478 est
859 2420 925 2480 in
955 2426 1292 2484 Germania
1309 2445 1485 2506 usus,
1512 2449 1724 2508 neque
1751 2434 1835 2492 ad
1853 2433 2005 2506 ,iura
2036 2433 2501 2490 Germanorum
2529 2431 2795 2505 propria
2833 2431 3048 2490 deter-

230 2516 536 2573 minanda
558 2517 913 2590 quidquam
929 2524 1160 2581 valebit
1175 2524 1282 2599 jus
1306 2533 1737 2604 peregrinum,
1761 2530 1880 2590 nisi
1905 2546 1980 2589 ex
1997 2544 2075 2590 eo
2115 2544 2346 2603 genere
2369 2527 2453 2589 sit
2464 2530 2653 2605 hujus
2676 2529 2841 2605 juris
2866 2544 3051 2603 prae-

232 2614 525 2684 ceptum,
549 2614 722 2685 quod
747 2630 868 2675 nec
903 2618 1025 2675 loci
1049 2620 1342 2697 alicujus,
1364 2641 1488 2685 nec
1511 2624 1846 2703 temporis,
1872 2641 1996 2686 nec
2020 2622 2451 2686 institutorum
2473 2633 2799 2686 certorum
2820 2641 3049 2699 angus-

224 2702 310 2761 tis
334 2706 619 2766 terminis
636 2707 1051 2772 contineatur
1084 2714 1152 2790 ι).
1185 2719 1367 2795 Quod
1397 2717 1450 2780 si
1480 2723 1677 2783 mixta
1703 2720 1917 2798 aliqua
1951 2737 2029 2782 ex
2071 2718 2422 2783 domestico
2463 2729 2527 2783 et
2547 2718 2884 2797 peregrino
2898 2724 3047 2798 jure

223 2805 501 2863 exstabit
520 2805 960 2886 species‚tum‚
976 2809 1289 2888 siquidem
1304 2822 1637 2895 utriusque
1660 2823 1824 2899 juris
1841 2818 2099 2882 termini
2120 2829 2300 2883 certo
2323 2818 2621 2896 distingui
2646 2822 2908 2898 possint,
2926 2838 3049 2881 nec

220 2900 430 2972 patria
448 2906 728 2975 quadam
747 2909 887 2980 lege
902 2912 1241 2984 peregrino
1258 2915 1388 2990 juri
1409 2919 1785 2992 derogatum
1797 2921 1901 2992 sit,
1921 2926 2284 2994 exuti-oque
2298 2919 2447 2995 jure
2474 2916 2828 2980 istiusmodi
2854 2934 3048 2978 causa

221 2992 344 3057 erit
377 3000 877 3064 determinanda
902 3003 973 3081 2).
1002 3006 1315 3085 Quoniam
1337 3028 1492 3073 vero
1514 3016 1792 3075 dubitari
1819 3016 2064 3089 nequit,
2114 3018 2267 3091 quin
2318 3018 2657 3091 peregrino
2701 3017 2832 3092 juri
2876 3017 3049 3090 apud

224 3112 342 3156 nos
380 3107 659 3175 recepto
694 3106 1044 3167 auctoritas
1080 3112 1256 3169 velut
1294 3112 1628 3175 domestici
1663 3112 1828 3192 ‚iuris
1862 3117 2239 3191 antiquioris
2276 3114 2617 3176 tribuenda
2663 3117 2764 3187 sit,
2820 3132 3047 3176 conse-

222 3211 427 3269 quens
448 3206 573 3277 est,
596 3209 671 3261 ut
691 3206 901 3278 patria
922 3208 1044 3281 tex,
1068 3209 1134 3268 in
1155 3226 1298 3272 eam
1325 3229 1584 3275 causam
1606 3217 1866 3290 scripta,
1887 3199 2049 3291 quae
2069 3218 2204 3294 jam
2222 3214 2540 3292 peregrini
2560 3215 2726 3292 juris
2780 3218 3044 3276 decreto

222 3296 489 3359 delinita
521 3309 645 3376 est,
678 3306 759 3363 ab
780 3307 908 3367 hoc
928 3307 1088 3383 ipso,
1112 3328 1304 3386 quam
1336 3316 1669 3376 minimum
1687 3318 1948 3393 poterit,
1976 3313 2305 3377 recessisse
2332 3318 2628 3377 videatur
2644 3317 2716 3394 ³).

251 3461 331 3534 ,⁴³
345 3468 417 3513 A.
439 3470 511 3516 D.
539 3473 749 3520 Weber
763 3475 1006 3534 Belli-aege
1027 3488 1090 3526 zu
1112 3480 1163 3527 d.
1187 3480 1360 3528 Lebre.
1393 3493 1485 3529 von
1523 3496 1611 3541 ge-
2297 3490 2325 3547 S
2340 3488 2419 3540 69.

220 3526 382 3575 nebu.
424 3533 614 3591 magen
636 3548 688 3583 u.
710 3538 946 3586 Elui-eden
969 3541 1040 3587 St.
1065 3544 1123 3590 11.
1154 3555 1230 3589 nr.
1260 3544 1336 3589 10.
1357 3569 1413 3578 -
1436 3548 1605 3594 Jurist.

219 3586 747 3657 Jonmat,herausgeg.
773 3612 866 3648 von
885 3604 1020 3650 einer
1040 3605 1354 3653 Gesellschaft
1374 3615 1527 3666 praet.
1553 3622 1605 3658 u.
1732 3612 1780 3672 1)
1811 3615 1879 3660 A.
1902 3617 1967 3663 D.
2014 3613 2221 3664 Weber·
2260 3615 2620 3676 Bemerkungen
2662 3628 2712 3664 u.
2757 3613 3046 3673 allgemeine

218 3650 429 3701 υκαι-ει.
451 3657 674 3706 Juristen
696 3665 779 3711 Bd.
799 3665 836 3711 1.
853 3664 1093 3720 (Ronneb.
1113 3665 1275 3726 1798.)
1293 3682 1342 3727 p.
1366 3669 1477 3718 247.
1497 3684 1604 3732 sqq.
1668 3672 1850 3733 Regeln
1873 3690 1920 3725 z.
1945 3678 2276 3735 Beforderung
2294 3682 2427 3726 einer
2450 3683 2648 3737 grundl.
2690 3679 2897 3725 Theoi-ie
2936 3688 3047 3722 vom

281 3717 330 3772 5)
352 3719 573 3768 1..un.C.
598 3727 681 3772 ue.
698 3726 1328 3785 quaedemntaavocatts
1340 3732 1599 3799 partium,
1666 3736 1896 3794 heutigen
1920 3740 2204 3787 Gabrauche
2224 3742 2310 3787 des
2333 3744 2470 3789 Rom.
2518 3743 2688 3789 Rechts
2710 3746 2760 3787 ln
2782 3737 3046 3786 deutschen

203 3779 1158 3848 Judeaesuppeeat.(n.11.)—Goenner
1170 3794 1353 3842 undas
1377 3797 1604 3845 Verbant-
1663 3799 1938 3848 Gerichten.
1963 3803 2213 3849 Schwerin
2235 3802 2377 3851 1782.
2399 3810 2448 3852 et
2469 3805 2519 3852 in
2535 3821 2547 3853 z
2561 3804 2802 3852 Vei-suche
2819 3802 2940 3848 uber
2961 3800 3053 3845 das

215 3842 319 3885 ⁰⁵³⁸
341 3843 432 3887 (Μ’
454 3850 599 3903 imit.
624 3851 902 3911 Thatigkeit
921 3854 1006 3900 des
1023 3857 1244 3904 Richter-s
1264 3869 1327 3904 zu
1351 3860 1438 3904 der
1460 3861 1599 3907 Will—
1661 3861 1926 3910 Civili-seht*
1941 3877 1990 3911 ιι.
2015 3869 2186 3912 dessen
2207 3869 2525 3927 Anwendung
2547 3868 2628 3915 Νι.
2653 3867 2690 3915 1.
2713 3889 2774 3900 -—-
2797 3861 3048 3915 Auctoris

215 3901 345 3947 kuhr
384 3905 474 3954 der
514 3910 775 3961 Partheien
816 3915 1047 3972 (flandb.
1070 3922 1155 3967 des
1175 3919 1440 3967 deutschen
1469 3933 1600 3979 gem.
1664 3923 2017 3986 Encyclopadie
2037 3931 2063 3985 S
2085 3925 2195 3976 254.

216 3965 473 4015 Prooenses
492 3995 557 4005 —-
572 3975 655 4019 ed.
684 3978 742 4023 ll.
766 3979 884 4036 -1‚
907 3977 1023 4040 10.).
1045 4006 1105 4015 -
1122 3983 1197 4030 ct.
1225 3982 1327 4031 Cic.
1363 3991 1490 4032 orat.
1511 3997 1601 4045 pro
1726 3989 1776 4046 2)
1808 3989 1862 4036 J.
1887 3992 1963 4037 St.
1987 3993 2181 4039 Priuer
2201 3991 2417 4050 Beilrage
2436 4003 2549 4038 zum
2573 3989 2836 4038 deutschen
2859 3987 3046 4035 staats·

214 4029 356 4076 Caec-
374 4039 422 4075 c.
445 4034 495 4078 5.
519 4060 576 4071 ·-
604 4039 730 4085 Geli.
750 4043 881 4087 noct.
907 4046 996 4091 att.
1020 4045 1153 4103 xlv,
1176 4046 1224 4091 2.
1666 4060 1715 4094 u.
1741 4053 2115 4101 Furstenrechte
2156 4053 2216 4100 T.
2264 4056 2320 4101 ll.
2363 4056 2443 4101 ΝΡ.
2486 4055 2691 4100 ΧΧἮΙΙ.
2718 4053 2738 4105 S
2761 4051 2790 4099 8
2813 4076 2873 4086 —-
2896 4050 2972 4097 11.
2999 4053 3051 4095 et

274 4088 329 4147 6)
358 4095 418 4141 1..
434 4095 484 4143 ⁴.
519 4100 598 4159 §¹-
623 4100 672 4146 in
694 4102 729 4147 f.
751 4104 805 4149 D.
827 4102 897 4149 de
919 4101 1387 4170 incendio.(XLV11,
1407 4107 1476 4168 9.)
1663 4110 2169 4175 22-26.—cr.Auq.
2197 4119 2389 4173 leyser-
2408 4119 2599 4162 meditt.
2624 4117 2687 4162 ad
2708 4115 2968 4173 Pand.‘Sp.
2989 4110 3052 4185 {3

274 4151 329 4211 7)
360 4158 423 4202 1..
444 4160 557 4207 125.
578 4164 630 4209 1..
648 4164 758 4212 192.
782 4171 803 4221 ς
828 4166 874 4210 1.
900 4165 954 4213 D.
979 4171 1048 4217 de
1067 4172 1305 4230 περᾶν.
1664 4183 1733 4220 m.
1757 4174 1807 4224 5.
1835 4202 1889 4210 —
1913 4179 2110 4225 Diversa
2130 4185 2204 4225 est
2224 4191 2367 4225 causa
2386 4212 2402 4235 ‚
2433 4190 2546 4225 cum
2568 4179 2619 4225 in
2640 4178 2846 4225 arbitrio
2887 4177 3052 4223 bomi-

275 4213 328 4274 8)
340 4221 394 4265 l..
416 4220 524 4269 155.
550 4224 570 4274 S
591 4227 640 4272 2.
664 4227 718 4272 D.
741 4229 810 4275 de
824 4232 1180 4287 re9.jur.—-L.
1203 4231 1252 4279 5.
1276 4235 1411 4290 prs..
1435 4236 1518 4284 32.
1542 4238 1599 4285 D.
1664 4246 1784 4288 num
1822 4243 2031 4300 positum
2074 4246 2177 4298 est,
2212 4253 2271 4287 ex
2301 4252 2516 4300 quonam
2556 4241 2860 4299 potissimum
2898 4240 3012 4298 ,iure
3034 4272 3053 4300 ‚

211 4279 285 4324 de
299 4285 512 4339 poenis.
534 4290 760 4350 (xtvnl,
784 4290 1065 4354 19.)-—Reg.
1094 4291 1172 4341 49.
1195 4294 1264 4342 de
1284 4297 1523 4356 rquur.
1546 4299 1598 4345 in
1662 4302 1829 4350 ulrum
1859 4313 1916 4348 ex
1948 4304 2201 4361 peregrino
2223 4315 2286 4350 an
2317 4315 2376 4349 ex
2400 4304 2666 4351 domestico
2682 4339 2697 4364 ‚
2721 4305 2870 4351 vitam
2913 4315 3052 4350 suam

211 4344 295 4390 Vl·
319 4347 404 4402 (Va
424 4348 523 4406 12)
1671 4364 1718 4405 at
1758 4373 1819 4407 ue
1841 4367 2030 4421 negotia
2055 4367 2214 4420 civilia
2237 4367 2488 4420 instituere
2511 4367 3048 4422 velint.-1²zmer1.c.

274 4405 328 4465 9)
364 4410 417 4454 1..
438 4409 551 4458 125.
574 4413 631 4459 D.
653 4412 723 4460 de
741 4420 986 4477 req.jur.
1031 4420 1047 4476 (
1071 4436 1097 4463 ιι
1127 4418 1504 4468 Favorabiliores
1538 4423 1608 4472 rei
1671 4423 1740 4478 §1
1799 4448 1861 4457 ——
1880 4427 1959 4480 21.

209 4472 411 4531 potius,
432 4484 583 4531 quam
603 4481 796 4524 actores
814 4480 1075 4530 hahentur.
1100 4498 1124 4524 ο
1150 4483 1243 4542 )--
1264 4485 1314 4529 1..
1336 4481 1417 4530 47.
1440 4488 1495 4532 D.
1540 4487 1609 4534 de
1731 4486 1781 4544 5)
1811 4488 1838 4543 s
1858 4486 1937 4536 62.
1982 4495 2086 4537 not.
2116 4487 2165 4536 8.
2189 4493 2240 4536 et
2260 4497 2281 4550 ς
2301 4487 2382 4539 64.
2420 4497 2523 4539 not.
2554 4491 2635 4542 10.
2660 4517 2718 4528 —
2741 4494 2798 4541 J.
2824 4493 2967 4550 702!
2987 4493 3051 4548 ad

209 4532 434 4594 oblique.
471 4540 529 4582 et
554 4538 1007 4603 actionib.›(11.lv,
1026 4543 1095 4604 7.)
1119 4569 1176 4581 --
1199 4549 1253 4596 1..
1275 4543 1356 4594 38.
1380 4547 1435 4594 D.
1459 4547 1525 4595 de
1547 4561 1609 4597 re
1671 4548 1821 4612 Pand.
1849 4551 1885 4608 l,
1910 4553 1956 4599 1.
1977 4559 2001 4611 ς
2019 4553 2068 4599 2.
2094 4552 2143 4599 in
2168 4564 2235 4600 m.
2260 4577 2316 4587 ·—-
2338 4556 2530 4602 Pie‘tter
2550 4557 2584 4602 l.
2606 4569 2651 4601 c.
2676 4554 2783 4614 §27
2808 4579 2862 4589 —
2884 4556 2963 4608 50.
2993 4579 3047 4588 --

200 4599 331 4657 jud.
360 4597 521 4656 (xm,
544 4602 612 4658 1·)
1674 4613 1730 4656 G.
1752 4612 2033 4665 Husetand
2051 4617 2269 4675 Beitrage
2285 4627 2374 4663 zur
2393 4618 2732 4677 Berichtigung
2752 4617 2850 4665 und
2872 4617 3056 4666 lii-weh

276 4662 365 4719 10)
386 4663 441 4707 1..
463 4661 545 4711 70.
569 4667 625 4711 D.
647 4662 856 4721 dejure
875 4666 1095 4717 dotium.
1111 4670 1295 4732 (xxm,
1317 4671 1503 4730 s.)—t..
1526 4671 1608 4721 85.
1674 4677 1848 4731 tei-ung
1865 4677 1953 4722 der
1987 4679 2219 4737 positiven
2243 4680 2753 4728 Rechtswissenschaft
2789 4682 2860 4727 st.
2885 4684 2945 4728 ll.
2971 4682 3056 4740 nl.

209 4739 286 4786 pr.
311 4727 376 4772 D.
403 4724 469 4770 de
490 4730 728 4787 mydas&
742 4731 863 4776 -ι,
878 4727 967 4779 2⁴.
993 4732 1046 4778 D.
1066 4733 1138 4781 de
1157 4735 1609 4786 manumissionis.
1672 4736 1800 4793 (Jen.
1821 4735 1982 4797 1801.)
2003 4743 2082 4788 Nr.
2106 4742 2186 4788 vl.
2205 4743 2761 4805 VIL-Spanqenberq
2780 4743 3059 4809 Einleitunst

207 4790 331 4845 (n,
362 4789 438 4844 1.)
460 4810 519 4821 -
539 4791 592 4836 Ι..
614 4788 696 4837 38.
719 4805 797 4851 pr.
818 4791 884 4838 de
906 4795 1099 4850 rejud.
1127 4821 1185 4831 —
1209 4799 1262 4844 L.
1285 4795 1335 4845 5.
1360 4801 1418 4845 D.
1445 4802 1611 4846 testa·
1671 4806 1765 4846 etc.
1790 4814 1839 4860 p.
1864 4799 1974 4849 181.
2001 4826 2056 4837 —-
2077 4803 2152 4851 ef.
2173 4807 2229 4850 G.
2258 4807 2308 4852 C.
2331 4807 2388 4853 F.
2415 4805 2571 4855 Linck
2612 4806 2736 4854 uber
2765 4808 2851 4854 das
2875 4807 3056 4853 Retent

210 4854 409 4898 menta
432 4853 736 4906 quemnam.
759 4854 1098 4911 aperiantur.
1120 4859 1308 4925 (xxix,
1328 4861 1457 4922 3.)—
1479 4874 1526 4911 c.
1549 4862 1611 4913 26
1673 4863 1778 4908 tion
1787 4865 1949 4910 srecht
2004 4869 2092 4915 der
2143 4866 2426 4918 enen-auen
2463 4875 2557 4920 etc.
2612 4869 2631 4927 ί
2671 4871 2802 4920 nost.
2851 4867 2992 4920 1813.
3032 4871 3050 4930 )

212 4915 273 4961 x.
299 4915 379 4962 de
398 4917 635 4965 sentent.
657 4922 713 4964 ee
733 4919 927 4973 rojud.
943 4921 1021 4980 (tl,
1042 4918 1142 4981 27.)
1672 4937 1722 4985 p.
1744 4924 1825 4975 8⁴.
1850 4923 1929 4977 35.
3019 4951 3026 4956 ·
