3544 5506
1038 351 1172 393 car.
1216 352 1288 394 11.
1330 353 1406 394 ms
1442 352 1901 395 onucsnonun
1941 353 2169 395 causus·
2910 346 3014 402 551

237 459 381 522 saria
400 468 572 538 sunt,
600 477 1086 536 nonnumquam
1138 463 1330 522 etiam
1359 459 1625 537 proprio
1650 464 1964 539 cujusque
2007 459 2276 522 civitatis
2294 463 2443 539 jure
2473 464 2682 524 forma
2703 469 3019 540 quaedam

236 561 509 618 statuitur
534 561 1088 635 conventionibus,
1116 576 1246 633 qua
1268 575 1400 619 non
1424 560 1759 618 observata
1784 560 1848 616 in
1874 565 2328 618 contractuum
2351 576 2482 619 non
2498 569 2650 619 sunt
2670 570 3019 634 numeroll.

238 663 302 717 At
314 659 463 733 juris
491 661 698 718 nostri
722 665 1021 719 auctores
1050 675 1183 719 non
1212 667 1345 718 tam
1368 661 1449 718 ad
1479 659 1724 719 formae
1746 661 2192 718 solennitatem
2214 702 2231 735 ,
2264 676 2459 732 quam
2484 662 2563 718 ad
2592 677 2825 721 causae
2855 665 3012 722 civi-

238 755 299 814 lis
324 754 763 813 necessitatem
810 751 981 814 hanc
1018 771 1156 814 rem
1185 755 1318 814 fere
1353 762 1746 815 revocarunt
1769 751 1840 829 ²),
1872 756 2006 813 scil.
2038 763 2110 814 ut
2151 757 2214 814 in
2254 764 2709 815 contractuum
2750 775 3020 819 numero

238 869 348 913 non
392 855 508 913 nisi
547 855 670 913 hae
717 863 928 913 essent
969 857 1457 927 conventiones,
1493 856 1723 930 quibus
1764 871 1961 914 causa
2004 857 2291 915 subesset
2345 858 2662 915 actionem
2709 858 3018 931 efficiens,

236 966 415 1024 eaque
432 951 571 1025 jam
603 952 951 1024 antiquiori
980 955 1412 1011 Romanorum
1426 954 1577 1025 jure
1600 960 1710 1009 aut
1727 951 2094 1011 introducta
2120 996 2136 1022 ‚
2163 959 2276 1010 aut
2303 960 2480 1012 certe
2502 955 2919 1027 comprobata
2942 952 3017 1033 3).

239 1048 387 1122 Quae
411 1046 677 1119 quidem
707 1048 1106 1121 quadruplex
1148 1054 1280 1106 est:
1319 1049 1412 1107 rei
1441 1045 1618 1106 datio
1644 1092 1660 1119 ‚
1690 1049 2034 1106 verborum
2064 1049 2411 1108 solennitas
2432 1087 2451 1121 ,
2497 1049 2829 1109 literarum
2863 1052 3022 1110 obli-

234 1146 416 1216 gati0‚
461 1147 745 1219 denique
790 1146 1082 1205 utilitatis
1128 1148 1291 1206 ratio
1311 1191 1328 1222 ,
1361 1150 1688 1222 quaejam
1718 1149 2070 1221 antiquitus
2109 1156 2364 1207 tantum
2388 1151 2618 1218 valuit,
2650 1156 2721 1208 ut
2764 1150 2830 1209 in
2861 1167 3022 1211 non-

235 1243 397 1300 nullis
440 1242 1011 1308 conventionibus,
1062 1244 1262 1316 iisque
1301 1245 1431 1301 vita
1481 1259 1732 1316 usuque
1781 1245 2107 1302 communi
2161 1246 2504 1303 admodum
2549 1244 2974 1319 frequentatis
2998 1295 3015 1323 ‚

234 1342 380 1400 solus
415 1357 768 1401 consensus
814 1342 1141 1401 sufficeret
1185 1346 1268 1401 ad
1318 1344 1638 1402 actionem
1685 1343 2083 1402 efficiendam
2131 1343 2150 1419 (
2182 1358 2497 1402 consensu
2552 1346 3015 1423 obligationes).

234 1443 387 1500 Unde
411 1437 812 1502 recentiores
840 1444 1047 1502 solent
1076 1443 1278 1511 reales,
1308 1443 1587 1511 verbalss,
1619 1442 1891 1512 literatos,
1918 1441 2302 1501 consensuales
2329 1459 2642 1517 usurpare
2668 1453 3017 1505 contractus.

233 1543 436 1614 Hisque
464 1544 768 1602 omnibus
788 1544 981 1602 etiam
999 1550 1218 1603 certae
1247 1545 1572 1603 actionum
1601 1544 1918 1603 formulae
1937 1544 2193 1602 additae
2212 1549 2362 1602 sunt
2383 1588 2400 1614 ,
2433 1545 2661 1617 quibus
2683 1547 2746 1604 in
2767 1547 3021 1619 judiciis

231 1643 544 1696 uterentur
572 1639 888 1697 homines.
924 1642 1136 1713 Neque
1158 1655 1314 1697 vero
1347 1635 1418 1698 iis
1455 1641 1771 1711 denegata
1801 1647 1899 1698 est
1928 1640 2098 1699 actio
2118 1683 2135 1710 ‚
2165 1640 2271 1712 qui
2302 1655 2380 1698 ex
2412 1641 2683 1712 negotiis
2718 1651 3014 1713 agerent,

231 1739 398 1796 certis
420 1740 686 1812 quidem
707 1740 1196 1812 vulgaribusque
1227 1740 1550 1799 actionum
1578 1740 1866 1797 formulis
1891 1740 2061 1797 haud
2087 1739 2368 1805 munitis,
2386 1740 2616 1812 quibus
2635 1746 2851 1799 tamen
2868 1743 3021 1800 sub-

232 1833 390 1892 besse
433 1836 771 1894 videretur
800 1835 994 1895 civilis
1015 1851 1209 1894 causa
1236 1855 1253 1890 ι
1275 1836 1448 1894 unde
1481 1835 1885 1908 praescriptis
1905 1835 2136 1904 verbis,
2167 1850 2220 1893 s.
2251 1835 2314 1892 in
2344 1833 2582 1893 factum
2618 1836 2829 1895 civiles
2868 1840 3024 1897 acti-

230 1947 366 1992 ones
399 1951 517 1994 usu
562 1937 765 2010 recipi
798 1943 1157 2008 coeperunt
1185 1937 1258 2010 ⁴).
1316 1941 1518 2009 Atque
1550 1936 1613 1993 id
1642 1951 1901 1994 causam
1937 1935 2149 1993 attulit
2172 1936 2670 2005 recentioribus,
2697 1937 2806 2008 qui
2830 1938 3018 1996 nomi-

229 2038 373 2087 natos
394 2039 727 2090 contractus
750 2038 1165 2091 secernerent
1192 2032 1272 2089 ab
1299 2029 1709 2099 innominatus,
1739 2031 1971 2105 quibus
1993 2071 2009 2099 ‚
2040 2046 2188 2088 cum
2218 2030 2282 2086 in
2313 2037 2562 2089 certum
2580 2046 2656 2090 ac
2687 2034 3015 2105 proprium

230 2137 577 2189 contractus
605 2146 845 2189 nomen
874 2132 1047 2204 haud
1083 2131 1466 2205 transirent,
1513 2136 1729 2188 tamen
1758 2129 1953 2187 civilis
1981 2144 2176 2187 causa
2199 2125 2460 2187 minime
2490 2130 2738 2188 deesset
2758 2131 2806 2208 (ς
2824 2132 3017 2204 544.).

233 2220 505 2298 Reliquae
549 2228 747 2298 igitur
790 2241 1016 2285 omnes
1058 2225 1522 2284 conventiones
1565 2226 1933 2298 simpliciter
1977 2225 2475 2298 appellabantur
2518 2231 2854 2297 pactorum
2898 2243 3019 2286 no-

228 2324 405 2400 mine,
429 2342 713 2399 quorum
744 2327 866 2386 hoc
898 2333 1037 2385 erat
1051 2325 1390 2399 proprium
1416 2369 1432 2400 ,
1459 2327 1635 2398 quod
1651 2325 2061 2398 exceptiones
2083 2330 2334 2381 tantum
2359 2331 2665 2396 parerent
2693 2321 2763 2397 ⁶).
2791 2329 3015 2385 Postea

234 2438 367 2482 vero
385 2441 453 2484 ex
474 2428 717 2485 horum
747 2440 1004 2500 quoque
1037 2440 1309 2484 numero
1332 2426 1710 2499 quibusdam
1731 2431 1881 2483 sunt
1903 2425 2186 2484 actiones
2209 2424 2477 2481 subinde
2503 2423 2761 2482 additae
2778 2467 2795 2500 ,
2823 2425 3016 2499 idque

234 2526 672 2584 etl‘raetorum
713 2528 940 2601 fiebat,
967 2533 1031 2584 et
1071 2531 1395 2595 Jctorum,
1438 2532 1575 2582 tum
1612 2525 1805 2582 etiam
1833 2525 2327 2596 legumlatorum
2353 2563 2369 2590 ,
2398 2526 2732 2580 Praetores
2772 2523 3020 2582 imitan-

231 2621 403 2696 tium,
432 2626 856 2694 auctoritate3
897 2621 960 2683 in
993 2625 1221 2697 quibus
1263 2632 1481 2683 tamen
1509 2632 1690 2682 vetus
1718 2632 2060 2697 pactorum
2086 2637 2354 2694 nomen,
2391 2629 2658 2694 propter
2690 2625 3016 2697 antiquam

230 2718 411 2797 illam,
458 2736 634 2796 quae
653 2721 792 2796 J'am
832 2720 1023 2781 certis
1051 2721 1271 2781 formis
1309 2717 1710 2792 obtinuerat,
1737 2721 2127 2795 jndiciorum
2161 2714 2694 2778 instituendorum
2729 2715 2896 2778 viam
2942 2736 3018 2781 ac

227 2815 550 2889 rationem,
593 2819 793 2877 etiam
826 2825 1148 2877 retentum
1177 2825 1274 2875 est
1295 2815 1361 2883 6).
1397 2819 1573 2877 Unde
1612 2815 1775 2874 nuda
1797 2824 1975 2893 pacta
2006 2816 2051 2884 7)
2078 2817 2552 2887 distinguuntur
2586 2833 2623 2874 a
2669 2834 2785 2873 non
2814 2815 2986 2875 nudis
3008 2874 3022 2897 ‚

229 2930 374 2988 quae
412 2920 609 2977 etiam
652 2917 863 2975 vestita
890 2934 928 2975 a
970 2918 1437 2976 recentioribus
1476 2924 1791 2976 vocantur
1817 2916 1886 2984 ⁸).
1924 2921 2063 2974 Jam
2090 2931 2243 2974 vero
2282 2917 2346 2973 in
2377 2915 2529 2973 foris
2567 2912 2798 2974 nostris
2826 2918 3018 2991 longe

226 3011 331 3069 alia
355 3015 598 3072 utimur
627 3009 877 3072 ratione
892 3032 909 3090 ;
956 3030 1105 3074 nam
1129 3030 1277 3072 curn
1302 3014 1473 3087 apud
1499 3018 1818 3071 Romanos
1847 3013 1974 3071 vim
2006 3012 2291 3085 perfecte
2317 3012 2640 3083 obligandi
2666 3027 2796 3070 non
2822 3013 3019 3073 habe-

225 3115 350 3166 rent
368 3110 835 3170 conventiones
857 3149 876 3182 ‚
909 3111 1024 3169 nisi
1050 3116 1163 3168 aut
1184 3125 1376 3168 causa
1402 3110 1519 3167 illis
1543 3110 1829 3168 subesset
1852 3107 2050 3167 civilis
2077 3150 2093 3176 ‚
2121 3115 2232 3165 aut
2252 3107 2712 3181 singularijure
2732 3110 3018 3168 munitae

225 3216 414 3267 essent
457 3206 862 3287 actionibus3
913 3211 1104 3270 hodie
1145 3217 1374 3269 contra
1418 3209 1722 3278 obtinuit,
1769 3214 1877 3277 ut,
1926 3223 2351 3280 quaecunque
2408 3222 2484 3264 ex
2518 3207 2682 3280 juris
2730 3208 3018 3277 gentium

224 3308 559 3381 praeceptis
604 3307 732 3365 rite
774 3306 1091 3365 inirentur
1114 3301 1609 3371 conventiones,
1639 3303 1969 3362 efficerent
2011 3302 2330 3372 actioneS‚
2362 3302 2478 3359 nisi
2505 3316 2671 3373 quae
2715 3301 3028 3372 singulari

217 3402 343 3473 jure
372 3404 597 3467 formis
623 3409 1178 3480 adstringerentur
1200 3404 1273 3481 ⁹).
1324 3402 1639 3483 Quoniam
1677 3411 1894 3462 autem
1923 3402 2362 3461 Romanorum
2385 3404 2466 3460 de
2491 3408 2829 3474 pactorum
2868 3417 3024 3461 con-

220 3510 658 3584 tractuumque
694 3508 917 3568 formis
939 3510 1237 3569 doctrina
1266 3523 1414 3567 cum
1439 3523 1519 3566 eo
1539 3548 1557 3577 ‚
1586 3522 1717 3582 quo
1741 3506 2009 3576 utimur,
2040 3506 2192 3578 jure
2223 3505 2386 3563 civili
2413 3504 2624 3562 multis
2646 3505 2709 3560 in
2728 3502 3023 3576 partibus

811 3707 838 3761 S
856 3703 968 3756 342.
1676 3710 1899 3759 suerunt,
1918 3706 2110 3760 praeter
2133 3702 2558 3762 Latias-doraum,
2580 3704 2853 3760 Huqonem
2878 3706 3025 3758 atque

1670 3767 2184 3814 Schmittlaennerum
2207 3767 2254 3810 in
2278 3766 2420 3821 hujus
2435 3765 2607 3820 capitis
2625 3765 2828 3810 exordio
2850 3764 3022 3809 lauda-

271 3828 313 3884 1)
330 3831 400 3877 cf.
425 3843 580 3890 supra
603 3835 632 3889 S
659 3830 778 3879 1⁰5.
1671 3830 1829 3887 tos,in
1849 3830 2017 3888 primis
2039 3835 2152 3875 sunt
2175 3828 2459 3874 nominandi
2480 3828 2615 3872 ΔΑ.
2631 3826 3027 3884 Hamberqerus

269 3890 311 3946 θ)
330 3893 518 3940 Etenim
538 3896 801 3941 nonnullis
821 3895 872 3941 in
894 3893 1073 3953 causis,
1090 3896 1141 3939 et
1160 3897 1354 3951 praeter
1368 3903 1576 3938 causam
1669 3893 1729 3938 de
1750 3904 1847 3937 non
1869 3904 1957 3938 usu
1980 3892 2353 3949 stipulationum
2378 3901 2564 3945 usuque
2587 3893 2841 3945 pactorum
2878 3891 2926 3933 iu
2948 3887 3027 3932 fo-

217 3950 402 4011 civilem,
420 3955 526 4011 jam
552 3959 783 4003 Romano
801 3957 912 4013 ,iure
935 3957 1113 4008 forma.
1139 3959 1225 4002 aut
1245 3955 1578 4014 desideratur,
1669 3955 1733 4000 ris
1753 3954 2061 4000 Germaniae.
2082 3955 2190 4000 Jen.
2218 3950 2360 4000 1714.
2384 3954 2568 4009 (opusc.
2592 3949 2710 3996 ibid.
2739 3947 2879 3997 1740.
2905 3950 3025 3994 edit.

217 4019 288 4059 aut
303 4023 428 4063 certe
462 4021 633 4077 magis
673 4018 924 4065 efficacem
964 4020 1125 4065 reddit
1165 4019 1573 4076 conventionem,
1667 4017 1747 4062 ΝΡ.
1777 4017 1896 4073 lll.).
1920 4041 1978 4048 —
2002 4016 2058 4062 J.
2085 4018 2154 4061 Μ.
2182 4017 2238 4060 G.
2264 4015 2460 4061 Beseke
2480 4012 2540 4057 de
2562 4012 2750 4068 origine
2771 4010 3029 4057 modorum

215 4076 415 4134 daupu-a
437 4084 465 4138 ς
488 4080 608 4128 103.
633 4087 744 4127 not.
772 4082 847 4128 12.
870 4080 947 4127 16.
989 4084 1015 4137 ς
1037 4081 1150 4125 301.
1172 4084 1273 4125 not.
1296 4079 1347 4126 2.
1384 4105 1440 4112 —
1460 4080 1567 4125 Vid.
1664 4078 1986 4124 contrahendi
2011 4079 2142 4136 apud
2166 4078 2423 4123 Romanos.
2447 4076 2555 4120 llal.
2581 4072 2723 4119 1772.

214 4139 318 4185 etI..
341 4140 421 4190 32.
443 4144 498 4190 C.
524 4145 599 4191 de
622 4144 730 4191 loc.
758 4145 814 4191 et
828 4144 985 4191 cond.
1006 4143 1107 4197 (lv,
1129 4140 1230 4199 65.)
1257 4166 1316 4175 —
1339 4144 1390 4187 L.
1416 4139 1494 4186 27.
1516 4143 1570 4187 C.
1725 4138 1774 4197 7)
1791 4140 1968 4186 Paulli
2008 4144 2135 4187 sent.
2178 4151 2280 4184 rec.
2323 4142 2359 4185 ll
2381 4173 2396 4194 ,
2421 4134 2499 4186 14.
2549 4137 2573 4190 S
2599 4133 2644 4181 1.
2681 4152 2705 4178 ιι
2725 4158 2779 4168 -
2805 4148 2863 4182 ex
2887 4134 3030 4206 nudo

213 4200 515 4259 &fidelium
541 4207 694 4263 (vul,
714 4203 935 4262 41.)-—1..
959 4208 1039 4253 25.
1063 4206 1115 4250 C.
1141 4204 1209 4251 de
1230 4205 1352 4250 Scio
1375 4205 1431 4249 V
1429 4203 1571 4258 euej.
1664 4205 1794 4248 enim
1812 4205 1971 4258 pacto
1997 4201 2122 4248 inter
2149 4203 2278 4247 cives
2302 4203 2545 4247 Romanos
2587 4200 2716 4246 actio
2745 4211 2843 4244 non
2866 4209 3033 4243 nasci-

214 4261 296 4321 (Ν,
313 4264 832 4323 29.)—-narezouin
854 4269 1087 4316 zeitschr.
1113 4267 1148 4312 f.
1165 4268 1327 4312 Civilr.
1360 4278 1408 4310 u.
1432 4267 1568 4311 Proc.
1667 4268 1800 4310 tui-‚n
1827 4291 1880 4297 —-
1901 4266 1952 4309 1..
1977 4261 2055 4310 45.
2102 4268 2157 4311 D.
2182 4262 2246 4309 de
2268 4263 2458 4317 pactis.
2480 4261 2497 4315 (
2519 4260 2582 4313 11,
2610 4258 2686 4307 14.
2709 4266 2724 4319 )
2758 4262 2861 4317 (cf.
2883 4271 3033 4318 supra

216 4323 282 4371 lll.
303 4339 349 4384 p.
370 4329 464 4378 27⁴
485 4344 604 4390 sqq.
1664 4332 1766 4372 not.
1795 4325 1949 4383 5.).-—-
1967 4327 2015 4370 t..
2039 4324 2086 4372 8.
2113 4330 2164 4373 in
2188 4326 2223 4371 f.
2250 4325 2304 4370 D.
2327 4325 2395 4371 de
2419 4333 2655 4379 praescr.
2683 4323 2828 4371 verb.
2849 4322 2865 4379 (
2888 4324 2991 4368 xlx
3016 4355 3033 4382 ,

263 4387 367 4446 ὅΉ..
386 4391 437 4438 7.
463 4406 543 4452 pr.
569 4394 597 4448 S
624 4393 650 4437 1
672 4417 730 4426 -
754 4389 801 4439 4.
825 4394 882 4438 D.
907 4391 974 4439 de
999 4394 1141 4448 pact.
1168 4390 1367 4448 (11‚u.)
1405 4411 1460 4421 —-
1496 4387 1571 4433 Cf.
1669 4387 1741 4445 5.)
1763 4414 1821 4423 -—
1845 4391 1896 4434 1..
1920 4388 2000 4432 15.
2023 4389 2070 4433 in
2088 4386 2257 4436 meod.

212 4448 453 4501 Mar-ozon
470 4458 509 4503 l.
531 4458 572 4501 l.
597 4468 654 4513 p.
677 4452 790 4501 260.
817 4461 918 4501 not.
945 4452 994 4501 ὅ.
1020 4479 1081 4487 -—
1100 4454 1208 4500 vid.
1230 4458 1278 4498 et
1300 4449 1576 4499 Brxleben
1729 4450 1777 4507 8)
1801 4452 1872 4499 Cf.
1900 4449 2203 4510 Lanysdort'
2233 4453 2267 4495 l.
2289 4451 2323 4495 l.
2366 4448 2473 4505 §52
2492 4458 2565 4504 sq.
2590 4474 2650 4483 —
2694 4449 2769 4494 Cf.
2795 4452 2844 4494 et
2864 4448 3022 4492 Ham-

213 4510 320 4560 Diss.
338 4517 402 4563 de
423 4524 597 4565 contr.
624 4518 815 4563 innom.
844 4518 1005 4563 indole
1026 4529 1076 4575 p.
1100 4512 1164 4561 5ss
1185 4528 1288 4573 sqq.
1668 4514 1857 4573 berger
1878 4516 1911 4559 l.
1936 4514 1968 4558 1.
1996 4525 2039 4557 c.
2065 4515 2107 4559 1.
2138 4518 2186 4558 et
2215 4514 2275 4558 P.
2297 4514 2519 4557 Roscam
2544 4510 2596 4554 D.
2619 4512 2680 4556 de
2702 4511 2853 4568 pactis
2882 4509 3025 4555 nudis

264 4572 308 4632 4)
323 4579 374 4625 1..
396 4580 445 4625 1.
464 4592 545 4637 pr.
565 4581 625 4625 L.
647 4581 678 4624 2
694 4578 815 4626 -4,
842 4582 896 4625 Ι).
918 4578 985 4627 de
1000 4588 1241 4635 praescr.
1264 4576 1408 4624 verb.
1435 4577 1576 4631 (mx,
1667 4586 1936 4633 eorumque
1964 4576 2111 4621 variis
2132 4573 2406 4621 effectibus.
2436 4571 2588 4629 bugd.
2615 4575 2717 4619 nat.
2741 4570 2885 4618 1754.

210 4631 270 4692 5·)
300 4665 357 4675 —
388 4641 466 4688 ct.
483 4652 643 4701 supra
662 4643 688 4697 S
710 4642 823 4689 139.
844 4643 925 4688 Νι.
952 4642 1029 4686 lv.
1054 4641 1172 4697 ibiq.
1197 4645 1300 4686 not.
1324 4638 1388 4684 28
1411 4662 1470 4671 —-
1494 4637 1574 4685 50.
1730 4638 1782 4696 0)
1804 4636 2132 4695 Hamberqeu·
2159 4640 2191 4681 l.
2214 4639 2248 4683 1.
2272 4649 2315 4681 c.
2344 4637 2420 4683 ¹11.
2446 4658 2505 4667 —
2534 4635 2737 4681 Weber·
2755 4647 2847 4681 von
2872 4633 2921 4679 d.
2950 4643 3035 4679 na·

213 4701 322 4746 Add.
342 4704 539 4751 Keller
559 4704 655 4750 ub.
681 4709 734 4752 Ι..
751 4708 869 4751 (Lu.
893 4704 1082 4752 Urtheil
1104 4698 1434 4761 pate-25⁴.
1456 4700 1574 4760 ibiq.
1672 4706 1788 4748 turl.
1814 4699 2060 4746 verbindl.
2087 4703 2112 4755 g
2132 4696 2213 4745 83.
2239 4704 2287 4745 et
2308 4696 2508 4745 alt—L.
2537 4698 2593 4741 F.
2618 4696 2918 4756 Griese'nqer
2939 4706 3033 4742 von

217 4766 306 4807 not.
329 4762 599 4812 18.-vid.
627 4767 762 4815 intra
784 4767 810 4820 S
830 4763 943 4812 344.
1671 4766 1722 4811 d.
1749 4763 2002 4811 Verbindl.
2024 4763 2074 4808 d.
2098 4764 2331 4818 Vertrage
2364 4760 2520 4815 (Tub.
2548 4757 2721 4815 1793.)
2747 4761 2873 4805 uincti
2902 4761 2937 4803 Ι.
2980 4781 3037 4789 -

264 4821 311 4883 5)
330 4828 381 4873 1..
406 4826 461 4875 7.
481 4831 509 4885 S
531 4827 585 4876 4.
614 4830 672 4876 D.
696 4830 767 4877 de
795 4832 944 4884 pact.
978 4853 1039 4865 —
1073 4828 1128 4876 1..
1152 4823 1230 4873 45.
1255 4826 1373 4872 eod.
1410 4849 1469 4857 —
1503 4823 1576 4871 cf.
1672 4827 1756 4872 Cf.
1774 4840 1818 4871 c.
1846 4827 1892 4873 1.
1917 4828 1966 4868 et
1983 4821 2035 4868 3.
2063 4826 2121 4869 x.
2145 4823 2212 4871 de
2233 4826 2375 4879 pact.
2400 4823 2457 4880 (l,
2479 4818 2579 4877 35.)
2601 4829 2650 4868 et
2691 4835 2838 4880 supra
2873 4824 2898 4875 S
2921 4816 3034 4867 529.

213 4887 395 4946 scripu.
418 4896 527 4936 not.
555 4901 701 4951 seqq.
738 4891 909 4939 laudd.
1681 4901 1756 4935 nr.
1781 4886 1954 4936 6.-Αι
1978 4888 2176 4933 dissent.
2204 4888 2335 4932 Batz
2360 4885 2533 4931 Archiv
2564 4884 2602 4931 f.
2645 4886 2739 4932 civ.
2766 4884 2933 4932 Praxis
2954 4884 3034 4929 ΙΙΙ.

271 4947 316 5010 0)
335 4952 369 4998 E
390 4953 752 5015 scriptoribus,
773 4952 859 5013 qui
882 4954 973 5001 hac
994 4953 1053 5001 de
1079 4965 1130 5000 re
1154 4949 1421 5001 universim
1438 4960 1583 5007 exlio·
1678 4954 1759 4997 Νι.
1785 4953 1823 4998 l.
1849 4952 2010 5009 ibique
2038 4949 2249 4997 maxime
2271 4961 2321 5007 p.
2347 4946 2412 4998 22³.
2430 4960 2539 5007 sqq.
2589 4972 2594 4975 -
