3544 5506
938 357 1069 400 cn».
1112 359 1176 401 v.
1218 359 1294 401 ne
1330 361 1689 403 annotemus
1726 361 1801 403 m·
1839 362 2414 408 renunu'nounms.
2968 360 3079 419 585

251 461 459 520 latere
477 472 752 536 possunt
776 467 1007 526 emtori
1033 462 1096 535 ⁸),
1118 476 1232 527 aut
1259 478 1404 542 post
1429 487 1531 530 em
1549 472 1794 531 tionem
1809 480 2215 534 contractam
2241 476 2725 539 intervenerunt
2747 478 2811 557 ⁹):
2836 484 2928 543 sic
2952 501 3074 546 nee

260 571 339 615 eo
367 561 628 620 nomine
650 562 967 635 obligatur
990 565 1309 634 venditor,
1339 568 1516 639 quod
1537 583 1740 626 onera
1764 566 2023 641 publiea
2050 571 2143 629 rei
2163 570 2582 642 inhaerentia,
2606 578 2932 638 ordinaria
2963 580 3074 640 ilia

268 656 530 726 quidem
551 701 568 726 ‚
596 658 879 717 indicare
902 661 1132 719 emtori
1163 663 1373 721 omisit
1406 669 1499 731 ¹⁰).
1532 668 1868 724 Praeterea
1892 667 2227 727 servitutes
2266 665 2403 728 aliis
2429 672 2679 731 debitas
2696 673 2952 749 praediis
2978 675 3074 754 ¹¹),

267 770 400 814 non
432 756 550 816 nisi
575 775 682 817 eas
702 804 716 829 ‚
747 775 915 833 quae
948 762 1030 817 ab
1065 762 1202 837 ipso
1246 778 1376 821 non
1405 764 1821 835 ignorantur,
1862 775 2193 838 praestare
2223 785 2484 830 necesse
2526 772 2723 833 habet
2743 772 2837 848 12);
2862 791 3076 850 neque

264 870 424 914 vero
442 871 521 915 eo
543 858 881 930 liberatur,
908 862 1084 932 quod
1108 862 1464 934 perfusorie
1510 865 1664 923 dixit
1702 861 1768 923 in
1805 863 2250 926 contrahenda
2281 869 2560 929 emtione
2583 889 2598 939 ;
2622 886 2691 931 se
2715 890 2849 933 non
2867 878 3075 934 teneri

267 963 542 1029 propter
569 960 928 1030 servitutes,
958 974 1127 1031 quae
1150 964 1543 1037 quandoque
1584 966 1961 1024 emerserint
1981 962 2074 1040 13).
2096 970 2171 1025 At
2191 969 2454 1028 omnino
2468 966 2754 1029 omnium
2777 967 3076 1033 vitiorum

262 1065 528 1123 nomine
558 1067 899 1139 obligatur,
931 1085 1100 1143 quae
1124 1070 1346 1129 abesse
1371 1086 1408 1128 a
1439 1086 1511 1128 re
1537 1071 1912 1129 nominatim
1938 1067 2092 1130 dixit
2115 1069 2531 1148 promisitque
2544 1072 2638 1150 ¹⁴).
2660 1079 2896 1137 Contra
2916 1095 3074 1140 vero

274 1172 473 1235 pacto
499 1167 580 1224 de
604 1183 735 1225 non
761 1171 1156 1241 praestandis
1180 1166 1342 1229 vitiis
1365 1171 1698 1247 liberatur,
1725 1179 2181 1248 praeterquam
2209 1176 2260 1232 si
2282 1176 2509 1234 celavit
2531 1164 2869 1250 emtor-em,
2902 1196 3071 1253 quae

267 1259 389 1332 ipsi
413 1270 568 1320 nota
588 1262 850 1323 fuerunt
873 1262 965 1337 ¹⁵).
995 1271 1070 1338 ΙΙ)
1092 1267 1271 1344 Quod
1293 1267 1345 1325 si
1369 1285 1382 1323 :
1409 1268 1614 1326 inesse
1645 1270 1964 1341 quaedam
1980 1264 2074 1327 rei
2099 1286 2515 1330 accessurave
2532 1275 2760 1332 emtori
2790 1274 3076 1347 promisit

268 1377 348 1419 ex
379 1376 459 1418 eo
510 1377 777 1432 genere,
826 1376 992 1436 quae
1019 1376 1095 1422 ex
1126 1371 1437 1424 consueta
1488 1367 1784 1425 emtionis
1821 1367 2029 1426 forma
2060 1370 2193 1442 peti
2229 1378 2589 1447 nequeunt,
2626 1373 2785 1432 haee
2812 1389 3073 1450 quoque

260 1463 651 1535 praestanda
675 1471 823 1520 sunt
854 1464 948 1539 ¹⁶),
979 1467 1096 1523 nisi
1120 1466 1330 1524 obiter
1357 1448 1829 1534 tantummodo,
1857 1474 2052 1542 atque
2076 1470 2186 1546 ita,
2216 1476 2289 1528 ut
2317 1472 2453 1530 fieri
2479 1474 2725 1532 adsolet
2752 1475 2816 1533 in
2846 1477 3072 1536 emtio-

266 1559 482 1628 nibus,
509 1564 600 1619 rei
636 1565 1188 1641 commendandae
1209 1567 1410 1637 gratia
1439 1565 1794 1627 bonitatem
1823 1568 1960 1641 ejus
2002 1571 2358 1628 laudaverit
2386 1570 2476 1639 1Ἰ).
2510 1575 2634 1632 Nee
2674 1577 2882 1633 minus
2920 1592 3072 1649 pro-

259 1670 492 1735 pterea
513 1664 862 1734 obligatur,
894 1667 1067 1738 quod
1103 1663 1500 1725 ornamentis
1532 1664 1817 1742 tucisque
1856 1670 2146 1729 adhibitis
2178 1666 2564 1743 vegetiorem
2612 1675 2939 1747 mancipiis
2960 1681 3074 1734 aut

264 1763 648 1820 animalibus
672 1763 1210 1838 integrioremque
1243 1766 1484 1825 affinxit
1512 1770 1759 1826 vultum
1786 1770 1885 1827 vel
1918 1769 2228 1839 formam3
2258 1741 2431 1829 unde
2459 1773 2634 1830 velut
2656 1774 2852 1832 tacito
2871 1782 3063 1846 pacto

259 1866 636 1923 convenisse
670 1862 841 1925 inter
861 1876 1076 1940 partes
1101 1870 1378 1944 videtur,
1403 1877 1478 1927 ut
1501 1873 1659 1930 tales
1681 1870 1872 1930 etiam
1897 1878 2309 1945 praestentur
2330 1889 2455 1938 res,
2486 1878 2709 1946 quates
2725 1871 2939 1948 specie
2961 1892 3075 1950 ap-

258 1969 536 2035 pareant
556 1965 643 2028 ιΘ).
663 1961 766 2039 111)
793 1965 988 2023 Debet
1012 1972 1356 2037 praeterea
1382 1963 1680 2027 venditor
1702 1968 1784 2026 de
1805 1968 1900 2025 his
1917 1969 2332 2040 praestandis,
2349 1985 2515 2041 quae
2537 1967 2843 2029 Aediiium
2862 1968 3074 2032 edicto

264 2056 692 2115 continentur
713 2105 728 2131 ‚
787 2061 1054 2133 duplum
1081 2061 1533 2134 repromittere
1562 2063 1793 2120 emtori
1822 2055 1915 2137 19).
1944 2067 2275 2122 Caeterum
2301 2064 2400 2137 IV)
2430 2064 2494 2122 in
2524 2066 2840 2124 fiscalibus
2859 2069 3074 2127 vendi-

265 2149 552 2211 tionibus
581 2156 846 2215 omnino
873 2158 1086 2215 locum
1110 2171 1239 2215 non
1272 2156 1464 2216 habet
1486 2158 1844 2217 Aedilitium
1865 2159 2144 2218 edictum
2166 2146 2277 2233 )⁰²‚
2303 2175 2433 2219 non
2462 2162 2658 2234 magis
2686 2179 2877 2236 quam
2907 2164 2971 2222 in
2993 2165 3077 2223 vi-

266 2249 653 2308 lissimarum
672 2266 891 2310 rerum
909 2253 1275 2311 venditione
1285 2247 1387 2327 ²¹).

886 2415 912 2488 §
936 2411 1079 2469 405.
1110 2410 1219 2485 bb)
1244 2408 1532 2479 Quomodo
1546 2407 1646 2489 jus
1668 2427 1837 2468 suum
1856 2418 2237 2489 persequatur
2257 2419 2457 2470 emtor.

348 2573 637 2632 Actiones
657 2578 907 2643 autem,
942 2574 1172 2647 quibus
1201 2576 1503 2633 adversus
1535 2575 1938 2633 venditorem
1970 2575 2172 2632 utitur
2205 2582 2414 2634 emtor
2435 2621 2451 2649 ,
2490 2583 2603 2633 aut
2633 2590 2708 2635 ex
2736 2570 2900 2636 civiti
2926 2577 3078 2652 jure

327 2709 379 2768 8)
402 2712 453 2758 L.
470 2708 516 2758 1.
535 2706 620 2767 36.
645 2708 920 2766 1..14.310.
942 2712 996 2760 L.
1021 2708 1100 2759 55.
1126 2712 1180 2758 D.
1203 2711 1254 2758 Ιι.
1278 2716 1314 2760 t.
1339 2714 1410 2768 (L.
1432 2710 1629 2771 15.31.
1695 2715 1722 2770 3
1745 2711 1860 2761 970.
1878 2712 1960 2760 Nr.
1980 2713 2058 2761 Vl.
2080 2738 2136 2747 -
2159 2711 2271 2760 Sed.
2296 2711 2395 2761 vid.
2416 2714 2686 2761 Neustetel
2707 2716 2740 2762 1.
2765 2715 2797 2761 t.
2819 2726 2867 2778 p.
2889 2713 2982 2763 207
3064 2749 3077 2764 .

257 2773 1188 2834 D.decon1t·.emt.)—-Ct.Gesterdinq
1205 2776 1348 2822 Arch.
1371 2776 1636 2823 t'.civ.Pra-
1762 2776 1839 2836 16)
1873 2778 1925 2822 L.
1955 2776 2030 2825 17.
2054 2779 2080 2836 S
2104 2776 2182 2822 20.
2208 2777 2260 2821 L.
2284 2773 2362 2823 18.
2383 2779 2431 2824 L.
2459 2775 2532 2824 19.
2558 2778 2584 2832 S
2603 2775 2651 2825 4.
2676 2778 2796 2825 1).Ιι.
2814 2780 2973 2826 t.—1..
3059 2814 3073 2827 .

258 2838 334 2883 xis
355 2839 440 2883 tv,
465 2838 544 2883 Νι.
565 2834 615 2883 5.
638 2841 686 2882 et
723 2837 964 2883 Ausbeute
1010 2839 1088 2884 tv.
1132 2850 1180 2895 p.
1223 2836 1316 2886 ⁴29
1355 2851 1460 2897 sqq.
1485 2863 1545 2873 —-
1569 2842 1636 2884 Ac
1698 2841 1725 2895 3
1743 2838 1790 2885 2.
1819 2841 1869 2885 in
1891 2839 1927 2884 t.
1951 2842 2004 2886 D.
2028 2840 2095 2886 de
2118 2840 2187 2886 V.
2213 2839 2272 2884 0.
2298 2841 2453 2895 (XLV,
2479 2841 2545 2894 1.)

260 2902 426 2945 mutto
445 2900 592 2945 etiam
615 2901 773 2945 minus
797 2903 1105 2957 praestantur
1125 2900 1241 2946 vitia
1260 2934 1275 2958 ‚
1306 2913 1513 2959 quorum
1536 2901 1639 2959 qui·
1768 2900 1843 2958 17)
1880 2902 1931 2945 t..
1954 2896 2033 2950 45.
2056 2914 2129 2960 pr.
2155 2903 2207 2947 D.
2231 2900 2299 2947 de
2321 2905 2493 2948 contr.
2520 2904 2642 2947 eme.
2670 2926 2730 2936 —
2750 2903 2802 2947 L.
2824 2899 2901 2949 19.
2928 2915 3002 2959 pr.
3015 2908 3069 2950 et

261 2962 378 3008 dem
414 2969 601 3007 certam
625 2962 794 3008 hahuit
829 2962 1052 3007 notitiam
1073 2967 1249 3009 emtor.
1275 2964 1327 3008 L.
1365 2961 1443 3008 48.
1465 2967 1490 3019 3
1512 2960 1561 3010 4.
1584 2964 1637 3008 D.
1705 2967 1731 3021 ς
1747 2962 1797 3010 5.
1820 2966 1875 3011 D.
1900 2962 1955 3010 Ιι.
1976 2969 2077 3011 t.—-
2097 2965 2148 3009 L.
2173 2961 2254 3010 37.
2279 2964 2332 3008 D.
2357 2963 2426 3010 de
2446 2963 2565 3009 dolo
2588 2964 2740 3009 malo.
2766 2966 2866 3021 (tv,
2886 2967 2955 3021 3.)

263 3023 318 3070 la.
346 3029 387 3070 t.
412 3048 475 3056 —
499 3026 758 3071 Caeterum
781 3033 950 3069 eorum
977 3057 991 3083 ‚
1030 3024 1112 3082 qui
1136 3025 1299 3072 alieno
1330 3025 1527 3070 nomine
1564 3035 1641 3070 res
1769 3023 1847 3084 18)
1882 3025 1954 3072 lta
1976 3029 2108 3072 enim
2142 3026 2564 3082 interpretandam
2593 3034 2695 3071 esse
2726 3039 2899 3073 censeo
2923 3029 2971 3072 1..
2995 3024 3077 3075 58.

261 3090 461 3142 emunt,
482 3087 743 3145 impeditur
772 3086 997 3144 scientia,
1018 3097 1119 3144 quo
1135 3088 1297 3133 minus
1318 3091 1367 3132 et
1389 3089 1479 3145 ipsi
1497 3098 1642 3144 agere
1704 3100 1778 3146 pr.
1801 3089 1856 3135 D.
1881 3088 1935 3135 Ιι.
1959 3091 1997 3135 t.
2025 3104 2050 3131 «ι
2063 3087 2151 3142 Qui
2172 3088 2390 3142 jumenta
2414 3088 2647 3145 vendunt,
2669 3089 2830 3143 patam
2852 3094 2983 3134 recte
3004 3089 3082 3136 di-

260 3151 455 3205 possint
493 3151 678 3196 domini
725 3149 1051 3206 negotiorum.
1076 3149 1128 3193 L.
1152 3145 1232 3196 51.
1258 3151 1313 3195 D.
1337 3148 1390 3195 Ιι.
1416 3153 1454 3195 1.
1479 3173 1539 3181 —
1561 3150 1637 3195 ct.
1704 3155 1873 3208 cuuto,
1889 3149 2091 3212 quidm
2114 3159 2326 3207 quoque
2345 3160 2529 3195 eorum
2552 3149 2717 3194 morbi
2735 3150 2959 3206 vimque
2980 3151 3080 3199 eu.-

259 3211 314 3256 1..
339 3212 421 3257 12.
450 3216 499 3254 et
521 3211 600 3259 13.
623 3214 675 3258 D.
700 3210 767 3258 de
787 3213 958 3258 contr.
983 3213 1104 3256 emt.
1131 3211 1236 3258 Vid.
1264 3209 1510 3259 Auctoris
1529 3212 1643 3257 Ces·
1704 3213 1788 3259 uti
1805 3225 1946 3270 quae
1964 3211 2152 3267 optime
2171 3214 2367 3257 ornata
2379 3209 2649 3257 vendendi
2665 3222 2834 3258 causa
2849 3211 3081 3276 fuerint,

259 3274 368 3320 sion
392 3275 422 3328 3
449 3270 526 3320 15.
551 3300 606 3309 -
627 3273 787 3321 οίᾱοΙε
808 3274 959 3319 Pand.
983 3275 1083 3320 xx.
1110 3284 1158 3329 p.
1182 3271 1239 3321 51
1268 3298 1328 3306 —
1350 3271 1431 3320 56.
1453 3297 1512 3306 -
1543 3275 1646 3320 Un-
1708 3273 1784 3321 ila
1803 3274 2089 3323 emtoribus
2122 3273 2435 3328 trademur,-
2466 3274 2504 3318 si
2540 3273 2659 3332 quid
2683 3273 2748 3319 ita
2772 3275 2957 3321 factum
2982 3288 3082 3325 non

261 3336 572 3384 ternolzner
592 3339 627 3384 1.
647 3338 680 3382 1.
706 3349 752 3394 p.
775 3333 860 3382 74.
884 3341 987 3382 not.
1006 3333 1086 3382 36.
1710 3339 1834 3394 erit,
1851 3340 1912 3385 de
1935 3337 2232 3384 ornamentis
2256 3334 2564 3381 restituendis
2605 3334 2685 3391 (ct.
2712 3336 2763 3381 L.
2788 3338 2878 3383 ult.
2900 3338 2926 3392 3
2946 3338 2993 3384 1.
3019 3341 3076 3385 D.

318 3396 370 3455 9)
408 3400 462 3444 L.
487 3397 568 3447 54.
593 3401 647 3445 D.
673 3399 725 3443 L.
744 3395 823 3444 23.
848 3399 900 3443 C.
922 3398 975 3444 Ιι.
1000 3404 1037 3447 t.
1712 3398 1781 3445 de
1802 3401 1872 3447 V.
1894 3402 1965 3458 S.)
1988 3424 2043 3432 -
2070 3419 2126 3431 --
2146 3398 2382 3453 ,iudicium
2401 3393 2639 3444 dabimus.
2664 3413 2688 3437 n
2709 3421 2761 3430 —
2787 3400 2864 3445 Cf.
2885 3403 2934 3444 et
2954 3402 2979 3455 3
3003 3401 3082 3450 11.

325 3458 409 3517 10)
447 3466 564 3519 Arg.
592 3463 644 3507 L.
675 3458 751 3506 15.
773 3461 861 3517 31.
891 3461 945 3508 D.
968 3461 1035 3507 de
1055 3461 1229 3509 contr.
1248 3463 1370 3506 emt.
1387 3485 1443 3494 -
1461 3462 1650 3507 caeter.

262 3521 362 3569 vid.
395 3524 453 3568 L.
480 3525 559 3570 21.
583 3525 608 3578 S
632 3523 675 3571 1.
701 3523 756 3568 D.
779 3522 847 3569 de
868 3533 918 3567 a.
944 3536 992 3571 e.
1018 3536 1067 3570 v.
1091 3522 1247 3581 (xm,
1274 3521 1340 3581 1.)
1360 3528 1411 3569 et
1431 3523 1486 3568 L.
1508 3520 1557 3569 9.
1594 3523 1647 3568 C.

261 3586 381 3631 eod.
406 3585 510 3643 (tv,
529 3584 628 3642 49.)

326 3647 406 3705 11)
442 3650 564 3696 Nam
581 3649 642 3693 de
656 3646 907 3692 usufructu
930 3681 945 3704 ‚
966 3645 1263 3706 quiquidem
1284 3648 1346 3693 ad
1364 3645 1514 3693 atium
1533 3657 1644 3703 per-

264 3709 444 3767 tineat,
487 3722 546 3758 eo
565 3711 676 3766 jure
701 3714 895 3754 tenetur
915 3709 1166 3766 venditor,
1198 3709 1330 3766 quod
1363 3714 1435 3754 est
1460 3709 1520 3753 de
1550 3708 1646 3753 evi-

263 3774 444 3819 ctionis
466 3771 785 3830 praestandae
806 3768 981 3817 officio.
1007 3772 1115 3819 Vid.
1139 3773 1165 3827 3
1186 3770 1296 3818 399.
1321 3776 1425 3817 not.
1448 3769 1560 3817 7.-
1590 3773 1643 3818 T.

263 3837 331 3880 A.
357 3838 503 3890 Topp
525 3835 641 3891 (Pr.
658 3835 814 3889 patre
832 3833 848 3890 )
865 3834 926 3879 de
946 3835 1136 3880 actione
1156 3834 1471 3897 redhibitoria
1491 3837 1540 3878 et
1562 3845 1645 3893 qu.

261 3897 388 3943 min.
417 3909 519 3943 non
540 3896 843 3943 extendenda
867 3895 929 3940 ad
942 3896 1117 3942 defect.
1148 3897 1197 3942 in
1219 3897 1435 3942 bonitate
1459 3896 1650 3954 praeci-

259 3968 355 4014 pue
376 3970 546 4004 rerum
568 3958 898 4014 tnngibilium.
924 3958 1126 4005 Hetmst.
1149 3953 1289 4004 1755.

329 4022 411 4076 12)
449 4022 502 4067 t..
535 4018 617 4068 66.
661 4032 736 4081 pr.
777 4020 831 4065 D.
872 4019 939 4065 de
967 4024 1138 4067 contr.
1169 4024 1292 4066 emt.
1315 4044 1373 4052 —
1399 4022 1451 4066 L.
1484 4019 1530 4067 1.
1555 4022 1576 4074 S
1597 4022 1644 4067 1.

262 4080 317 4127 L.
355 4081 441 4129 39.
470 4086 524 4129 D.
551 4084 618 4129 de
639 4096 693 4130 a.
727 4093 776 4129 e.
799 4082 1010 4139 v.(X1x‚
1034 4083 1099 4137 1.)
1123 4104 1182 4116 —-
1205 4083 1314 4129 vid.
1340 4087 1389 4127 et
1410 4084 1461 4128 L.
1490 4081 1569 4130 59.
1588 4085 1643 4130 D.

261 4143 334 4189 de
371 4149 549 4191 contr.
593 4149 716 4192 emt.
747 4150 795 4189 et
820 4145 871 4190 L.
894 4141 974 4189 75.
1008 4146 1062 4190 D.
1084 4143 1151 4191 de
1175 4143 1328 4191 evict.
1353 4168 1412 4177 —
1436 4145 1642 4193 Dissent.

264 4207 556 4254 Neu-stete!
581 4206 614 4254 1.
642 4210 675 4254 Ι.
711 4219 758 4264 p.
781 4204 876 4252 222
898 4230 957 4239 -
973 4205 1158 4252 2520—
1174 4207 1247 4252 Ct.
1281 4211 1329 4251 et
1354 4207 1643 4254 Schoeman

262 4265 547 4316 Eandbuch
570 4272 654 4317 des
676 4267 776 4316 Civ.
802 4271 856 4314 R.
882 4271 940 4317 11.
965 4282 1014 4327 p.
1038 4267 1129 4316 114
1152 4294 1209 4303 --
1237 4267 1344 4315 128.

328 4329 413 4384 15)
447 4333 502 4377 L.
525 4331 608 4380 69.
633 4333 658 4389 3
680 4330 727 4378 5.
754 4333 807 4378 D.
833 4327 901 4377 de
920 4332 1073 4379 evict.
1113 4333 1248 4388 (xxi
1266 4365 1280 4390 ‚
1301 4331 1348 4379 Ξ.
1372 4339 1388 4389 )
1425 4330 1604 4386 (verb.
1633 4341 1646 4373 τ

264 4407 290 4434 ιι
317 4394 477 4440 Sicuti
495 4397 578 4452 qui
602 4395 808 4441 tumtum
829 4394 1011 4440 tradit»
1035 4397 1289 4455 rel.).—L.
1308 4395 1352 4442 1.
1375 4395 1401 4449 S
1426 4392 1470 4439 1.
1496 4395 1547 4439 L.
1566 4390 1647 4439 59.

261 4456 318 4502 D.
342 4456 415 4502 de
440 4469 492 4503 a.
518 4470 566 4503 e.
589 4470 643 4503 υ.
668 4459 808 4509 (xlx,
834 4457 901 4513 1.)

326 4516 411 4574 14)
449 4521 501 4565 L.
525 4520 603 4566 13.
630 4521 724 4575 33.
748 4519 815 4565 de
837 4530 888 4565 a.
912 4529 960 4566 e.
986 4518 1171 4576 v.(xtx
1191 4553 1208 4581 ,
1235 4518 1305 4578 1.)
1333 4545 1388 4552 -
1412 4519 1464 4564 L.
1486 4515 1533 4564 4.
1555 4515 1646 4572 §5-

260 4581 317 4627 L.
362 4579 445 4627 17.
482 4585 510 4638 3
540 4581 621 4628 20.
660 4584 712 4627 D.
748 4581 798 4627 Ιι.
836 4584 873 4627 e.
901 4583 1036 4627 —-1..
1067 4580 1150 4628 66.
1188 4594 1261 4641 pr.
1297 4585 1353 4629 D.
1385 4580 1648 4629 dec-onir.

259 4646 392 4688 emt.

330 4704 418 4762 15)
452 4708 504 4751 1..
531 4705 613 4752 31.
638 4708 693 4752 n.
720 4704 950 4763 depace.
977 4706 1057 4767 (ιι,
1076 4707 1244 4765 14.)-
1270 4709 1323 4753 ι..
1348 4703 1427 4753 1⁴.
1453 4707 1479 4763 s
1500 4704 1549 4752 9.
1577 4703 1655 4752 10.

1711 3462 1830 3508 eod.
1854 3462 1872 3519 (
1887 3483 1909 3505 a
1921 3464 1974 3510 V
1973 3459 2206 3509 endendi
2224 3463 2400 3505 autem
2418 3471 2590 3506 causa
2610 3462 3083 3516 ornatumjumen-

1714 3526 1823 3571 tum
1861 3525 2010 3571 videri
2051 3523 2237 3568 Caelius
2273 3522 2502 3567 ait——
2524 3522 2561 3567 si
2602 3522 2650 3567 in
2684 3524 2784 3581 ipsa
2807 3523 3083 3572 venditione

1713 3591 1940 3635 ornatum
1963 3588 2025 3632 sit
2047 3619 2062 3638 .
2085 3589 2170 3631 aut
2192 3585 2328 3641 ideo,
2351 3586 2538 3631 venale
2559 3595 2677 3631 cum
2697 3590 2841 3632 esset
2896 3585 2977 3633 sic
2993 3601 3080 3634 or-

1706 3653 1893 3696 natum
1933 3648 2453 3708 impe'cereeurn—);
2477 3659 2565 3692 nec
2606 3658 2703 3693 non
2743 3649 2793 3694 L.
2836 3620 2917 3696 37.
2962 3651 3081 3701 eod.

1709 3712 1726 3767 (
1752 3718 1841 3758 «ut
1862 3725 1972 3758 ecce
2016 3710 2234 3769 pterique
2262 3710 2420 3755 soient
2440 3711 2679 3767 mancipia
2704 3742 2718 3766 ‚
2752 3722 2877 3769 quae
2900 3714 3085 3763 novitia

1712 3786 1810 3820 non
1833 3780 1966 3832 sunt,
1986 3774 2121 3833 quasi
2157 3771 2335 3817 novitia
2356 3771 2654 3827 distrahere,
2678 3771 2738 3817 ad
2756 3772 2849 3819 hoc
2863 3775 3081 3837 scilicet,

1711 3841 1766 3882 ut
1810 3839 1958 3895 pluris
1999 3837 2210 3881 vendant
2232 3869 2248 3890 .,
2276 3856 2336 3865 —
2360 3859 2415 3867 —
2436 3858 2496 3866 —-
2525 3833 2720 3881 idcirco
2759 3834 3086 3891 Inter-potant

1711 3902 2061 3960 vetet-atores,
2077 3904 2223 3953 etpro
2244 3898 2442 3942 novitiis
2464 3897 2853 3954 vendunqquod
2873 3909 2941 3944 ne
2958 3901 3080 3965 nat,

1712 3960 1808 4008 Inoo
1832 3960 2001 4008 edicto
2024 3959 2237 4006 Aediles
2255 3958 2592 4006 denuntiant.
2617 3973 2641 4000 u
2667 3983 2725 3991 —
2744 3960 2852 4005 Jam
2876 3971 3084 4018 sequun-

1709 4027 1790 4068 tur
1810 4025 1863 4069 L.
1889 4020 1968 4069 58.
1992 4024 2089 4080 ipsa
2113 4021 2259 4067 edicti
2282 4022 2448 4076 verba,
2471 4032 2596 4078 quae
2618 4021 2836 4078 superius
2857 4022 3083 4073 exhibui..

1707 4088 1851 4140 mus).
1874 4086 2016 4143 Atqui
2031 4086 2335 4141 interpretes,
2357 4086 2596 4140 quotquot
2617 4084 2749 4138 novi,
2766 4082 3080 4137 deiumento-

1709 4159 1818 4192 rum
1844 4147 2195 4193 accessionibus
2225 4145 2357 4191 hunc
2379 4148 2538 4190 iocum
2566 4156 2669 4190 esse
2710 4146 3082 4203 intelligendum

1708 4210 1972 4267 opinantur
1995 4243 2010 4268 ‚
2051 4209 2165 4254 ticet
2203 4214 2251 4252 et
2293 4208 2381 4264 ipsi
2419 4208 2547 4251 inter
2585 4219 2635 4252 se
2678 4208 2739 4254 de
2781 4208 3080 4265 singulorum

1708 4272 1969 4318 verborum
2021 4271 2417 4326 interpretatione
2455 4268 2758 4317 dissentiant.
2796 4273 2902 4320 vid.
2951 4286 2995 4320 v.
3034 4289 3079 4323 c.

1711 4335 1984 4382 Neustetel
1998 4347 2047 4443 Ξ.
2071 4332 2183 4379 202.
2197 4337 2246 4378 et
2264 4329 2458 4379 not.27.
2475 4354 2535 4364 —
2554 4332 2938 4382 Unterlzolzner
2957 4336 3082 4396 p.84

1712 4406 1784 4453 sq.
1811 4401 1859 4441 et
1877 4400 1979 4442 not.
2031 4395 2079 4442 9.

1778 4455 1856 4509 19)
1889 4457 1961 4504 ef.
1987 4461 2039 4505 L.
2060 4455 2139 4503 28.
2163 4460 2215 4505 1..
2236 4458 2315 4503 31.
2337 4458 2362 4512 3
2384 4453 2463 4502 20.
2491 4458 2552 4503 D.
2581 4458 2633 4504 Ιι.
2660 4462 2697 4504 t.
2720 4483 2777 4491 —
2798 4462 2852 4507 L.
2884 4458 2961 4507 47.
2983 4466 3008 4519 3
3031 4466 3080 4514 1.

1713 4521 1777 4630 ¹2³4
1794 4519 1860 4565 de
1879 4522 2035 4568 evict.
2059 4521 2075 4577 (
2100 4523 2200 4567 xxi
2218 4555 2234 4580 ,
2257 4521 2303 4566 2.
2328 4520 2417 4577 )-
2439 4521 2515 4567 ct.
2538 4523 2817 4570 Neustetet
2832 4536 2883 4582 p.
2906 4523 3001 4573 236
3022 4553 3084 4564 --

1779 4583 1826 4627 3.
1847 4584 1941 4639 (nr.
1965 4584 2082 4639 vt.).

1782 4644 1861 4702 20)
1895 4647 1945 4691 L.
1972 4647 2017 4693 1.
2043 4644 2136 4702 33.
2160 4648 2215 4694 D.
2240 4646 2295 4692 Ιι.
2321 4651 2357 4694 e.
2379 4644 2453 4692 ct.
2479 4647 2506 4701 3
2524 4641 2570 4691 4.
2594 4646 2712 4692 eod.

1788 4708 1866 4766 21)
1886 4710 1938 4753 L.
1965 4706 2043 4755 48.
2066 4706 2155 4764 38.
2180 4710 2235 4756 1).
2263 4710 2313 4756 ὴ.
2341 4712 2378 4755 t.
2415 4708 2823 4767 “simplat-iarum
2843 4715 3088 4763 venditio-

260 4768 323 4813 D.
350 4768 406 4814 h.
436 4771 474 4813 e.
503 4794 557 4802 —-
583 4769 635 4813 L.
656 4766 734 4815 39.
763 4769 815 4814 D.
842 4768 980 4815 dea.
1001 4779 1049 4815 e.
1083 4780 1133 4816 v.
1175 4770 1304 4824 (xlx
1325 4802 1340 4826 ‚
1363 4767 1436 4824 1.)
1460 4794 1517 4802 —
1539 4769 1661 4814 Sunt
1723 4781 1843 4815 num
1877 4782 2021 4817 causa
2053 4784 2115 4818 ne
2153 4772 2217 4817 sit
2250 4771 2511 4818 redhibitio
2535 4805 2550 4828 ‚
2586 4772 2633 4817 in
2674 4784 2763 4820 usu
2797 4781 2887 4824 est.
2910 4792 2936 4820 ιι
2970 4779 3085 4827 vtd.

261 4830 351 4887 qui
378 4833 633 4891 statuant,
658 4835 853 4888 pactum
877 4832 937 4877 de
958 4843 1055 4877 non
1088 4831 1384 4890 praestandis
1413 4831 1539 4877 vitiis
1561 4842 1657 4876 non

263 4893 459 4947 valere,
486 4894 580 4939 nisi
600 4893 887 4939 nominatim
910 4901 1112 4951 excepta
1137 4893 1233 4939 sint
1256 4893 1394 4950 vitia,
1416 4905 1540 4952 quae
1561 4905 1656 4938 non

261 4960 585 5011 praestentur
625 4967 653 5002 a
694 4957 943 5002 venditore
968 4989 983 5016 ‚
1025 4968 1070 5002 r.
1114 4968 1158 5002 c.
1193 4956 1430 5003 Giinther
1455 4967 1527 5015 pr.
1548 4955 1586 5012 j.
1612 4968 1655 5003 r.

1727 4833 1920 4879 Noodt.
1974 4835 2035 4880 ad
2074 4835 2125 4882 Ιι.
2175 4839 2212 4882 t.
2269 4835 2418 4881 Pand.
2473 4835 2499 4890 3
2550 4834 2656 4880 Sed
2703 4841 2996 4895 appot-etin
3039 4840 3080 4888 1.

1723 4895 1874 5016 &pipi
1900 4896 1959 5005 1⁴⁸.
1994 4897 2053 4944 1¹.
2087 4911 2136 4956 p.
2171 4897 2281 4946 351.
2300 4900 2336 4957 ).
2364 4923 2419 4930 --
2444 4894 2603 4944 Glt't'clt
2635 4900 2787 4949 Pand.
2809 4904 2909 4949 xx.
2933 4916 2982 4961 p.
3005 4900 3085 4951 45.

2687 5054 2764 5112 49
