3544 5506
1016 317 1152 360 car.
1190 317 1284 362 vr.
1323 318 1401 361 na
1435 318 1869 364 successionum
1906 321 2361 364 imminemus.
2967 310 3080 372 ωδ

278 429 652 488 destitutum
679 444 733 489 s.
774 430 1099 489 desertum
1142 438 1633 497 testamentum,
1667 449 1852 502 cum,
1894 435 2002 507 qui
2024 434 2175 507 jure
2205 435 2533 494 institutus
2574 443 2674 496 est
2699 437 2924 505 heres,
2964 447 3080 500 aut

277 529 438 588 nolit
468 536 582 587 aut
606 544 737 588 non
762 531 960 602 possit
988 532 1325 605 acquirere
1350 532 1866 603 hereditatem¹).
1904 538 2079 610 Quae
2111 536 2366 607 quidem
2406 543 2471 593 et
2514 537 2574 595 in
2621 537 3073 599 intestatorum

277 626 665 685 hereditates
685 622 859 685 haud
884 628 1293 687 incommode
1316 630 1659 687 conveniet
1693 631 1897 690 notio.
1931 631 2241 708 Quoniam
2272 638 2487 690 autem
2534 634 2615 691 de
2662 633 3072 703 omittendis,

275 717 409 781 sive
435 719 893 782 hereditatibus
920 724 1049 783 sive
1091 724 1311 797 legatis
1332 769 1348 788 .
1390 726 1662 799 junctim
1696 722 1865 784 infra
1910 743 1947 784 a
1993 727 2172 785 nobis
2201 728 2452 786 dicetur
2488 730 2508 801 (
2528 731 2552 803 ς
2583 728 2704 789 783
2741 763 2821 773 -
2854 730 2996 791 785.
3015 731 3065 807 ),

274 819 592 894 reliquum
637 823 1088 879 tantummodo
1128 829 1252 891 est,
1297 829 1403 892 ut,
1447 840 1618 895 quae
1651 823 1848 882 etiam
1895 831 2155 898 praeter
2191 840 2631 883 successorum
2677 827 3075 888 voluntatem

273 917 598 974 desertum
633 916 869 975 saciant
885 917 992 990 jus
1011 918 1432 989 succedendi,
1461 920 1743 978 breviter
1776 902 2366 1007 commemorentur
2390 936 2643 982 causae.
2676 922 2833 980 Sunt
2858 931 3075 985 autem

274 1010 402 1092 hae.
437 1028 453 1068 z
498 1027 674 1071 mors
702 1012 998 1071 honorati
1033 1021 1222 1073 antea
1250 1010 1581 1079 eveniens,
1613 1031 1808 1089 quam
1857 1017 1938 1074 ad
1974 1016 2245 1075 heredes
2277 1015 2371 1093 jus
2417 1033 2601 1076 suum
2641 1020 3077 1081 transmittere

271 1104 649 1181 potuer-iv),
682 1116 886 1168 status
907 1111 1366 1169 conditionisve
1397 1112 1670 1170 mulatio
1697 1112 1839 1170 talis
1860 1152 1877 1179 ,
1914 1128 2083 1186 quae
2117 1112 2223 1186 jus
2255 1128 2332 1171 ex
2360 1112 2643 1171 defuncti
2681 1114 2865 1173 bonis
2892 1117 3073 1189 quic·

271 1221 467 1278 quam
508 1201 800 1278 capiendi
842 1204 1252 1279 impediat³),
1296 1208 1587 1267 conditio
1630 1208 1932 1267 deficiens
1973 1209 2404 1267 hereditatum
2457 1212 2554 1268 vel
2598 1212 3066 1287 legatorum⁴).

268 1302 472 1373 Atque
490 1317 566 1359 ex
588 1303 683 1360 his
712 1304 1004 1362 omnibus
1035 1304 1269 1370 causis,
1303 1299 1355 1361 si
1383 1305 1642 1377 quidem
1685 1307 1749 1361 in
1793 1305 2040 1362 heredis
2069 1320 2343 1377 persona
2379 1306 2719 1376 eveniant,
2753 1324 2876 1367 nec
2905 1324 3061 1368 vero

266 1401 646 1461 codicillaris
690 1405 978 1461 clausula
1020 1403 1273 1477 adjecta
1302 1405 1419 1476 sit,
1464 1421 1583 1479 pro
1622 1420 1755 1465 non
1799 1406 2049 1478 scriptis
2089 1412 2242 1464 sunt
2270 1406 2564 1466 habenda
2588 1449 2607 1478 ,
2636 1424 3071 1484 quaecunque

266 1499 684 1556 continentur
709 1505 1100 1559 testamento
1112 1496 1135 1532 ⁵
1148 1498 1165 1571 )
1178 1541 1194 1559 .

769 1645 795 1720 §
827 1650 972 1709 779.
1003 1647 1072 1722 c)
1095 1650 1178 1706 De
1202 1657 1374 1726 rupto
1398 1612 1729 1707 testamento
1755 1647 1828 1723 a)
1851 1647 2109 1726 postumi
2128 1648 2439 1726 aquatione
2465 1647 2557 1726 (⁶).

344 1795 749 1868 Rumpuntur
764 1792 1029 1856 ultimae
1049 1796 1382 1855 hominum
1409 1797 1776 1854 voluntates
1795 1801 1908 1853 aut
1936 1795 2206 1867 postumi
2234 1796 2577 1866 agnatione
2604 1838 2621 1866 ‚
2670 1804 2785 1855 aut
2814 1806 3062 1859 mutata

260 1898 643 1953 testatorum
685 1893 1100 1963 voluntate¹).
1148 1898 1409 1973 Quoties
1453 1895 1645 1967 igitur
1694 1902 1837 1967 post
1883 1894 2124 1953 sactum
2178 1901 2631 1954 testamentum
2676 1912 2828 1955 suns
2875 1898 3064 1958 heres

259 1997 627 2065 agnascitur
653 1998 946 2056 testatori
964 2042 980 2059 ,
1006 1998 1135 2055 sive
1158 1997 1539 2055 naturaliter
1561 1995 1691 2054 sive
1719 1991 2061 2069 civiliter2)
2083 2037 2100 2064 ,
2136 1997 2455 2067 rumpitur
2487 2002 2937 2055 testamentum
2958 1994 3049 2068 31,

257 2087 388 2147 hoc
407 2098 598 2162 pacto
621 2134 636 2159 ,
662 2100 735 2150 ut
757 2093 919 2151 civili
933 2094 1081 2167 jure
1110 2093 1374 2165 perinde
1407 2088 1666 2164 incipiat
1702 2092 1922 2149 haberi
1953 2092 2078 2149 tale
2117 2097 2568 2149 testamentum
2594 2134 2612 2161 ‚
2656 2099 2852 2165 atque
2876 2095 2925 2151 si
2967 2094 3055 2169 is,

257 2189 369 2260 qui
384 2190 516 2263 jam
539 2193 778 2251 conditi
817 2188 1183 2251 testamenti
1204 2201 1494 2265 tempore
1521 2192 1688 2250 inter
1708 2207 1855 2249 suos
1884 2192 2150 2250 heredes
2180 2191 2329 2257 suit,
2369 2193 2754 2264 praeteritus
2790 2189 2993 2251 essct⁴
3013 2193 3056 2268 ).

254 2284 423 2344 lllud
461 2293 678 2347 tamen
712 2289 880 2347 inter
908 2296 1254 2363 utrumque
1310 2294 1841 2347 testamentorum
1890 2302 2092 2358 genus
2130 2283 2468 2345 differebat
2490 2332 2507 2357 ,
2539 2290 2711 2360 quod
2758 2305 2832 2347 ex
2861 2298 3061 2363 rupto

253 2390 664 2458 testamento,
700 2385 751 2448 si
791 2390 936 2449 vivo
975 2396 1285 2449 testatore
1328 2404 1550 2447 rursus
1595 2389 1941 2447 decesserit
1994 2393 2362 2460 postumus,
2407 2388 2758 2446 secundum
2805 2390 3057 2465 tabulas

253 2479 571 2542 bonorum
602 2482 912 2557 possessio
934 2487 1230 2554 dabatur,
1254 2501 1385 2545 non
1413 2500 1569 2544 vero
1599 2500 1676 2542 ex
1707 2499 1790 2544 eo
1819 2490 2239 2548 testamento,
2275 2485 2447 2556 quod
2474 2482 2602 2560 jam
2632 2486 2844 2543 statim
2872 2482 3053 2546 initio

250 2582 489 2641 nullius
527 2591 668 2642 erat
706 2583 1125 2660 momenti-⁶).
1175 2589 1512 2645 Caeterum
1556 2580 1911 2645 codicillari
1943 2586 2232 2644 clausula
2279 2580 2540 2643 minime
2572 2581 3050 2662 sustineturjus

250 2690 330 2736 ex
352 2685 549 2752 rupto
577 2687 960 2740 testamento
978 2679 1053 2756 6).

412 2839 441 2912 S
467 2843 606 2903 780.
635 2842 703 2918 β)
725 2844 960 2903 Mutata
989 2843 1273 2903 testatoris
1295 2844 1617 2916 voluntate,
1639 2855 1737 2922 aa)
1762 2844 1920 2903 circa
1930 2843 2258 2902 universam
2280 2844 2604 2903 testamenti
2626 2862 2882 2905 causam.

330 3026 484 3083 Cum
513 3040 707 3086 nemo
727 3028 842 3087 sibi
862 3027 995 3100 ipse
1021 3027 1188 3086 hanc
1216 3029 1421 3100 legem
1443 3027 1660 3086 dicere
1680 3033 1909 3100 queat,
1942 3034 2015 3084 ut
2047 3042 2130 3085 ne
2157 3028 2466 3086 recedere
2501 3028 2560 3085 ei
2586 3028 2769 3086 liceat
2798 3045 2837 3086 a
2856 3034 3051 3087 testa-

829 3209 878 3264 ’ς
906 3203 1020 3253 778.
1743 3202 1793 3262 4)
1816 3205 1868 3249 L.
1892 3205 1937 3250 1.
1985 3205 2038 3251 C.
2081 3203 2131 3249 Ιι.
2160 3206 2195 3250 t.
2222 3205 2313 3261 (ci.
2352 3205 2379 3260 S
2412 3205 2459 3250 2.
2483 3204 2529 3248 in
2555 3204 2591 3250 ἰ.
2628 3207 2664 3250 1.
2703 3202 2772 3250 de
2788 3204 3043 3269 lieo-edit„

1677 3278 1822 3329 quae
1840 3266 1908 3312 ab
1922 3265 2016 3313 int.
2035 3267 2363 3325 defer-).-—l..
2381 3265 2456 3313 15.
2478 3268 2527 3311 in
2549 3265 2584 3311 f.
2612 3269 2665 3312 D.
2691 3263 2794 3312 Ιι.ι.
2818 3269 3044 3326 (locvm,

310 3326 356 3386 1)
379 3329 405 3383 S
424 3326 474 3376 7.
498 3328 536 3376 1.
559 3329 628 3377 de
647 3330 855 3391 liet-ed„
876 3341 1019 3390 quae
1039 3329 1108 3376 ab
1125 3329 1221 3377 int.
1244 3326 1411 3382 deser.
1437 3354 1497 3362 —
1517 3329 1543 3384 s
1565 3329 1615 3375 2.
1677 3333 1764 3386 3.).
1811 3355 1861 3363 —
1898 3331 2018 3376 Hinc
2038 3334 2209 3385 sponte
2233 3330 2542 3387 intelligitur,
2566 3330 2626 3375 ad
2652 3330 3042 3387 impugnandum

237 3390 278 3436 1.
300 3391 445 3448 quib.
469 3403 537 3438 m.
562 3395 679 3439 test.
704 3393 900 3450 infirm.
922 3417 982 3426 -
1019 3394 1069 3439 C.
1094 3395 1153 3439 F.
1179 3389 1476 3446 Zepemlck
1497 3393 1550 3437 D.
1576 3393 1612 3437 l.
1679 3392 2085 3452 patrisjudicium
2110 3404 2206 3438 non
2249 3403 2353 3437 esse
2395 3393 2677 3448 deneganda
2701 3397 2937 3450 postumis
2970 3405 3044 3439 re-

235 3451 305 3497 de
325 3456 600 3500 testamenti
624 3457 844 3502 destituti
863 3456 1065 3503 viribus.
1105 3457 1213 3502 Hal.
1235 3451 1377 3500 1773.
1401 3461 1453 3500 et
1472 3456 1526 3500 D.
1552 3455 1610 3499 ll.
1677 3457 1838 3502 media
1861 3488 1879 3513 ‚
1921 3467 2047 3512 quae
2084 3453 2282 3511 reliquis
2323 3466 2379 3500 ex
2417 3465 2615 3498 suorum
2650 3467 2854 3500 numero
2880 3457 3044 3504 liberis

235 3516 304 3561 de
325 3516 435 3563 eod.
458 3518 684 3572 arg.}1al.
709 3516 848 3565 1774.
1676 3522 1971 3576 competant.
1994 3541 2051 3549 --
2074 3519 2129 3562 At
2150 3521 2353 3574 quaerat
2376 3518 2547 3573 aliquis
2573 3530 2583 3559 :
2611 3529 2726 3562 num
2752 3517 2825 3570 ius
2849 3519 3042 3566 Novella

307 3577 356 3635 Ξ)
376 3579 450 3626 Cf.
470 3578 490 3628 S
509 3578 620 3626 702.
646 3587 694 3626 et
711 3579 863 3635 3728.
1678 3578 1788 3627 115.
1815 3580 2130 3626 constitutum
2152 3580 2195 3632 (S
2217 3577 2328 3625 775.
2354 3585 2402 3625 et
2418 3582 2445 3635 s
2464 3577 2595 3634 776.)
2614 3577 2708 3624 huc
2729 3581 2899 3627 referri
2926 3594 3039 3639 pos-

303 3638 352 3692 3)
376 3642 429 3687 1..
451 3640 501 3687 3.
525 3643 551 3696 S
576 3641 620 3688 1.
643 3644 690 3688 2.
714 3646 767 3690 D.
789 3645 858 3690 de
880 3639 984 3699 liis,
1010 3652 1154 3698 quae
1171 3651 1272 3697 pro
1295 3652 1403 3685 non
1426 3637 1608 3696 script.
1676 3645 1767 3688 sil?
1786 3644 1890 3688 scil.
1913 3644 2041 3699 quod
2065 3641 2167 3686 fleu-i
2202 3642 2389 3699 nequit,
2411 3648 2462 3686 ut
2483 3651 2814 3698 posuimorum
2840 3645 3040 3690 exhere-

232 3700 361 3750 bab.
385 3705 607 3760 (xxxiv,
630 3703 699 3762 8.)
721 3729 782 3738 --
815 3707 888 3752 cf.
915 3705 940 3758 ς
963 3702 1074 3750 618.
1092 3705 1139 3749 in
1164 3705 1199 3750 l'.
1226 3708 1273 3748 et
1294 3703 1360 3749 ib.
1385 3709 1491 3750 not.
1514 3700 1610 3749 8—-
1673 3706 1860 3750 dationi
1884 3704 2246 3761 ingratitudinis
2264 3716 2408 3750 causa
2430 3705 2705 3758 adjiciatur.
2740 3705 2899 3762 Neque
2923 3718 3038 3752 vero

233 3763 645 3814 *lm—Auctoris
662 3769 847 3813 contin.
870 3768 1073 3812 xxxix.
1097 3778 1143 3824 p.
1169 3764 1231 3812 40
1254 3777 1326 3823 sq.
1674 3768 1956 3813 dubitamus
1975 3800 1990 3823 ‚
2022 3768 2140 3822 quin
2165 3766 2228 3810 ad
2248 3765 2373 3812 hanc
2392 3779 2585 3824 qnoque
2604 3768 2935 3823 quaestionem
2959 3769 3037 3814 af-

302 3825 350 3883 4)
373 3831 399 3885 ς
419 3827 466 3875 2.
491 3830 526 3875 l.
546 3827 689 3887 quib.
713 3842 780 3875 m.
803 3832 919 3876 test.
939 3828 1271 3885 infirme-Cf.
1291 3829 1317 3883 S
1336 3822 1447 3872 649.
1465 3829 1515 3874 in
1535 3826 1571 3872 f.
1676 3829 1917 3875 firmando
1929 3828 2303 3884 respondeamus
2327 3864 2340 3883 ,
2359 3829 2595 3886 siquidem
2619 3828 2737 3874 nihil
2762 3830 2960 3886 referat,
2985 3834 3041 3876 ut

301 3887 349 3946 5)
372 3892 424 3938 L.
447 3889 496 3937 9.
523 3893 576 3937 D.
601 3892 670 3938 de
692 3895 808 3939 lest.
836 3896 935 3938 tut.
960 3892 1153 3948 (XXVI,
1178 3890 1249 3947 2.)
1270 3915 1328 3926 -
1348 3891 1399 3935 l..
1422 3887 1532 3936 181.
1557 3891 1611 3935 D.
1672 3893 1753 3946 jus
1775 3892 1894 3937 illud
1917 3891 2157 3944 obtineat,
2182 3897 2344 3936 utrum
2369 3892 2727 3948 praetereundo
2748 3903 2808 3935 an
2830 3893 3037 3938 exhere-

227 3950 306 3998 de
321 3956 625 4013 req.jur.—
640 3954 694 4002 1..
717 3952 796 4001 1⁴.
819 3956 874 4002 C.
896 3954 964 4001 de
981 3952 1155 4011 fideic.
1176 3955 1277 4013 (Vl,
1297 3950 1401 4011 42.)
1437 3978 1495 3987 —
1530 3951 1603 4000 Cf.
1668 3954 1885 4001 dationis
1912 3954 2058 3998 modo
2082 3957 2465 3999 necessariorum
2488 3952 2722 3999 heredum
2760 3952 2841 4006 jus
2866 3956 3035 4002 laeda·

224 4016 256 4069 S
279 4011 396 4061 686.
421 4022 524 4064 not.
547 4013 597 4063 9.
1669 4020 1839 4062 tur.—-
1872 4015 1950 4060 cf.
1975 4015 2162 4061 Basilio.
2188 4013 2349 4061 Schol.
2375 4017 2433 4061 T.
2459 4015 2514 4059 V.
2537 4027 2584 4072 p.
2602 4012 2713 4062 311.
2737 4015 2899 4062 Schol.
2922 4028 3033 4090 2.ss

841 4142 869 4196 ς
898 4137 1011 4187 m.
1538 4107 1545 4124 “
1666 4075 2092 4187 ἒξὲὗῖἑῗσῗέῖἐὺῖῐ
2127 4075 3033 4199 {31²332⁵2¹4‹{'.¹‘<'1¹2¹r¹5'0;›.3‘e{¹{}{‘2‘1's1¹1⁸.

1666 4215 1713 4260 p.
1739 4201 1770 4249 5
1790 4216 1842 4260 sq
1882 4202 2098 4256 .(Ni·.3.).

296 4265 354 4323 (')
375 4266 492 4314 cod.
517 4265 616 4324 (vi,
638 4263 738 4320 29.)
758 4266 826 4311 de
837 4262 1133 4321 posthumis
1151 4261 1433 4311 heredibus
1455 4263 1603 4312 insti·
1724 4263 1772 4322 5)
1793 4216 1948 4314 1..q1‘.>.
1966 4276 2041 4321 pr.
2064 4265 2117 4309 D.
2142 4262 2195 4309 Ιι.
2220 4265 2257 4310 t.
2281 4265 2509 4322 (xxviii,
2531 4262 2622 4317 5.).
2644 4287 2704 4295 ——
2720 4262 2870 4318 Cujus
2890 4263 3033 4310 diffe-

222 4329 465 4391 tuendis,
489 4330 578 4376 ve!
593 4327 1010 4382 exstet-edundis,
1032 4326 1121 4373 vet
1128 4326 1456 4381 praeteritis.
1663 4329 1851 4373 rentiae
1894 4330 2131 4374 rationem
2172 4326 2269 4372 vid.
2307 4327 2357 4372 l..
2400 4323 2449 4372 5.
2486 4325 2512 4380 S
2543 4326 2591 4369 3.
2631 4323 2750 4370 eod.
2796 4330 2842 4369 et
2885 4337 3034 4383 supra

298 4390 343 4447 1)
366 4393 393 4446 ς
409 4394 455 4439 1.
483 4398 530 4437 et
549 4393 598 4437 2.
619 4394 656 4439 l.
680 4390 822 4449 quib.
844 4402 910 4436 m.
940 4392 1058 4437 test.
1085 4386 1598 4445 infirma—Auctoris
1661 4391 1687 4445 ς
1704 4387 1815 4436 769.
1838 4394 1941 4436 not.
1964 4387 2011 4434 4.
2047 4411 2107 4419 —
2139 4387 2249 4434 vid.
2271 4395 2321 4433 et
2342 4386 2594 4434 Auctoris
2614 4389 2801 4432 contin.
2824 4388 3030 4435 xxxvl.

218 4454 414 4502 contin.
439 4457 642 4501 xxxix.
667 4467 715 4511 p.
736 4452 768 4500 5
785 4465 857 4511 sq.
883 4452 982 4507 (ΝΡ.
1008 4449 1077 4498 1.)
1661 4464 1708 4510 p.
1732 4451 1843 4498 317.
1870 4465 1918 4510 p.
1938 4448 2033 4497 345
2051 4462 2158 4507 sqq.
2197 4473 2255 4482 -
2290 4451 2543 4496 Caeterum
2564 4449 2688 4495 hanc
2709 4447 3034 4496 differentiam

290 4519 340 4573 2)
364 4518 416 4564 Ι..
435 4516 483 4563 ὅ.
508 4518 533 4572 S
559 4516 604 4563 1.
641 4518 696 4563 D.
718 4516 771 4562 li.
796 4514 834 4560 i.
860 4514 1060 4567 (xxviii
1085 4546 1100 4566 ,
1134 4510 1221 4571 5.).
1259 4538 1319 4547 -
1351 4512 1445 4568 82.
1469 4514 1506 4560 1.
1529 4511 1598 4559 de
1660 4512 2299 4569 novissimoJ'uresublatam
2316 4524 2417 4557 esse
2437 4513 2617 4557 rectius
2637 4513 3030 4559 stamnum—ct.

218 4580 412 4627 exlier.
436 4580 628 4635 lib—9
650 4577 694 4625 1.
720 4581 755 4624 ι.
781 4577 1006 4636 quamn.
1030 4579 1150 4623 test.
1177 4576 1373 4632 infirm.
1396 4599 1457 4609 -—-
1480 4577 1598 4622 Au·
1659 4576 1905 4623 Francke
1927 4577 1958 4621 l.
1984 4578 2016 4621 l.
2044 4587 2094 4633 p.
2111 4572 2223 4620 386.

218 4644 385 4691 eloris
407 4642 596 4688 contin.
621 4643 824 4687 xxxvl.
850 4653 898 4697 p.
921 4636 1004 4685 151
1036 4650 1141 4696 sqq.
1723 4636 1771 4696 6)
1788 4640 1869 4684 Rei
1890 4638 2132 4684 rationem
2163 4647 2309 4694 supra
2342 4635 2542 4693 exposui
2576 4636 2602 4690 ς
2619 4631 2731 4681 686.
2755 4641 2859 4681 not.
2886 4632 2931 4682 4.
2968 4659 3030 4670 —-

285 4704 335 4763 δ)
356 4707 467 4751 Not.
490 4704 537 4750 2.
555 4709 605 4749 et
623 4704 856 4761 seq.—l..
876 4702 926 4748 5.
951 4703 977 4756 S
1001 4702 1046 4748 1.
1072 4702 1125 4746 D.
1147 4700 1198 4746 Ιι.
1225 4704 1262 4745 e.
1286 4700 1507 4756 (xxvllL
1526 4699 1597 4754 ‘'o'.)
1661 4700 1769 4747 vid.
1814 4708 1862 4747 et
1900 4700 2148 4747 Auctoris
2180 4700 2364 4746 contin.
2410 4698 2640 4745 xxxvll.
2696 4710 2744 4755 p.
2780 4696 2874 4745 568
2919 4711 3028 4759 sqq.

218 4766 307 4825 (cf.
331 4770 382 4814 t..
407 4765 454 4814 ⁴.
477 4767 532 4811 C.
554 4766 608 4811 Ιι.
633 4768 781 4821 t.).—
806 4766 857 4810 l..
879 4762 928 4811 ὅ.
950 4767 1001 4810 c.
1026 4764 1077 4810 Ιι.
1104 4766 1207 4809 t.—
1230 4763 1304 4808 ei.
1330 4765 1381 4809 l..
1401 4761 1449 4809 Ξ.
1474 4761 1593 4809 eod.
1661 4762 1676 4817 (
1697 4764 1779 4809 ΝΡ.
1813 4760 1862 4810 7.
1883 4763 1900 4820 )
1935 4786 1994 4795 —-
2046 4764 2233 4809 Caeter.
2267 4761 2333 4807 cf.
2371 4759 2627 4807 Giinther-i
2658 4771 2734 4818 pr.
2762 4759 2865 4815 jur.
2900 4772 3025 4808 rom.

219 4831 354 4876 -De
373 4829 545 4875 militis
568 4832 859 4874 testamento
880 4825 979 4874 vid.
1006 4826 1058 4872 1..
1081 4823 1163 4872 36.
1187 4827 1212 4882 ς
1233 4826 1281 4873 2.
1304 4827 1361 4873 D.
1382 4826 1450 4875 de
1471 4828 1593 4874 test.
1659 4825 1685 4880 ς
1725 4822 1840 4872 790.
1886 4829 1993 4873 not.
2027 4825 2066 4874 t.
2101 4836 2150 4884 ε.
2185 4828 2236 4871 et
2269 4823 2515 4871 Francius
2547 4823 2584 4871 Ι.
2626 4823 2663 4870 1.
2707 4835 2759 4882 p.
2794 4821 2887 4873 ⁴16
2918 4836 3025 4886 sqq.

220 4891 371 4941 viteis.
395 4892 583 4952 (xllx,
607 4886 946 4951 1.)(ο1.ς687.
969 4895 1075 4938 not.
1098 4885 1190 4948 5.).
1660 4887 1705 4944 (3
1725 4888 1847 4946 33.).
