3544 5506
759 386 892 430 cu.
932 388 1005 430 u.
1048 389 1123 430 nn
1158 388 1397 444 unns,
1440 388 1738 440 uuonan
1775 387 1853 433 nn
1889 390 2120 433 suanm
2158 391 2448 434 uernum.
2904 381 3015 437 109

255 500 321 557 da
355 499 412 570 1),
434 497 536 570 ita,
567 503 642 555 ut
662 512 784 557 nec
800 500 1034 576 valeat,
1064 500 1115 560 si
1144 502 1306 575 (μὴ,
1332 503 1532 561 verba
1554 504 1998 577 amplectendo
2020 545 2038 573 ‚
2082 504 2459 564 conditionis
2482 505 2835 580 adscriptae
2863 522 3016 566 sen-

254 599 482 656 tentiam
506 598 970 658 circumveniat
986 596 1053 672 ²),
1080 617 1203 662 nec
1226 616 1384 661 vero
1407 603 1899 677 improbandum
1925 604 2026 675 sit,
2059 606 2232 676 quod
2255 620 2331 662 ex
2357 605 2768 663 statuentium
2799 614 3013 666 mente

256 709 318 751 ac
355 694 609 753 consilio
652 694 907 754 eveniat
933 739 953 770 ‚
985 697 1136 756 licet
1180 697 1245 755 id
1301 712 1431 757 non
1482 713 1559 757 ex
1605 699 1998 771 praescripto
2025 743 2040 769 ,
2090 706 2162 757 ut
2207 700 2464 773 quidem
2507 699 2701 758 verba
2740 710 2970 760 sonant
2995 747 3011 774 ‚

262 790 355 846 fiat
376 792 439 861 ⁸).
464 794 541 847 At
564 811 591 839 ιι
612 790 991 865 disjunctive
1026 794 1224 853 modo
1265 793 1738 852 conditionibus
1787 795 2157 869 adscriptis,
2207 796 2476 853 alteram
2522 794 2839 854 defecisse
2879 813 3013 857 non

255 887 453 961 oberit,
505 890 708 947 altera
748 891 852 948 vel
910 897 1136 964 postea
1169 892 1431 966 impleta
1482 915 1511 945 a
1552 890 1633 967 ⁴).
1672 895 2006 953 Caeterum
2048 908 2179 953 non
2224 895 2422 953 modo
2443 932 2464 965 ,
2514 909 2663 952 cum
2707 895 2773 952 in
2818 896 3017 953 ambi-

254 1002 365 1059 guo
424 1002 528 1047 res
604 989 686 1048 sit
709 1032 727 1059 ,
781 990 1211 1051 conditionem
1287 1006 1424 1052 esse
1478 992 1804 1064 impletam
1878 992 2271 1051 existimatur
2321 993 2370 1067 ὃ)
2402 1036 2420 1065 ,
2509 1007 2736 1052 verum
2823 995 3014 1053 etiam

250 1100 701 1160 nonnumquam
751 1104 870 1163 pro
897 1090 1159 1163 impleta
1186 1092 1458 1151 habetur
1477 1092 1760 1152 conditio
1789 1139 1806 1166 ,
1847 1108 2040 1165 quam
2088 1108 2217 1150 non
2280 1094 2565 1152 evenisse
2619 1101 2800 1153 certo
2851 1109 3012 1153 con-

248 1194 375 1263 stat,
404 1190 582 1249 velut
602 1190 668 1248 in
694 1191 789 1249 his
816 1212 836 1246 :
859 1197 915 1267 1)
943 1195 1193 1266 quoties
1211 1209 1330 1266 per
1351 1209 1497 1253 eum
1520 1232 1539 1263 ‚
1580 1195 1761 1268 cujus
1788 1193 2074 1263 interest,
2100 1209 2233 1253 non
2258 1194 2502 1268 impleri
2537 1195 2965 1253 conditionem
2995 1237 3012 1261 ‚

248 1283 338 1356 fit,
365 1300 486 1358 quo
514 1286 724 1347 minus
739 1288 1081 1360 impleatur
1099 1284 1190 1367 ⁶),
1225 1296 1338 1348 aut
1353 1291 1412 1358 2)
1436 1286 1864 1362 potestativae
1887 1290 2266 1349 conditionis
2289 1295 2551 1348 eventus
2581 1305 2730 1349 casu
2756 1290 3019 1363 impedi-

248 1388 341 1441 tur
365 1382 427 1460 7),
453 1386 504 1444 si
530 1387 787 1460 quidem
808 1403 928 1462 per
955 1390 1162 1463 ipsum
1200 1406 1333 1449 non
1355 1390 1529 1449 stetit
1556 1434 1573 1460 ,
1628 1404 1759 1464 quo
1784 1392 1993 1448 minus
2019 1396 2206 1449 antea
2232 1391 2608 1464 impleretur
2629 1389 2907 1448 conditio
2937 1390 3014 1461 ⁸).

246 1480 523 1555 Idemque
546 1481 609 1555 5)
638 1485 889 1544 obtinet
906 1486 974 1543 in
1000 1486 1214 1545 mixtis
1243 1486 1751 1563 conditionibus,
1800 1488 1919 1546 nisi
1962 1485 2126 1547 forte
2171 1487 2473 1561 implendi
2511 1486 2906 1544 voluntatem
2954 1492 3021 1543 et

245 1583 601 1647 potestatem
630 1583 1048 1653 praecesserit
1072 1598 1256 1642 casus
1285 1578 1354 1652 9).
1385 1580 1668 1655 Denique
1693 1584 1751 1651 4)
1778 1583 1846 1641 in
1868 1582 2148 1641 favorem
2175 1589 2243 1640 et
2261 1582 2567 1641 libertatis
2593 1587 2660 1639 et
2686 1580 3020 1639 alimento-

244 1689 368 1734 rum
384 1675 803 1739 constitutum
828 1688 948 1751 est,
978 1690 1072 1753 ut,
1105 1667 1524 1743 etiamsi'casu
1545 1682 1927 1755 impediatur
1964 1677 2345 1740 conditionis
2371 1686 2659 1751 eventus,
2685 1680 2883 1739 nihilo
2901 1686 3002 1738 ta·

244 1784 369 1829 men
400 1775 612 1834 minus
664 1778 751 1836 ita
774 1794 877 1836 res
908 1781 1220 1853 procedat
1246 1821 1263 1851 ‚
1303 1780 1483 1852 quasi
1516 1778 1595 1837 sit
1632 1778 1894 1850 impleta
1916 1777 2198 1837 conditio
2249 1774 2336 1845 ι0).
2391 1775 2810 1849 caeteroquin
2834 1776 2899 1833 in
2935 1775 3009 1833 iis

245 1872 716 1948 conditionibus,
744 1875 853 1933 ubi
877 1875 1087 1935 solum
1113 1882 1417 1935 eventum
1438 1874 1749 1948 spectavit
1775 1874 2194 1933 statuentium
2208 1874 2530 1948 voluntas,
2567 1872 2751 1931 facile
2772 1858 3000 1930 intelli-

246 1968 390 2037 gitur
422 2012 440 2046 ,
472 1983 600 2041 pro
628 1964 888 2043 impleta
914 1971 1137 2030 haberi
1158 1985 1292 2031 non
1312 1985 1497 2046 posse
1519 1970 1978 2046 conditionem,
2009 1970 2126 2029 nisi
2141 1970 2274 2042 ipse
2292 1969 2594 2029 exstiterit
2623 1973 2888 2028 eventus
2915 1966 3013 2041 ¹¹).

1398 2133 1426 2206 §
1454 2134 1589 2191 110.
1611 2136 1665 2203 2)
1708 2134 1874 2191 Dies.

316 2260 440 2320 Dies
463 2273 731 2333 quoque
757 2267 935 2321 recte
966 2262 1260 2336 adjicitur
1281 2261 1551 2334 negotiis
1569 2302 1585 2331 ‚
1614 2256 1742 2321 hoc
1766 2262 1960 2321 modo
1985 2304 2002 2333 ‚
2042 2266 2118 2318 ut
2145 2260 2245 2318 vel
2269 2258 2461 2335 ipsius
2499 2257 2736 2331 negotii
2775 2258 2888 2328 vis,
2921 2258 3022 2315 vel

250 2360 476 2430 petendi
496 2358 951 2422 tantummodo
982 2368 1224 2435 tempus
1243 2377 1319 2421 ex
1346 2363 1469 2420 diei
1498 2362 1862 2438 adjectione
1885 2361 2170 2436 pendeat
2193 2357 2257 2433 ¹).
2295 2358 2525 2435 Quodsi
2548 2358 2704 2414 illud
2727 2363 2822 2415 est
2842 2404 2857 2430 ‚
2884 2363 3022 2414 tum

249 2456 334 2512 vel
377 2452 593 2529 incipit
651 2470 730 2515 ex
782 2457 886 2516 die
944 2457 1270 2529 negotium
1288 2503 1308 2533 ,
1361 2458 1459 2515 vel
1496 2457 1578 2515 ad
1644 2458 1815 2516 diem
1870 2456 2274 2516 constituitur
2292 2498 2310 2533 ,
2362 2455 2405 2513 i.
2457 2469 2515 2512 e.
2566 2454 2667 2511 die
2719 2454 3024 2510 existente

258 2550 451 2609 finitur
464 2552 569 2627 jus
590 2552 703 2609 tali
731 2553 1093 2627 adjectione
1121 2551 1541 2612 constitutum
1571 2549 1693 2628 1α).
1734 2556 1805 2611 ln
1835 2559 2109 2627 utroque
2133 2557 2348 2609 autem
2369 2563 2604 2622 genere
2633 2549 2906 2605 mullum
2927 2546 3024 2605 in-

250 2655 453 2721 terest,
500 2651 727 2711 diesne
750 2652 830 2710 sit
858 2660 1071 2712 certus
1093 2696 1112 2730 ,
1152 2668 1235 2710 an
1262 2653 1543 2710 incertus
1575 2646 1638 2718 ²).
1688 2651 1831 2711 Dies
1855 2653 2049 2722 enim,
2083 2653 2165 2710 de
2187 2665 2318 2724 quo
2339 2691 2356 2720 ‚
2386 2665 2469 2708 an
2490 2648 2751 2708 omnino
2774 2646 3026 2704 futurus

249 2743 340 2812 sit,
372 2748 645 2806 nondum
682 2753 972 2819 constat,
1006 2749 1208 2808 instar
1235 2755 1331 2808 est
1352 2747 1732 2807 conditionis
1758 2790 1777 2823 ,
1812 2756 1946 2807 tam
2002 2748 2068 2806 in
2105 2745 2630 2807 conventionibus
2653 2787 2669 2816 ,
2720 2758 2912 2817 quam
2955 2742 3022 2800 in

245 2845 453 2905 ultimis
484 2848 921 2907 voluntatibus
940 2845 1007 2922 3).
1028 2848 1258 2926 Quodsi
1286 2849 1350 2905 id
1376 2850 1778 2908 solummodo
1797 2890 1812 2918 ‚
1854 2850 2115 2922 quando
2142 2848 2220 2907 sit
2250 2847 2596 2906 exstiturus
2621 2886 2638 2914 ‚
2674 2842 2742 2901 in
2770 2843 3017 2901 incerto

238 2939 327 3009 sit,
359 2943 621 3003 ultlmae
648 2944 910 3018 quidem
933 2947 1292 3004 voluntates
1315 2943 1551 3015 {itidem
1581 2945 1958 3018 plerumque
1978 2943 2101 3005 diei
2124 2944 2480 3017 adjectione
2526 2942 2681 3000 fient
2709 2938 3021 2998 conditio·
3076 3019 3084 3027 .

234 3017 393 3083 mles
415 3021 505 3103 ῆς
552 3027 618 3084 id
658 3029 836 3100 quod
856 3029 1045 3099 longe
1065 3043 1246 3088 secus
1269 3033 1367 3087 est
1392 3026 1455 3083 in
1471 3027 2003 3086 conventionibus
2016 3024 2077 3094 ⁵).

805 3192 832 3247 ς
863 3187 973 3237 109.
1660 3187 1897 3246 (xxxvl,
1917 3188 1967 3235 2.
1986 3189 2004 3246 )
2026 3213 2087 3222 —
2107 3188 2202 3234 Nee
2233 3187 2476 3233 contraria
2518 3187 2591 3230 est
2628 3184 2682 3229 L.
2714 3180 2795 3229 54.
2839 3184 2865 3237 S
2891 3182 2936 3231 1.
2958 3184 3026 3231 de

1657 3250 1755 3309 leq.
1791 3252 1829 3297 l.
1853 3252 1962 3298 vid.
1983 3250 2114 3296 enim
2133 3249 2452 3296 Endemann
2476 3248 2512 3294 Ι.
2535 3248 2569 3293 l.
2591 3258 2641 3304 p.
2663 3242 2743 3292 69.
2766 3249 2868 3291 not.
2896 3244 2942 3292 1.
2960 3271 3022 3279 -

295 3310 336 3367 1)
357 3311 421 3357 De
464 3319 689 3371 tempore
724 3313 992 3363 conditioni
1023 3314 1243 3373 apposito
1275 3313 1374 3359 vid.
1423 3313 1476 3359 L.
1513 3308 1594 3358 41.
1660 3314 1719 3357 At
1749 3314 1892 3360 aliter
1921 3313 2136 3371 plerique
2156 3314 2479 3369 interpretum
2498 3310 2622 3356 banc
2643 3320 2747 3354 rem
2778 3307 3022 3365 explicare

237 3371 261 3424 S
284 3373 351 3418 12.
372 3375 425 3419 D.
447 3375 515 3423 de
528 3374 709 3435 fideic.
729 3375 956 3424 liber-tat.
982 3377 1074 3434 (xL
1092 3375 1188 3435 ‚5.)
1206 3400 1268 3409 -
1308 3376 1360 3421 L.
1397 3372 1480 3420 23.
1518 3385 1595 3431 pr.
1662 3377 1838 3422 solent.
1862 3374 1937 3421 Cf.
1955 3372 2205 3429 8611840.
2220 3371 2298 3419 41.
2322 3371 2401 3420 55.

237 3434 284 3480 D.
303 3435 368 3482 de
385 3437 708 3486 statuliber.
743 3438 760 3495 (
783 3439 857 3484 xL
875 3473 892 3498 ‚
909 3438 994 3498 7.)
1035 3463 1091 3470 -
1132 3440 1186 3487 Ι..
1220 3435 1299 3485 40.
1323 3449 1400 3495 pr.
1443 3438 1500 3483 D.
1520 3436 1589 3483 de
1713 3437 1858 3493 10)Ι..
1881 3436 1929 3483 1.
1956 3437 2008 3483 C.
2029 3435 2097 3483 de
2114 3438 2271 3497 leque.
2293 3431 2617 3494 (vl‚37.)—L.
2638 3430 2688 3480 7.
2706 3433 2759 3479 C.
2781 3429 2848 3479 de
2865 3431 3022 3479 cond.

236 3497 377 3544 cond.
393 3505 445 3546 et
461 3501 603 3547 dem.
628 3502 1030 3549 ——Endemann
1050 3505 1313 3549 comment.
1336 3501 1423 3546 eit.
1446 3504 1498 3544 et
1518 3499 1592 3545 in·
1652 3497 1839 3548 insert.
1862 3498 1880 3556 (
1902 3499 1991 3558 Vl,
2009 3497 2090 3546 46.
2113 3501 2128 3559 )
2150 3523 2205 3531 -—
2246 3499 2300 3546 L.
2321 3499 2408 3544 ult.
2447 3498 2506 3544 C.
2544 3495 2610 3544 de
2633 3499 2836 3542 necess.
2879 3505 3019 3541 serv.

234 3560 387 3614 Primis
404 3564 431 3616 3
449 3561 729 3611 15-17.—
748 3565 857 3612 vid.
878 3571 932 3611 et
947 3565 1108 3613 Gltick
1128 3566 1281 3612 Pand.
1304 3564 1383 3609 lv.
1402 3564 1426 3618 S
1443 3560 1590 3609 357ιί-
1654 3562 1839 3609 lter-ed.
1866 3562 1993 3608 inst.
2019 3563 2118 3618 (vl,
2140 3557 2252 3619 27.)

233 3631 276 3677 l’·
294 3620 381 3668 5⁰⁰
396 3638 469 3684 sq.
1719 3623 1798 3684 11)
1830 3626 1882 3671 L.
1906 3625 1978 3670 ult
1998 3625 2051 3670 c.
2072 3623 2140 3671 de
2159 3633 2361 3671 necess.
2380 3632 2522 3670 serv.
2545 3619 2656 3667 lter.
2682 3619 2808 3668 inse.
2832 3644 2893 3654 -·
2909 3621 3020 3667 En·

228 3684 631 3797 etalii-⁰5:513}
654 3690 711 3736 D.
730 3689 798 3735 de
815 3689 911 3749 leq.
936 3689 983 3736 2.
1000 3713 1056 3722 —
1079 3689 1132 3735 Ι..
1160 3685 1242 3738 76.
1262 3691 1319 3736 D.
1342 3687 1411 3735 de
1430 3685 1584 3736 cond.
1651 3686 1991 3735 demannl.1.
2013 3698 2066 3745 p.
2089 3683 2173 3736 64.

274 3807 332 3880 5)
352 3813 404 3857 L.
430 3814 508 3859 11.
525 3813 657 3868 3-11.
679 3814 733 3859 D.
752 3814 821 3860 de
838 3814 937 3872 1ε9.
959 3809 1009 3859 ὅ.
1037 3836 1091 3845 -—
1114 3815 1166 3860 L.
1191 3811 1269 3862 15.
1295 3816 1350 3860 D.
1370 3811 1590 3872 quando
2233 3838 2260 3893 ς
2293 3837 2402 3884 11⁰·

231 3869 334 3917 dees
351 3876 448 3934 leq.
467 3876 654 3923 cedat.
678 3876 900 3936 (xxxvl,
922 3875 989 3935 2.)
1012 3900 1067 3908 —
1096 3877 1149 3922 L.
1194 3874 1273 3924 28.
1317 3887 1393 3936 pr.
1436 3876 1491 3921 D.
1523 3873 1591 3920 de

230 3935 371 3982 cond.
390 3943 449 3983 et
472 3940 773 3989 demonstr.

283 3993 327 4054 4)
347 3999 397 4043 L.
416 3998 503 4047 78.
529 4004 558 4057 S
580 4005 630 4051 1.
650 4004 707 4047 D.
729 4002 797 4048 de
814 4000 973 4047 cond.
995 4005 1055 4048 et
1070 4000 1360 4048 demonstr.
1712 3996 1757 4055 1)
1778 3997 1849 4053 [L.
1872 3994 1951 4041 21.
1974 4006 2048 4053 pr.
2070 3994 2120 4039 L.
2139 3991 2222 4070 ma
2246 4004 2320 4051 pr.
2345 3994 2400 4038 D.
2444 3989 2665 4050 quando
2684 3989 2797 4037 dies
2820 3988 3026 4049 leqator

282 4056 398 4113 5)1d
434 4067 576 4110 enim
611 4066 851 4121 colligunt
869 4075 930 4109 ex
952 4065 1003 4109 L.
1031 4063 1108 4110 10.
1130 4064 1156 4117 S
1180 4065 1226 4110 1.
1268 4066 1323 4111 D.
1365 4063 1434 4111 de
1476 4063 1586 4110 reb.
1655 4054 1982 4118 (XXXV1‚2.)
2004 4080 2065 4090 ·-
2083 4057 2136 4102 L·
2162 4057 2240 4102 ⁴0.
2263 4057 2289 4109 S
2310 4053 2358 4100 2·
2380 4054 2448 4100 de
2469 4055 2565 4112 189·
2589 4054 2646 4099 ll·
2673 4076 2728 4085 -·
2749 4053 2802 4101 L·
2825 4055 2905 4102 Π·
2926 4053 2951 4108 S
2976 4051 3022 4096 ¹·

229 4119 344 4167 dub.
365 4125 576 4178 (xxxiv
593 4163 610 4186 .‚
632 4125 733 4186 5.)‚
755 4138 903 4184 quam
939 4128 1168 4187 quidem,
1184 4127 1443 4185 quoniam,
1467 4138 1593 4185 quae
1655 4122 1709 4167 D.
1731 4121 1798 4167 de
1819 4122 1890 4169 V.
1917 4121 1974 4165 0.
1998 4119 2154 4177 (va,
2177 4118 2244 4177 1.)
2266 4138 2329 4152 -—
2352 4117 2403 4189 Ε.
2430 4114 2511 4187 G]-

230 4179 335 4229 faeti
356 4194 468 4233 sunt
486 4222 503 4245 ‚
527 4202 634 4236 non
655 4190 760 4236 fere
781 4193 1158 4247 praesumuntur
1179 4190 1222 4247 (S
1264 4186 1400 4251 830,
1444 4191 1506 4238 ad
1525 4191 1595 4237 fa·
1719 4182 1802 4239 ia)
1824 4183 1877 4228 L.
1900 4179 1981 4227 5⁴·
2007 4183 2060 4226 D·
2085 4179 2155 4226 de
2174 4179 2359 4227 kered·
2384 4179 2552 4225 mml-
2574 4175 2591 4233 (
2611 4175 2899 4239 XXV111‚5
2919 4179 2936 4235 )
2961 4200 3021 4208 -·

228 4254 381 4293 vorem
402 4251 652 4299 libertatis
672 4252 844 4298 referri
865 4252 1020 4308 magis
1037 4253 1311 4298 conveniat.
1657 4246 1708 4291 L·
1727 4243 1808 4293 44-
1836 4247 1860 4299 S
1881 4245 1927 4288 ¹·
1942 4245 1997 4288 D·
2023 4243 2091 4289 de
2110 4245 2166 4288 0·
2187 4246 2244 4288 et
2261 4246 2327 4290 A·
2350 4236 2604 4298 (xle,7.)
2627 4259 2684 4268 “··
2709 4242 2779 4285 In
2801 4241 2938 4288 ‘ilem
2960 4240 3021 4284 de

283 4306 329 4366 6)
360 4312 415 4357 L.
437 4311 523 4359 39.
549 4321 602 4360 et
626 4317 679 4361 L.
699 4313 808 4361 161.
832 4314 888 4358 D.
908 4311 975 4359 de
994 4317 1303 4374 my.jur.—-
1326 4317 1379 4362 L.
1400 4312 1481 4361 81.
1506 4313 1591 4368 §¹-
1656 4312 1863 4365 utroque
1884 4310 2173 4362 usurpatum
2195 4305 2343 4350 tuisse
2362 4303 2572 4361 videtur,
2594 4312 2707 4348 cum
2726 4302 3019 4350 determino

229 4368 278 4417 D.
295 4372 359 4420 de
376 4376 541 4422 cond.
582 4383 640 4424 et
660 4377 948 4424 demonstr.
1648 4383 1677 4418 a
1699 4381 1797 4427 quo
1815 4403 1830 4428 ‚
1848 4374 1903 4415 ut
1920 4373 2095 4414 vocant
2115 4401 2129 4425 ‚
2154 4370 2257 4413 tum
2276 4368 2337 4413 de
2362 4365 2568 4412 termino
2592 4365 2651 4410 ad
2674 4376 2838 4421 quem.
2865 4367 2917 4411 L.
2936 4361 3016 4412 4⁴.

229 4432 413 4541 oen¹h
438 4436 490 4485 8.
517 4441 545 4495 3
567 4436 619 4486 7,
646 4442 703 4486 D.
726 4438 966 4486 decond.
986 4437 1274 4487 inseite-L.
1295 4437 1375 4488 54.
1396 4441 1421 4494 S
1444 4437 1493 4485 2.
1518 4439 1588 4485 de
1648 4444 1726 4551 gri
1770 4432 1854 4540 git.
1878 4432 1967 4486 -S
1987 4429 2035 4476 2.
2057 4431 2097 4477 l.
2119 4428 2185 4476 do
2225 4431 2294 4478 V.
2332 4427 2533 4475 0.-Cl.
2555 4426 2787 4475 Brisson.
2829 4439 2944 4474 voce
2964 4425 3020 4472 ὶη

267 4507 326 4616 ᾖ)
358 4562 410 4609 Ι..
432 4560 521 4609 29.
547 4565 608 4608 D.
632 4563 870 4609 decena.
892 4566 948 4609 et
961 4563 1095 4611 dem.
1122 4588 1177 4596 —-
1203 4564 1255 4611 L,
1277 4562 1328 4611 8,
1346 4566 1372 4619 g
1388 4563 1437 4611 7.
1453 4566 1507 4610 1),
1528 4564 1594 4610 de
1717 4555 1764 4615 Ξ)
1785 4555 1908 4608 ‚Vid.
1931 4552 2185 4604 Auen-aniz·
2203 4555 2456 4612 interpret.
2474 4553 2576 4608 jur.
2600 4553 2704 4599 Lib.
2725 4554 2781 4598 11.
2806 4565 2850 4599 c.
2875 4549 2955 4600 16.

224 4621 370 4668 cond.
393 4626 522 4671 ἱππ.
550 4625 788 4684 (xum,
805 4624 876 4684 7.)
898 4651 948 4657 -
974 4630 1026 4674 L.
1050 4624 1130 4673 54.
1150 4628 1176 4680 S
1195 4625 1244 4672 Ξ.
1263 4627 1331 4675 de
1350 4628 1446 4687 leq.
1473 4628 1585 4673 1.—
1708 4619 1757 4678 ὅ)
1794 4622 1847 4668 L.
1869 4617 1949 4669 75.
1971 4621 2025 4667 D.
2050 4617 2116 4664 de
2137 4617 2292 4665 cond.
2317 4619 2372 4663 et
2390 4615 2677 4663 demonstr.
2696 4638 2759 4689 3-
2781 4618 2831 4663 L.
2857 4614 2936 4664 16.
2962 4617 3015 4661 D.

224 4681 291 4727 ct.
312 4686 381 4732 Η.
408 4687 627 4734 Donelli
644 4692 962 4735 commentar.
1008 4691 1102 4746 jur.
1141 4689 1271 4736 civil.
1309 4691 1413 4736 Lib.
1454 4692 1586 4750 vill,
1648 4683 1715 4730 de
1731 4684 1893 4731 cond.
1922 4682 2031 4730 ind.
2056 4683 2171 4741 (xli
2187 4715 2203 4742 ‚
2225 4682 2272 4727 6.
2294 4681 2312 4737 )
2336 4703 2397 4715 —
2419 4679 2512 4736 (Cf.
2529 4680 2724 4735 Cnjacu
2745 4679 2851 4726 obs.
2872 4680 2975 4725 xlll
3002 4709 3019 4736 ,

223 4754 262 4788 θ·
282 4743 363 4793 34·
387 4751 413 4802 S
433 4750 469 4795 2
490 4762 605 4809 sqq.
627 4755 676 4795 et
692 4749 1010 4798 Endemann
1029 4753 1064 4798 l.
1087 4752 1123 4800 l.
1147 4763 1195 4808 p.
1214 4749 1296 4798 47.
1649 4748 1753 4794 obs.
1771 4746 1893 4806 200.

278 4805 326 4865 9)
348 4811 403 4857 L.
437 4810 522 4858 51.
551 4813 607 4858 L.
634 4809 741 4859 101.
767 4826 840 4870 pr.
867 4816 920 4860 D.
947 4814 1188 4862 decond.
1211 4818 1269 4861 et
1297 4814 1586 4862 demonstr.
1713 4807 1764 4868 le)
1796 4810 1849 4858 Ι..
1888 4804 1968 4857 79.
2010 4810 2036 4863 S
2077 4806 2123 4855 1.
2168 4809 2223 4853 D.
2266 4806 2336 4852 de
2372 4803 2528 4853 cond.
2554 4807 2607 4852 ee
2643 4803 2931 4852 demonstr.
2965 4825 3018 4835 —-

225 4890 277 4900 -
295 4870 347 4917 L.
365 4869 449 4919 94.
472 4886 553 4931 pr.
578 4875 698 4921 eod.
721 4876 880 4931 (verb.
894 4893 918 4918 α
942 4878 1137 4923 Diversa
1174 4887 1320 4924 causa
1358 4883 1430 4924 est
1462 4879 1590 4934 lega·
1650 4876 1844 4930 Except.
1871 4876 1942 4918 est
1964 4871 2015 4918 L.
2034 4868 2117 4918 79.
2139 4881 2211 4929 pr.
2236 4867 2356 4916 eod.

223 4934 324 4979 tatii
342 4950 368 4976 ιο
394 4936 716 4994 ›·el.).-L.5.
740 4939 766 4991 Β
794 4936 841 4985 5.
860 4941 914 4986 D.
937 4939 1158 4998 quando
1197 4937 1308 4987 dies
1337 4942 1433 5000 leq.
1471 4939 1587 4987 ced.
1713 4935 1760 4993 5)
1796 4937 1847 4983 L.
1872 4933 1946 4981 17.
1972 4936 2028 4982 D.
2051 4934 2120 4982 de
2139 4931 2295 4981 cond.
2319 4929 2485 4979 indeo.
2515 4931 2635 4990 (xil,
2652 4926 2725 4986 6.)
