3544 5506
518 322 637 381 338
1256 335 1407 378 raas
1446 334 1611 379 sane.
1654 336 1774 376 us.
1816 336 1914 377 ιιι.
1956 334 2032 376 nn
2070 333 2591 377 osuoauomus.

517 451 759 502 statuat
782 441 852 517 ι11)
878 487 895 518 ,
943 450 1139 517 atque
1167 443 1292 501 hoc
1333 442 1606 514 amplius
1638 441 1963 502 modicum
1992 442 2301 514 temporis
2323 441 2596 514 spatium
2614 482 2633 514 ‚
2684 441 2859 497 intra
2885 440 3065 513 quod
3093 437 3334 502 solvat,

518 541 997 602 concedendum
1034 541 1156 597 erit
1196 533 1470 596 debitori
1497 534 1586 611 ¹⁴).
1620 539 1890 600 Omnino
1917 544 2134 595 autem
2181 533 2396 609 magni
2426 539 2727 606 interest,
2765 536 2964 607 scire,
3017 551 3339 610 quaenam

519 640 711 697 suerit
754 641 1087 697 solutionis
1131 633 1633 696 restitutionisve
1681 636 2077 695 differendae
2126 638 2364 697 causa?
2413 641 2567 696 Nam
2592 637 2650 711 1)
2699 638 3028 709 inculpata
3059 651 3250 695 mora
3269 633 3335 704 15)

520 742 896 812 plerumque
926 739 995 812 18)
1027 739 1198 798 haud
1231 744 1459 808 nocet,
1494 738 1534 795 i.
1560 753 1620 794 e.
1652 732 1716 800 in
1748 753 1930 795 mora
1958 753 2090 796 esse
2110 738 2258 810 jure
2287 739 2408 796 dici
2443 739 2700 809 nequit,
2740 733 2851 812 qui
2883 737 3080 809 culpa
3106 751 3342 793 vacuus

518 843 612 893 est
640 835 728 908 17).
776 839 1112 892 Praeterea
1146 836 1205 905 2)
1237 830 1300 891 in
1326 849 1509 891 mora
1533 848 1663 890 non
1688 840 1827 904 est,
1857 834 1966 906 qui
2009 849 2087 892 eo
2118 835 2594 903 tantummode,
2628 849 2760 906 quo
2792 833 3019 893 melius
3065 831 3341 889 tutiusve

519 951 621 993 res
669 936 1079 1007 expediatur,
1129 935 1383 993 differat
1421 935 1805 993 solutionem
1831 932 1919 1002 ¹⁸).
1975 934 2206 1012 Quodsi
2235 933 2295 1006 5)
2326 936 2410 993 de
2456 935 2743 1008 petitoris
2765 933 2917 1005 jure
2957 934 3251 990 nondum
3274 933 3340 990 li·

519 1034 719 1106 quido
758 1040 1010 1092 constat
1039 1080 1054 1104 ‚
1087 1050 1234 1092 cum
1265 1050 1459 1093 nemo
1502 1049 1580 1092 eo
1626 1050 1875 1112 moram
1905 1034 2119 1092 faeere
2147 1035 2476 1106 videatur,
2510 1035 2684 1106 quod
2713 1029 2848 1090 sine
2873 1033 3026 1090 doio
3066 1034 3241 1092 malo
3267 1033 3343 1090 ad

523 1125 829 1206 judicium
859 1136 1168 1202 provocet
1196 1128 1264 1202 1⁹)
1287 1175 1303 1202 ,
1333 1136 1483 1187 ante
1511 1130 1769 1202 quidem
1804 1132 1977 1188 litem
2007 1137 2434 1192 contestatam
2463 1145 2688 1191 morae
2733 1129 3146 1187 incommoda
3174 1130 3346 1187 nulio

519 1231 712 1288 modo
738 1232 818 1287 ad
853 1245 1036 1287 reum
1075 1229 1486 1302 pertinebunt
1510 1274 1527 1301 ‚
1573 1235 1799 1301 postea
1844 1245 2002 1288 vero
2025 1271 2043 1299 ‚
2081 1230 2133 1287 si
2180 1231 2374 1288 etiam
2404 1223 2859 1288 condemnatio
2882 1234 3205 1303 sequatur
3232 1224 3303 1300 2⁸)
3327 1269 3344 1294 ,

519 1329 583 1385 in
608 1330 838 1388 strictis
851 1328 1134 1404 judiciis,
1166 1336 1304 1387 tum
1326 1345 1483 1389 vero
1513 1329 1577 1387 in
1607 1324 1884 1406 depositi
1914 1330 2167 1389 actione
2191 1325 2562 1402 simpliciter
2588 1311 2773 1392 mora
2802 1328 3226 1387 contrahitur
3244 1323 3311 1396 ²¹)
3327 1367 3343 1394 ,

519 1424 581 1481 in
620 1426 878 1498 reliquis
900 1441 1105 1498 usque
1147 1440 1226 1484 eo
1253 1426 1571 1483 duntaxat
1589 1469 1604 1496 ‚
1632 1432 1706 1482 ut
1739 1424 2095 1502 periculum
2119 1440 2305 1483 casus
2331 1439 2461 1483 non
2487 1430 2733 1498 spectet
2761 1424 2842 1481 ad
2892 1424 2988 1482 rei
3021 1437 3349 1496 possesso-

524 1539 662 1583 rem
687 1571 700 1583 .
732 1520 978 1584 scilicet
1004 1540 1089 1583 ne
1111 1525 1256 1597 quis
1284 1532 1554 1599 propter
1572 1525 1745 1582 hunc
1767 1531 2011 1584 metum
2039 1524 2441 1583 indefensum
2473 1522 2574 1602 ius
2602 1539 2790 1582 suum
2814 1522 3151 1595 relinquat
3171 1518 3268 1594 2²).

1528 1678 1716 1751 5572.
1744 1679 1807 1756 β)
1837 1676 2147 1737 creditoris
2174 1695 2357 1736 mora.

606 1840 949 1902 creditoris
983 1859 1165 1903 mora
1194 1860 1326 1902 non
1355 1846 1560 1902 solum
1591 1842 1961 1916 accipienda
2000 1846 2126 1909 est,
2156 1857 2303 1900 cum
2346 1840 2518 1914 ejus,
2557 1841 2732 1913 quod
2772 1840 3055 1899 debetur
3075 1883 3094 1909 ,
3124 1839 3353 1897 solutio

524 1943 800 2015 legitimo
816 1944 1012 2002 modo
1038 1937 1633 2018 opportunoque'et
1666 1943 1810 2000 loco
1830 1948 1898 2003 et
1925 1948 2217 2014 tempore
2235 1981 2250 2011 ‚
2283 1941 2519 1999 frustra
2556 1947 2774 1999 tamen
2795 1981 2812 2007 ,
2842 1939 3128 1997 offertur
3154 1932 3356 1997 eredi-

525 2039 648 2099 tori
678 2037 763 2114 ι),
816 2038 1032 2117 ejusve
1076 2042 1313 2098 vicario
1335 2036 1378 2113 2)
1403 2081 1419 2106 ,
1470 2053 1691 2096 verum
1722 2038 1951 2112 etiam,
1984 2052 2167 2107 cum,
2199 2037 2488 2098 debitore
2537 2039 2618 2094 ad
2661 2037 3042 2096 solvendum
3091 2042 3355 2108 parato,

525 2140 818 2207 tempore
853 2151 931 2194 ac
978 2137 1120 2194 loco
1151 2141 1395 2193 statuto
1431 2149 1565 2191 non
1607 2132 1810 2190 adfuit
1839 2133 2124 2192 creditor
2147 2129 2220 2205 ³).
2267 2137 2478 2206 Neque
2508 2147 2665 2190 vero
2685 2176 2702 2209 ‚
2735 2147 2883 2193 cum
2928 2132 3012 2188 ad
3035 2131 3359 2204 judicium

525 2242 835 2308 provocat
883 2237 1168 2312 debitor,
1214 2244 1327 2294 aut
1365 2234 1953 2308 computationibus
1992 2229 2297 2291 iaciendis
2334 2248 2649 2292 summam
2679 2240 2864 2304 certo
2905 2227 3227 2291 constitui
3253 2246 3362 2304 po-

521 2339 754 2409 stulat,
804 2345 916 2394 aut
959 2338 1289 2394 cautiones
1321 2351 1457 2395 esse
1489 2335 1880 2392 adhibendas
1931 2348 2061 2392 non
2106 2327 2438 2391 differendi
2486 2348 2680 2390 causa
2720 2328 3094 2402 desiderat,
3135 2346 3360 2390 morae

524 2435 928 2494 incommoda
962 2431 1222 2508 effugiet
1239 2438 1523 2496 creditor
1544 2477 1561 2504 ,
1582 2434 1688 2508 qui
1710 2429 2312 2495 dissimulationibus
2341 2449 2478 2490 rem
2502 2426 2755 2490 differat
2776 2429 2844 2507 4).
2870 2431 3115 2508 Quodsi
3139 2437 3358 2488 tamen

517 2530 756 2603 justam
798 2532 987 2589 habet
1018 2528 1356 2592 recusandi
1394 2548 1650 2590 causam
1693 2531 1978 2590 creditor
2002 2573 2019 2600 ,
2052 2545 2182 2605 quo
2221 2531 2430 2592 minus
2462 2531 2734 2603 accipiat
2781 2530 3223 2605 solutionem,
3251 2535 3361 2587 aut

526 2626 810 2705 alioquin
840 2635 940 2690 cul
948 2650 1029 2706 pa
1057 2639 1279 2702 vacat,
1313 2648 1436 2690 nec
1457 2634 1539 2690 de
1562 2647 1744 2690 mora
1775 2632 1911 2706 ejus
1935 2631 2118 2708 queri
2146 2637 2356 2705 potest
2376 2631 2629 2690 debitor
2652 2627 2727 2707 5).

1236 2805 1380 2869 373.
1411 2804 1466 2877 ⁴7)
1503 2803 1802 2872 Quaenam
1821 2804 1900 2862 sit
1924 2820 2116 2863 morae
2136 2802 2223 2860 vis
2248 2810 2419 2880 atque
2437 2800 2685 2881 effectus.

608 2971 1039 3044 Quaecunque
1060 2985 1241 3028 mora
1263 2964 1629 3028 efficiuntur
1648 3012 1664 3040 ‚
1694 2985 1772 3029 ea
1797 2978 1907 3029 aut
1927 2971 2294 3031 communia
2321 2977 2469 3029 sunt
2492 2977 2559 3028 et
2580 2967 2865 3028 solvendi
2895 2976 2965 3027 et
2994 2968 3355 3041 accipiendi

526 3069 889 3127 cessationis
913 3113 932 3145 ‚
965 3077 1078 3127 aut
1123 3070 1469 3143 unicuique
1487 3069 1769 3145 propria.
1794 3066 1841 3143 Ι)
1871 3071 2250 3131 Communia
2284 3077 2431 3128 sunt
2460 3070 2660 3128 haec:
2692 3068 2750 3145 1)
2788 3083 2975 3126 mora
3013 3068 3101 3125 ab
3152 3068 3353 3125 altero

526 3163 839 3239 adhibita,
885 3169 965 3226 ad
995 3170 1168 3227 hunc
1196 3170 1455 3242 quidem
1494 3184 1678 3227 casus
1703 3168 2063 3241 periculum
2088 3170 2389 3244 deinceps
2421 3172 2801 3242 plerumque
2839 3174 3005 3234 (not.
3031 3166 3124 3242 8.)
3159 3167 3354 3240 respi-

526 3282 675 3326 cere
701 3266 778 3342 ¹)‚
811 3270 1081 3328 alterum
1120 3286 1277 3330 vero
1318 3286 1357 3327 a
1398 3267 1595 3327 futuri
1646 3269 1954 3341 temporis
1991 3269 2281 3342 periculo
2323 3269 2618 3341 liberari,
2663 3274 2737 3325 ut
2783 3268 2846 3326 id
2895 3268 3354 3327 tantummodo

591 3417 669 3476 13)
687 3422 738 3468 1..
761 3419 844 3468 32.
863 3433 938 3479 pr.
965 3424 1020 3471 D.
1041 3422 1418 3470 densum-cf.
1440 3421 1617 3468 Schol.
1633 3420 1800 3467 Basil.
1816 3422 1896 3468 111.
2539 3424 2563 3479 S
2595 3418 2710 3469 572.

527 3493 576 3540 p.
598 3479 709 3529 441.
733 3487 836 3528 not.
861 3485 1048 3530 e.—Ct‘.
1075 3485 1298 3532 Noodel.
1321 3488 1358 3532 1.
1385 3497 1430 3530 c.
1451 3482 1501 3529 9.

590 3542 668 3601 14)
690 3546 741 3590 L.
766 3544 846 3590 21.
873 3550 899 3603 s
919 3547 993 3593 12.
1014 3548 1069 3592 D.
1094 3546 1161 3594 de
1194 3551 1392 3605 recept.
1416 3546 1517 3602 (lv,
1540 3542 1610 3600 8.)
1642 3568 1704 3577 -
1737 3545 1790 3590 1..
1816 3545 1897 3591 21.
2027 3543 2073 3603 1)
2114 3548 2165 3593 L.
2192 3545 2270 3594 16.
2302 3552 2329 3606 s
2360 3548 2389 3592 2
2428 3559 2536 3606 sqq.
2582 3548 2634 3593 1..
2661 3543 2738 3592 17.
2761 3546 2814 3591 1..
2836 3543 2916 3591 18.
2942 3557 3023 3603 pr.
3053 3546 3202 3592 [λάε
3229 3555 3350 3602 pec.

526 3607 583 3652 D.
603 3606 672 3654 de
694 3606 819 3663 jud.
845 3610 921 3667 (V,
945 3610 1012 3663 1.)
1038 3610 1123 3664 (cf.
1150 3611 1201 3655 L.
1221 3610 1299 3657 31.
1325 3612 1379 3655 D.
1402 3608 1469 3654 de
1492 3618 1552 3653 re
1574 3604 1699 3663 jud.
1724 3608 1862 3665 (xLu
1884 3640 1899 3664 ‚
1962 3607 2177 3657 corum.
2201 3613 2341 3667 (xm,
2360 3607 2502 3663 5.)-
2525 3611 2581 3656 L.
2603 3607 2713 3654 122.
2739 3620 2814 3665 pr.
2838 3610 2895 3655 D.
2918 3608 2992 3655 de
3015 3609 3092 3654 V.
3120 3611 3181 3655 0.
3199 3608 3354 3664 (XLV,

529 3666 716 3727 1.)—1..
742 3667 851 3719 135.
875 3672 901 3726 ς
919 3673 967 3718 2.
1003 3672 1055 3717 L.
1081 3669 1190 3719 137.
1215 3675 1298 3728 ςΞ.
1316 3674 1371 3720 D.
1398 3671 1465 3716 de
1485 3670 1551 3717 V.
1581 3670 1764 3716 0.-1..
1790 3666 1899 3716 105.
1968 3669 2037 3730 1.)
2061 3695 2120 3704 ·-
2143 3672 2196 3717 L.
2219 3670 2300 3718 39.
2321 3675 2372 3719 L.
2397 3670 2572 3729 73.pr.
2593 3678 2643 3716 et
2667 3672 2693 3725 S
2712 3668 2762 3718 3.
2785 3671 2836 3715 in
2861 3670 2900 3717 1.
2946 3671 3002 3716 1..
3042 3670 3163 3717 105.
3205 3673 3259 3717 D.
3286 3669 3355 3716 de

530 3731 586 3777 D.
612 3729 678 3777 de
704 3731 867 3780 solut.
1966 3736 2123 3781 solut.
2149 3735 2327 3795 (XLVi,
2346 3733 2415 3791 3.)
2442 3759 2496 3767 -
2536 3735 2587 3778 L.
2610 3731 2658 3780 6.
2679 3738 2727 3777 et
2747 3732 2827 3781 19.
2848 3732 2906 3778 C.
2929 3734 3002 3779 de
3036 3743 3240 3791 usum(
3271 3733 3354 3788 lv,

592 3791 739 3850 15)1..
761 3792 851 3851 9.ς
876 3794 922 3841 1.
946 3795 1001 3839 D.
1025 3795 1076 3840 Ιι.
1099 3798 1138 3841 t.
1964 3794 2083 3854 32.)
2115 3820 2177 3830 —
2209 3799 2325 3843 Nov.
2359 3796 2440 3844 91.
2476 3808 2521 3842 e.
2558 3795 2606 3841 2.
2642 3793 2745 3851 (cf.
2783 3795 2913 3843 intra
2949 3797 2978 3851 S
3015 3806 3128 3855 seq·
3160 3801 3268 3843 not.
3300 3793 3350 3840 9.

591 3853 669 3909 16)
692 3856 810 3901 Nam
829 3858 924 3904 vid.
945 3862 1049 3903 not.
1072 3855 1120 3902 9.
1144 3862 1193 3904 et
1216 3856 1293 3904 10.
1966 3857 2016 3904 in
2040 3858 2076 3904 t'.
2100 3858 2136 3915 ).

591 3915 670 3964 17.
696 3918 805 3963 vid.
828 3924 932 3966 not.
960 3919 1005 3966 1.
1031 3924 1079 3965 et
1101 3921 1211 3968 add.
1235 3923 1286 3966 L.
1310 3917 1390 3967 25.
1415 3922 1441 3975 S
1461 3918 1506 3967 1.
1531 3920 1585 3965 D.
1604 3919 1671 3966 de
1695 3920 1893 3973 recept.
2021 3920 2070 3976 2)
2105 3924 2219 3978 Arg.
2247 3923 2298 3969 L.
2322 3921 2405 3971 34.
2429 3924 2519 3979 53.
2545 3924 2601 3968 D.
2622 3918 2690 3964 de
2712 3916 2873 3966 solut.

527 3979 628 4036 (tv,
650 3977 719 4037 8.)
756 4003 812 4011 -
847 3984 898 4028 L.
924 3983 969 4028 2.
994 3980 1174 4037 §1—4.
1201 3984 1257 4028 D.
1280 3982 1326 4028 εἰ
1356 3981 1476 4043 quis
1506 3984 1653 4030 caut.
1686 3979 1740 4026 in
1762 3978 1890 4036 jud.
2018 3982 2073 4038 3)
2105 3988 2215 4040 Arg.
2243 3985 2294 4029 L.
2322 3983 2399 4032 18.
2424 3999 2498 4044 pr.
2526 3986 2581 4030 D.
2606 3980 2806 4039 depec.
2831 3985 3011 4027 const.

526 4041 643 4087 sict.
667 4054 832 4090 causa
848 4043 975 4098 fact.
1003 4046 1104 4104 (u,
1130 4044 1207 4091 11.
1230 4046 1247 4102 )
1285 4068 1340 4077 -
1375 4046 1580 4092 Dissent.
1598 4043 1892 4091 Schoeman
2017 4041 2068 4103 4)
2100 4047 2206 4093 vid.
2232 4048 2259 4101 S
2277 4045 2390 4095 571.
2415 4052 2520 4095 not.
2544 4044 2622 4093 18.
2651 4049 2704 4091 et
2739 4046 2791 4089 L.
2818 4040 2869 4091 4.
2893 4046 2951 4090 D.
2982 4044 3056 4091 de
3077 4055 3233 4090 usur.
3248 4055 3354 4102 pu-

528 4103 718 4151 Handb.
745 4106 803 4152 11.
827 4119 876 4164 p.
907 4104 1002 4154 299
1036 4133 1090 4140 -
1124 4103 1236 4153 308.
1292 4108 1375 4163 EJ.
1401 4105 1804 4153 Schadensersatz
1828 4106 1887 4152 11.
1949 4105 2184 4164 pillarib.
2210 4111 2289 4166 (V,
2311 4109 2413 4170 56.)

526 4177 579 4222 p.
606 4162 665 4211 18
686 4191 743 4199 -
765 4166 844 4214 27.
869 4170 1061 4227 fragm.
1082 4183 1130 4227 p.
1149 4167 1212 4215 50
1231 4193 1287 4201 —
1310 4167 1389 4218 56.
1407 4185 1422 4231 ;
1442 4170 1652 4214 maxime
1691 4172 1894 4226 propter
2019 4166 2066 4227 5)
2099 4171 2306 4217 Dissent.
2348 4172 2642 4221 Sokoeman
2674 4166 3094 4216 Sapadenses-sau
3114 4169 3177 4214 11.
3216 4180 3265 4226 p.
3295 4164 3354 4213 15

532 4229 692 4274 locum
715 4230 1060 4286 perobscurum
1085 4232 1340 4288 Venuleje‘
1378 4234 1427 4278 L.
1455 4228 1565 4278 137.
1598 4228 1693 4287 54.
1734 4232 1791 4277 D.
1825 4228 1894 4279 de
1957 4241 2033 4288 sq.
2058 4237 2107 4278 et
2146 4246 2195 4292 p.
2233 4231 2312 4280 39.
2356 4240 2554 4294 propter
2576 4235 2624 4278 L.
2661 4234 2711 4278 3.
2736 4232 2788 4276 in
2817 4229 2856 4278 1.
2884 4233 2940 4277 D.
2977 4230 3049 4277 de
3078 4234 3191 4277 aet.
3227 4230 3354 4277 enti

529 4291 601 4335 V.
628 4291 685 4336 0.
707 4293 874 4338 —Sed
897 4295 993 4340 vid.
1019 4294 1271 4340 Haenell.
1291 4298 1325 4341 1.
1352 4292 1471 4350 870.
1496 4299 1601 4340 not.
1622 4305 1670 4340 a.
1693 4295 1743 4338 et
1766 4292 1895 4341 We·
1958 4295 2117 4342 vend.
2139 4296 2281 4354 (xix,
2304 4295 2532 4354 1.)-Sed
2554 4294 2652 4341 vid.
2673 4297 2700 4351 s
2721 4291 2836 4340 371.
2861 4298 2969 4340 not.
2998 4294 3050 4339 1.
3071 4297 3124 4338 et
3143 4298 3249 4338 not.
3273 4289 3351 4338 17.

527 4351 654 4411 ninq
675 4354 905 4400 zeitschr.
932 4357 968 4401 1.
992 4368 1042 4413 p.
1065 4354 1159 4403 356
1178 4368 1284 4414 sqq.
1309 4356 1404 4411 (nr.
1432 4357 1520 4414 2.).
1958 4358 2117 4403 -Nec
2129 4359 2283 4416 magi·
2300 4359 2547 4406 contraria
2565 4363 2639 4403 est
2659 4359 2710 4405 L.
2736 4354 2814 4404 18.
2840 4368 2918 4414 pr.
2942 4355 2999 4401 in
3016 4355 3057 4401 1.
3081 4354 3350 4410 udepee.

589 4413 669 4471 1Β)
686 4415 739 4460 L.
763 4415 843 4464 21.
867 4417 917 4463 in
939 4418 976 4464 1.
1011 4419 1062 4464 1..
1086 4417 1167 4465 22.
1205 4421 1258 4465 D.
1288 4420 1344 4467 Ιι.
1368 4422 1406 4469 t.
1441 4442 1502 4456 -·
1535 4420 1587 4469 1..
1622 4414 1704 4464 99.
1743 4418 1796 4461 D.
1824 4413 1894 4463 do
1955 4423 2154 4480 oon-tt„
2174 4422 2354 4480 quippe
2375 4433 2469 4480 qua
2492 4422 2542 4467 id
2567 4421 2724 4466 sotum
2746 4422 3020 4477 quaeratur
3043 4434 3057 4463 ε
3081 4429 3204 4463 num
3225 4418 3352 4462 aetio

529 4478 835 4594 niam..
861 4540 916 4586 n.
945 4540 1013 4588 a.
1041 4552 1150 4601 r...
1174 4544 1289 4600 12...
1323 4566 1385 4576 .-
1421 4539 1545 4589 ι..3.
1569 4543 1620 4589 1..
1643 4537 1723 4587 ιο.
1750 4537 1894 4585 n...
1956 4482 2941 4603 3355523322332fflffhtssatz‘gzzt‘itff
2956 4479 3158 4588 3¹:2²:ss
3179 4480 3355 4595 ἲέἶῗῖ

529 4598 639 4644 ''⁶⁶-
659 4601 806 4648 Cffld·
829 4603 931 4658 (XII
945 4634 963 4662 ‚
1001 4602 1068 4660 1.)
1100 4628 1162 4638 -
1185 4606 1237 4653 L.
1261 4606 1343 4653 21.
1377 4606 1432 4655 1..
1452 4606 1533 4654 22.
1557 4605 1614 4652 D.
1639 4601 1707 4651 de
1736 4612 1892 4650 usur.
1957 4604 2226 4665 periculum
2249 4606 2489 4665 suscipere
2519 4608 2695 4665 aliquis
2732 4616 2932 4652 necesse
2967 4605 3188 4661 habeat,
3218 4602 3353 4661 quod

528 4660 644 4705 -L.
666 4659 746 4710 24.
769 4676 843 4721 pr.
865 4665 916 4710 L.
938 4662 1017 4711 47.
1037 4664 1156 4714 eod.
1959 4667 2057 4715 alio
2091 4669 2177 4716 uin
2197 4670 2259 4716 ad
2277 4681 2390 4717 eum
2410 4682 2511 4718 non
2530 4673 2733 4729 spectet.
2752 4668 2866 4713 Vid.
2879 4679 2929 4714 v.
2944 4679 2994 4714 c.
3017 4678 3174 4726 supra
3193 4668 3220 4721 ς
3237 4664 3355 4713 56³.

590 4721 671 4779 20)
695 4725 748 4772 L.
770 4723 850 4773 88.
871 4729 925 4772 D.
939 4726 1009 4775 de
1031 4738 1140 4788 req.
1155 4729 1271 4784 jur.
1959 4680 2114 4782 ung.

592 4785 674 4841 2¹)
709 4787 760 4833 1..
784 4787 862 4835 12.
888 4790 913 4843 S
934 4788 983 4835 ὅ.
1000 4791 1054 4835 D.
1079 4791 1256 4847 depos.
1276 4790 1361 4847 (cf.
1382 4788 1534 4847 3575.
1559 4790 1764 4848 not.9.).

591 4847 669 4906 22)
717 4850 767 4895 L.
803 4847 882 4897 40.
929 4863 1005 4910 pr.
1042 4854 1096 4899 D.
1141 4851 1211 4900 de
1243 4853 1356 4901 her.
1396 4858 1502 4910 pet.
1540 4876 1600 4888 ·-
1634 4856 1684 4901 1..
1720 4850 1801 4901 63.
1839 4854 1894 4901 D.
2551 4824 2578 4879 ς
2596 4818 2708 4869 375'

527 4907 595 4958 de
612 4913 673 4959 R.
701 4912 771 4960 V.
2029 4912 2075 4971 1)
2106 4914 2247 4961 Certe
2265 4926 2458 4975 semper
2484 4915 2675 4973 culpam
2695 4914 2854 4960 terem
2876 4916 3137 4971 praestare
3157 4911 3328 4960 debet.
