3544 5506
516 326 632 385 654
1216 339 1367 383 rans
1405 339 1565 383 senc.
1606 341 1722 382 nn.
1765 340 1829 383 v.
1869 340 1948 383 ns
1983 338 2415 384 namnam
2452 339 2625 383 suu.

519 451 833 526 indulgeri
856 452 926 527 ⁸).
947 454 1008 522 2)
1039 457 1238 512 Datur
1264 454 1583 526 separatio
1607 469 1756 512 cum
1787 454 2096 511 adversus
2117 453 2426 511 heredem
2447 495 2463 520 ,
2497 467 2696 512 eosve
2717 492 2735 519 ,
2768 448 2885 525 qui
2915 453 3069 512 hnic
3093 454 3325 513 exstite-

518 559 671 611 runt
694 551 958 608 heredes
981 593 998 620 ,
1022 556 1155 611 tum
1181 566 1340 609 vero
1369 552 1674 608 adversus
1714 564 1863 623 eos,
1914 550 2024 621 qui
2048 549 2441 607 creditorum
2478 548 2626 621 jure
2663 563 2766 606 res
2792 543 3220 608 hereditarias
3256 551 3326 608 ab

521 652 762 709 herede
791 650 1116 721 possident
1149 647 1220 722 ⁷).
1256 648 1318 721 3)
1349 646 1747 717 creditores,
1780 644 1891 719 qui
1930 650 2251 707 bonorum
2281 648 2749 719 separationem
2795 648 3324 719 impetraverunt,

521 749 899 819 plerumque
928 761 1060 803 non
1088 752 1396 818 poterunt
1431 746 1664 803 reverti
1698 746 1782 802 ad
1807 741 2151 818 heredem,
2182 744 2297 801 nisi
2325 743 2378 801 si
2404 744 2505 801 vel
2529 757 2757 802 errore
2778 787 2795 814 ‚
2831 743 2945 815 qui
2974 747 3327 804 excusatio-

518 861 666 905 nem
690 853 1020 905 mereatur
1035 890 1051 914 ,
1076 846 1234 918 lapsi
1257 847 1728 917 separationem
1755 845 2111 917 petierunt,
2135 847 2237 903 vel
2264 844 2312 902 is
2339 850 2438 902 est
2458 837 2738 902 creditor
2753 887 2770 911 ‚
2795 844 2908 916 qui
2932 860 3013 902 ex
3034 847 3327 916 peculiari

522 942 925 1014 obligationis
955 957 1148 1000 causa
1167 986 1183 1014 ‚
1217 943 1389 1014 quod
1409 943 1752 999 defunctus
1776 942 2082 1007 debebat,
2123 940 2315 998 etiam
2347 940 2428 997 ab
2458 940 2693 997 herede
2723 946 2950 1011 petere
2982 947 3222 1012 potest,
3243 944 3328 999 vel

523 1041 791 1101 dimissis
834 1040 1085 1098 heredis
1128 1039 1553 1097 creditoribus
1598 1045 1889 1112 superest
1933 1039 2169 1111 aliquid
2198 1053 2276 1095 ex
2308 1037 2580 1110 propriis
2627 1038 2881 1097 heredis
2929 1034 3123 1097 bonis
3161 1036 3228 1113 ⁸).
3258 1045 3329 1097 Ae

520 1133 806 1196 similiter
822 1136 1072 1194 heredis
1094 1138 1446 1194 creditores
1462 1180 1478 1204 ,
1507 1137 1555 1194 si
1580 1136 1730 1207 quid
1752 1142 2044 1208 superest
2062 1119 2135 1194 ex
2159 1131 2514 1194 hereditate
2535 1181 2552 1207 ,
2586 1142 2922 1211 postquam
2943 1135 3327 1194 satisfactum

518 1237 711 1296 fuerit
737 1236 1135 1294 hereditariis
1162 1236 1582 1293 creditoribus
1600 1279 1617 1309 ,
1644 1232 1707 1293 id
1731 1235 1847 1294 sibi
1875 1242 2134 1293 sumant
2155 1232 2227 1311 ⁹).
2252 1234 2314 1306 «1)
2342 1239 2553 1293 Cessat
2573 1236 2997 1308 separationis
3020 1237 3329 1308 petendae

513 1333 621 1406 jus
653 1343 711 1404 a)
742 1339 886 1405 post
937 1333 1445 1405 quinquennium
1474 1334 1557 1388 ab
1599 1332 1770 1389 adita
1819 1332 2177 1389 hereditate
2220 1332 2724 1403 computandum
2767 1328 2878 1406 ¹⁰);
2915 1331 2981 1402 b)
3014 1347 3139 1404 eo,
3171 1333 3330 1404 quod

522 1428 779 1486 heredis
806 1428 995 1485 fidem
1022 1430 1222 1485 secuti
1260 1435 1409 1485 sunt
1435 1427 1785 1486 creditores
1823 1424 1888 1499 ¹¹)
1913 1444 1930 1499 3
1959 1426 2018 1499 c)
2044 1427 2381 1485 divenditis
2414 1428 2582 1484 bona
2614 1427 2740 1483 tide
2769 1427 2853 1484 ab
2879 1427 3130 1485 herede
3156 1428 3331 1485 rebus

520 1524 917 1583 hereditariis
947 1520 1012 1595 ¹²)
1033 1543 1048 1591 ς
1071 1526 1168 1581 vel
1200 1525 1392 1581 etiam
1421 1523 1485 1593 d)
1518 1524 1605 1580 ita
1635 1520 1995 1600 conjunctis
2019 1530 2215 1596 atque
2244 1518 2436 1581 unitis
2475 1538 2623 1581 cum
2645 1518 2844 1595 ipsius
2866 1522 3128 1581 heredis
3155 1523 3332 1596 patri-

518 1620 738 1679 monio
758 1663 776 1695 ‚
809 1627 882 1678 ut
905 1620 1227 1693 separatio
1253 1620 1388 1677 lieri
1420 1634 1682 1692 prorsus
1709 1625 1993 1692 nequeat
2020 1615 2112 1694 ιδ).

519 1825 705 1897 §702-
736 1825 812 1882 11.
859 1823 941 1880 De
966 1820 1208 1899 siuqtalis
1255 1819 1519 1880 heredum
1561 1821 1824 1899 juribus,
1873 1840 2017 1901 quae
2064 1823 2293 1902 quidem
2335 1826 2663 1884 accuratius
2700 1826 3138 1903 pertractanda
3186 1834 3328 1885 sust.

1195 1917 1263 1992 A)
1292 1916 1668 1976 Transmissio
1682 1918 1843 1995 juris
1865 1919 2198 1996 acquirendi
2224 1920 2301 1979 ad
2328 1919 2547 1979 heredes
2575 1921 2672 1998 (*).

605 2128 685 2183 Ex
712 2124 817 2193 iis,
850 2136 1019 2196 quae
1044 2124 1126 2181 de
1151 2122 1680 2194 patrimoniorum
1708 2121 2084 2180 confusione
2114 2136 2308 2195 supra
2337 2122 2383 2200 (ς
2398 2123 2543 2181 698.
2576 2086 2680 2180 nr.
2713 2125 2846 2197 111.)
2867 2123 3152 2181 diximus
3172 2174 3189 2197 ‚
3222 2140 3327 2182 sua

521 2220 1169 2294 sponteconsequitur
1183 2219 1527 2291 acquisitae
1542 2217 1908 2276 hereditatis
1932 2219 2266 2276 translatio
2288 2220 2369 2275 ad
2389 2219 2661 2277 heredes
2683 2210 2943 2278 heredis
2960 2220 3071 2293 (ib.
3101 2237 3208 2279 nr.
3234 2220 3331 2291 5.).

525 2323 724 2399 Quam
758 2321 820 2378 in
848 2335 987 2378 rem
1020 2333 1380 2392 proponere
1406 2319 1612 2376 solent
1635 2319 1920 2390 regulam
1946 2318 2150 2375 hanc:
2179 2313 2604 2377 hereditatem
2639 2333 2768 2377 non
2795 2320 3187 2392 acquisitam
3208 2335 3326 2377 non

521 2419 862 2478 transmitti
885 2421 962 2476 ad
993 2417 1243 2475 heredis
1268 2418 1534 2475 heredes
1560 2414 1627 2490 ¹).
1669 2421 1854 2488 Cujus
1874 2413 2131 2490 quidem
2155 2418 2414 2489 regulae
2442 2420 2685 2476 multae
2706 2425 2858 2476 sunt
2885 2421 3329 2491 exceptiones,

524 2531 794 2586 quarum
810 2521 1025 2571 tamen
1043 2508 1103 2570 in
1122 2528 1393 2571 numero
1405 2529 1481 2571 ea
1496 2528 1623 2572 non
1642 2520 1735 2571 est
1751 2513 2268 2585 habenda,quam
2285 2515 2831 2573 transmissionem
2849 2515 3334 2592 exjuresuitatis

522 2620 757 2671 vocant
776 2610 845 2685 ²).
885 2609 974 2671 Fit
1001 2613 1191 2684 igitur
1214 2612 1585 2670 hereditatis
1627 2613 1914 2671 nondum
1945 2612 2291 2684 acquisitae
2332 2608 2759 2680 transmissio,
2793 2628 2927 2685 qua
2961 2614 3218 2685 quidem
3233 2613 3335 2685 jus

524 2710 774 2770 delatam
792 2707 1216 2770 hereditatem
1245 2712 1519 2771 adeundi
1539 2709 1581 2780 ⁸)
1612 2711 1998 2772 transfertur
2021 2713 2103 2771 ad
2127 2712 2396 2771 heredes
2416 2753 2430 2780 ,
2460 2712 2553 2770 his
2583 2726 2660 2770 ex
2691 2711 2902 2771 causis
2928 2730 2945 2769 z
2970 2712 3033 2786 1)
3066 2714 3201 2772 edm
3220 2718 3324 2769 aut

529 2920 715 2973 petrata
737 2915 1000 2962 excludere
1024 2918 1244 2972 possunt.
1283 2916 1437 2972 lgitur
1480 2917 1519 2962 si
1559 2921 1763 2963 testator
1804 2918 1900 2963 sol·
2030 2916 2074 2969 1)
2097 2915 2174 2961 Cf.
2199 2917 2250 2961 L.
2274 2911 2325 2960 7.
2342 2915 2395 2960 C.
2419 2914 2473 2959 Ιι.
2496 2916 2532 2959 t.
2555 2913 2654 2970 (vl,
2675 2909 2858 2968 50.).—
2874 2914 2932 2959 L.
2959 2924 3045 2959 un.
3064 2915 3087 2967 g
3105 2909 3150 2957 5.
3170 2917 3219 2956 et
3238 2909 3317 2958 13.

522 2978 682 3025 vendo
723 2990 823 3024 nen
859 2984 959 3035 est,
999 2977 1294 3025 omnimodo
1336 2978 1552 3027 inutilia
1584 2984 1696 3025 sunt
1741 2981 1900 3036 legata
1964 2977 2016 3024 C.
2041 2977 2108 3023 de
2128 2978 2250 3024 cad.
2275 2977 2383 3023 toll.
2408 2978 2506 3032 (Vl,
2527 2973 2629 3030 51.)
2664 2999 2721 3008 -
2757 2975 2814 3020 L.
2832 2973 2882 3021 ⁴.
2911 2976 2969 3020 C.
2991 2973 3231 3032 quindiu.
3251 2973 3323 3019 ad

523 3042 608 3091 (1..
642 3038 717 3087 17.
741 3043 797 3087 l).
818 3041 885 3086 de
908 3043 1060 3086 mov-e.
1081 3050 1132 3086 c.
1159 3039 1326 3099 don),
1350 3054 1498 3098 quare
1523 3054 1612 3088 nec
1630 3053 1738 3087 cum
1763 3041 1899 3086 bere-
1966 3041 2027 3085 B.
2052 3041 2114 3086 P.
2136 3041 2240 3096 (vt,
2260 3035 2449 3094 9.)-1..
2471 3040 2519 3085 3.
2539 3040 2564 3093 9
2585 3037 2634 3085 7.
2660 3039 2714 3082 1).
2737 3037 2805 3082 de
2825 3039 2890 3084 B.
2925 3041 2991 3085 P.
3015 3035 3325 3095 (xxxma.)

533 3102 606 3148 dis
629 3103 952 3149 creditoribus
975 3110 1278 3149 concurrunt
1306 3104 1543 3161 legatarii.
1565 3103 1903 3159 Quodsiheres
1965 3104 2054 3158 -s
2073 3100 2121 3146 Ξ.
2146 3105 2182 3148 1.
2204 3099 2346 3161 quib.
2369 3101 2504 3147 mod.
2532 3104 2649 3147 test.
2673 3098 2875 3154 infirm.

524 3176 624 3210 non
639 3169 709 3211 est
723 3166 969 3220 solvendo,
990 3177 1077 3210 nec
1095 3165 1352 3223 quisquam
1372 3167 1891 3222 petitseparatiouem‚
2017 3163 2066 3222 2)
2090 3165 2289 3221 Propter
2314 3166 2363 3210 1..
2390 3165 2439 3210 3.
2470 3166 2523 3209 C.
2543 3163 2596 3209 Ιι.
2626 3169 2663 3208 t.
2701 3167 2749 3205 et
2783 3162 2839 3207 L.
2865 3164 2915 3210 1.
2931 3163 2959 3216 ς
2978 3164 3030 3209 8.
3055 3163 3110 3207 D.
3131 3159 3198 3209 de
3214 3160 3323 3208 0⁰11.

525 3229 676 3273 etiam
700 3227 892 3273 heredis
912 3228 1177 3273 creditores
1218 3228 1468 3285 legatariis
1504 3240 1604 3273 esse
1644 3229 1858 3285 potiores
1877 3261 1893 3283 ,
1958 3224 2079 3272 bon.
2104 3228 2349 3283 (xxxvii,
2374 3226 2443 3284 6.)
2465 3227 2556 3271 Sed
2584 3227 2681 3284 vid.
2708 3223 2734 3277 S
2760 3222 3009 3271 693.-Α1
3027 3237 3141 3270 vero
3166 3227 3214 3271 id
3230 3224 3324 3281 qui-

524 3290 685 3334 dicere
708 3291 997 3335 conveniens
1020 3294 1091 3333 est
1122 3322 1135 3342 ,
1158 3291 1393 3345 quoniam
1434 3289 1718 3336 confusione
1742 3295 1893 3334 testa·
1957 3289 2069 3333 dem
2092 3291 2335 3345 singulare
2361 3289 2584 3334 videatur
2609 3322 2624 3346 ‚
2646 3298 2789 3332 suum
2816 3287 3056 3333 heredem
3085 3322 3101 3341 ,
3118 3287 3203 3346 qui
3229 3285 3329 3342 qui·

523 3352 644 3397 toris
685 3363 880 3408 quoque
921 3351 1190 3397 creditores
1215 3352 1329 3397 iacti
1351 3364 1455 3397 esse
1481 3355 1726 3398 videntur.
1752 3352 1839 3397 Sin
1860 3363 1890 3397 a
1953 3350 2066 3396 dem
2107 3354 2244 3408 prius
2260 3385 2276 3404 ,
2298 3363 2445 3409 quam
2470 3352 2590 3395 sciat
2611 3385 2627 3406 ‚
2648 3361 2699 3394 se
2720 3350 3063 3395 necessarium
3106 3351 3325 3395 herede-

525 3414 652 3459 solis
691 3414 960 3472 leqatariis
1003 3414 1243 3458 bonorum
1284 3415 1528 3472 separatio
1569 3415 1889 3471 impetratur,
1954 3413 2082 3470 patri
2106 3415 2348 3459 exstitisse
2370 3447 2384 3467 ,
2407 3413 2663 3466 moriatur,
2683 3414 2834 3457 etiam
2857 3413 3140 3461 abstinendi
3159 3412 3237 3468 jus
3264 3410 3323 3455 ad

525 3474 574 3519 hi
612 3476 854 3533 acciplunt
879 3509 895 3529 ,
927 3476 1056 3533 quod
1092 3476 1333 3532 reliquum
1397 3480 1467 3520 est
1530 3476 1741 3522 deducto
1779 3487 1889 3520 aere
1955 3486 2065 3520 suos
2117 3474 2318 3522 heredes
2354 3475 2703 3521 transmittere.
2750 3475 2801 3518 1..
2850 3472 2900 3520 7.
2944 3474 2970 3527 ς
3015 3475 3063 3519 1.
3107 3476 3162 3521 D.
3197 3474 3248 3519 A.
3284 3474 3319 3517 t.

527 3537 690 3582 alieno
715 3572 731 3589 ..
764 3538 895 3596 quod
930 3539 1175 3583 contraxit
1209 3539 1498 3595 defunctus;
1529 3545 1724 3584 caetera
1760 3538 1890 3583 bona
1954 3536 2141 3593 (XXlX,
2162 3539 2249 3593 2.).
2287 3562 2345 3571 -
2381 3537 2455 3583 Cf.
2477 3533 2733 3582 Marezoll
2764 3537 2859 3582 l.1.
2890 3548 2971 3580 nr.
2996 3536 3082 3581 lll.
3103 3541 3128 3594 g
3149 3536 3177 3580 2
3199 3559 3255 3568 -
3275 3532 3320 3582 «l.

526 3598 743 3644 defuncti
792 3601 1054 3646 creditores
1078 3631 1092 3652 ,
1123 3601 1206 3655 qui
1237 3600 1434 3656 quidem
1479 3599 1608 3645 haud
1646 3601 1889 3656 petierunt
1952 3599 2039 3654 (p.
2065 3597 2125 3644 83
2147 3613 2253 3658 sqq.
2278 3600 2313 3658 ).
2347 3604 2396 3645 et
2437 3598 2503 3645 de
2548 3598 2839 3645 Bucldaouz
2876 3598 2913 3642 l.
2959 3599 2995 3643 l.
3043 3610 3094 3655 p.
3131 3596 3321 3656 66sqq.

527 3663 906 3717 separationem,
927 3673 1037 3705 cum
1063 3660 1256 3707 heredis
1275 3663 1595 3708 creditoribus
1615 3663 1889 3708 communi·
1953 3661 2035 3706 ΝΡ.
2056 3663 2180 3720 Xll.)

526 3734 638 3767 care
662 3735 854 3768 necesse
874 3723 1059 3768 habent
1084 3755 1099 3775 ,
1122 3721 1215 3769 hoc
1239 3731 1381 3780 pacto
1403 3758 1418 3781 ,
1443 3729 1495 3768 ut
1519 3757 1535 3779 ,
1570 3726 1655 3781 qui
1678 3731 1890 3780 potiores
2017 3723 2067 3779 3)
2088 3724 2159 3769 de
2194 3723 2483 3772 Buchlaouz
2507 3725 2538 3769 l.
2563 3721 2598 3767 l.
2624 3735 2673 3780 p.
2696 3720 2906 3770 27-51.
2943 3745 3002 3754 -—
3043 3720 3323 3768 Hereditatis

529 3782 739 3831 habendi
759 3786 852 3830 sint
874 3787 980 3831 aliis
1004 3819 1019 3839 ,
1041 3784 1099 3828 iis
1122 3796 1178 3831 ex
1206 3787 1384 3842 regulis
1407 3787 1765 3832 aestimandum
1789 3787 1851 3830 sit
1874 3820 1889 3842 ,
1953 3785 2084 3829 enim
2107 3788 2323 3831 nondum
2347 3787 2536 3831 delatae
2559 3786 2696 3830 nulla
2735 3791 2809 3830 est
2847 3787 3178 3831 transmissio.
3213 3785 3320 3830 Nan

527 3857 654 3903 quae
674 3847 734 3891 de
753 3859 988 3894 concursu
1006 3848 1132 3891 inter
1150 3860 1201 3891 se
1222 3849 1520 3894 creditorum
1535 3849 1745 3894 traditae
1757 3854 1888 3893 sunt.
1956 3857 2067 3892 cum
2092 3849 2192 3904 ipsa
2232 3853 2396 3905 regula
2441 3850 2502 3893 sit
2538 3848 2600 3891 de
2644 3847 2920 3893 hereditate
2963 3849 3186 3894 nondum
3204 3849 3322 3892 adita

533 3932 589 3940 —-
615 3909 766 3954 Aliter
781 3909 908 3954 hanc
930 3920 1031 3954 rem
1047 3941 1061 3960 ,
1083 3911 1346 3965 multisque
1366 3909 1596 3956 adhibitis
1616 3912 1891 3956 distinctio·
1955 3918 2050 3953 non
2077 3912 2473 3966 transmittenda,
2494 3911 2788 3956 conveniens
2802 3916 2895 3966 est,
2922 3915 2998 3965 ut,
3017 3922 3147 3967 quae
3164 3910 3222 3955 de
3242 3909 3319 3953 he-

530 3969 672 4014 nibus
698 4003 713 4023 ,
735 3974 975 4026 explicare
1006 3976 1158 4016 tentat
1181 3972 1323 4019 Fricz
1347 3972 1519 4018 Archiv
1542 3973 1580 4018 f.
1604 3972 1699 4018 civ.
1725 3973 1893 4018 Praxis
1955 3971 2236 4017 reditatilius
2260 3984 2355 4017 non
2378 3973 2624 4029 acquisitis
2648 4006 2664 4024 ,
2688 3979 2849 4018 tamen
2880 3973 3274 4018 transmittendis
3294 4003 3309 4026 ,

535 4031 637 4076 ΧΗ.
664 4032 742 4077 Μ.
764 4035 862 4079 Xll.
885 4046 931 4090 p.
955 4032 1049 4078 226
1076 4043 1185 4090 sqq.
1957 4035 2170 4088 generali
2203 4047 2431 4080 sermone
2454 4035 2905 4091 praecipiuntur,ea
2925 4033 2993 4079 ad
3016 4036 3169 4091 ipsius
3191 4045 3315 4090 equ-

593 4092 642 4153 6)
677 4095 756 4139 Cf.
780 4096 828 4139 L.
855 4097 899 4140 1.
921 4096 946 4148 S
968 4094 1015 4140 2.
1032 4090 1080 4139 5.
1101 4092 1150 4140 6.
1178 4094 1225 4139 in
1250 4093 1290 4139 f.
1316 4096 1367 4140 D.
1389 4095 1443 4141 Ιι.
1471 4098 1511 4141 t.
1961 4095 2035 4138 lae
2058 4096 2152 4140 vim
2190 4102 2336 4154 atque
2371 4098 2609 4142 ambitum
2653 4096 2924 4141 referamus
2971 4097 3059 4152 (cf.
3084 4102 3189 4141 not.
3211 4097 3314 4148 10.).

591 4153 640 4207 7)
677 4156 728 4200 L.
756 4157 802 4201 1.
834 4158 858 4210 S
880 4155 927 4202 ὅ.
951 4163 998 4202 et
1016 4154 1065 4200 8.
1093 4158 1147 4202 t).
1170 4156 1223 4201 Ιι.
1252 4160 1348 4202 t.-
1363 4158 1438 4202 Cf.
1460 4163 1509 4203 et
1530 4160 1556 4214 s
1577 4156 1624 4204 4.
1648 4157 1765 4207 eod.
1959 4160 2017 4201 Αι
2039 4168 2151 4204 vero
2167 4160 2259 4204 Jo.
2286 4162 2422 4218 Auq.
2447 4157 2744 4212 Hellfeldus
2768 4190 2782 4216 ,
2808 4159 2988 4204 falsam
3029 4162 3095 4204 de
3124 4161 3230 4212 jure
3247 4169 3317 4202 re-

589 4216 641 4269 8)
674 4219 726 4263 L.
751 4218 796 4264 1.
821 4223 845 4273 S
876 4216 949 4264 17.
972 4221 1024 4265 Ι..
1046 4220 1096 4265 3.
1122 4220 1178 4264 1).
1201 4218 1253 4265 Ιι.
1278 4222 1378 4267 t.-
1397 4220 1472 4265 Cf.
1498 4221 1552 4267 L.
1575 4218 1623 4266 5.
1647 4220 1766 4270 eod.
1966 4223 2368 4275 praesentationis
2391 4223 2639 4266 notionem
2660 4221 2718 4275 (S
2737 4217 2853 4265 031.
2877 4227 2989 4265 not.
3013 4217 3065 4266 5.
3094 4221 3317 4276 )huoein

591 4277 641 4332 9)
676 4280 727 4325 L.
751 4282 795 4325 1.
822 4285 846 4336 S
869 4280 947 4327 17.
973 4284 1027 4327 Ι).
1054 4282 1107 4327 Ιι.
1134 4285 1173 4326 t.
1960 4282 2118 4327 locum
2147 4283 2378 4340 inferens,
2398 4285 2575 4329 multas
2604 4285 2740 4328 novit
2758 4281 3050 4328 hereditatis
3074 4294 3173 4328 non
3196 4283 3316 4327 deis-

594 4341 671 4396 10)
708 4343 759 4387 L.
787 4341 832 4388 1.
857 4345 882 4397 S
909 4341 986 4388 15.
1013 4346 1066 4389 D.
1086 4342 1139 4389 Ιι.
1164 4342 1205 4389 t.
1959 4347 2036 4387 tae
2059 4347 2450 4392 transmissiones
2473 4378 2488 4400 ,
2506 4357 2675 4402 opusc.
2700 4357 2779 4390 nr.
2802 4345 2971 4390 xvllt.
3006 4345 3035 4399 ς
3061 4345 3125 4390 10
3141 4357 3243 4402 sqq.
3266 4364 3317 4376 -·

593 4401 671 4458 11)
705 4404 757 4449 L.
780 4404 829 4450 1.
855 4406 880 4459 ς
904 4403 1082 4451 10.11.
1108 4407 1163 4451 D.
1185 4405 1237 4451 Ιι.
1263 4408 1361 4452 t.—
1377 4407 1452 4452 cf.
1471 4412 1522 4451 et
1543 4406 1569 4459 s
1591 4402 1667 4451 15.
1691 4407 1811 4455 eod.
1834 4432 1891 4441 —-
1958 4405 2053 4452 Nec
2077 4408 2328 4454 nobiscum
2348 4409 2589 4454 consentit
2608 4408 2871 4454 Mat-ezel!
2888 4409 2945 4462 (t.
2974 4405 3010 4453 1.
3032 4405 3161 4465 p.55
3182 4405 3315 4464 sqq),

528 4464 777 4511 Dabelow
797 4467 1011 4512 concurs
1035 4464 1369 4526 ρ.328-550.
1954 4470 2039 4524 qui
2064 4471 2261 4527 quidem
2281 4505 2299 4529 ‚
2319 4472 2451 4527 quod
2474 4470 2536 4516 ad
2560 4469 2954 4517 Theodosianam
2974 4472 3156 4516 attinet
3178 4476 3317 4514 trane

592 4528 669 4582 12)
704 4529 756 4573 L.
783 4527 830 4573 2.
853 4530 904 4574 1).
932 4529 986 4575 Ιι.
1010 4533 1047 4575 t.
1958 4530 2237 4578 missionem
2263 4565 2280 4589 ,
2317 4545 2428 4578 cum
2470 4534 2697 4591 Buqone
2736 4532 3064 4590 Loehrioque
3086 4533 3201 4579 facit
3240 4529 3313 4582 (et.

596 4587 673 4645 13)
709 4591 763 4636 L.
793 4591 817 4635 1
857 4593 882 4646 ς
906 4592 984 4637 12.
1006 4591 1125 4639 eod.
1962 4599 2069 4640 not.
2096 4594 2196 4644 10.)
2221 4627 2237 4648 ,
2267 4603 2372 4640 tum
2393 4606 2506 4640 vero
2526 4606 2586 4639 ex
2602 4606 2663 4640 eo
2682 4606 2864 4651 genere
2884 4595 3132 4652 quaedam
3151 4627 3168 4648 ,
3199 4601 3311 4650 quae

1967 4657 2320 4713 impedimento
2339 4663 2453 4703 sunt
2475 4690 2490 4712 ,
2505 4668 2604 4714 quo
2625 4659 2792 4704 minus
2834 4669 2958 4714 pure
2985 4657 3225 4703 hereditas
3241 4664 3316 4699 ae·

1123 4719 1148 4771 S
1182 4715 1294 4762 70⁰2.
1377 4775 1382 4786 ι
1966 4720 2096 4776 quiri
2122 4721 2293 4775 possit,
2315 4720 2508 4774 injuris
2529 4721 2733 4765 omnino
2755 4720 2980 4766 noudum
3001 4721 3152 4765 delati
3170 4717 3314 4763 causis

1964 4779 2189 4826 habenda
2228 4793 2333 4827 esse
2373 4781 2464 4828 sibi
2507 4783 2797 4838 peneadem
2818 4783 2873 4835 (Ι.
2898 4783 2931 4828 l.
2964 4794 3014 4839 p.
3036 4781 3101 4828 62
3120 4784 3309 4837 sqq.)—

597 4835 656 4892 (*)
677 4839 936 4884 Mar-ezel!
967 4838 1016 4884 in
1061 4840 1293 4885 zeitschr.
1336 4840 1376 4885 f.
1400 4840 1565 4886 Civilr.
1591 4853 1641 4886 u.
1678 4842 1816 4886 Proc.
1841 4841 1898 4887 ll.
1966 4843 2127 4898 [sunt
2148 4844 2294 4889 etiam
2319 4877 2335 4898 ,
2354 4845 2472 4902 qui,
2491 4844 2918 4891 transmissionis
2950 4847 3198 4891 notionem
3214 4840 3311 4885 stri·

528 4899 611 4945 Pir.
637 4900 715 4945 lll.
739 4912 788 4956 p.
813 4896 877 4946 54
897 4901 1141 4958 ηιμ-αθ
1179 4901 1460 4949 Bucldaoltz
1491 4902 1592 4959 jur.
1620 4903 1738 4950 Abh.
1756 4903 1898 4952 nr.ll.
1963 4905 2174 4951 ctissime
2197 4906 2524 4967 interpretati²
2544 4906 2891 4968 hereditatem,
2912 4919 3064 4965 quam
3084 4904 3311 4954 hei-esde·
