3544 5506
2969 346 3080 405 567

266 457 484 517 debito
508 465 576 518 et
598 465 888 532 tempore
911 466 978 518 et
1000 461 1196 519 modo
1218 475 1562 532 agnoscere
1581 463 1904 522 bonorum
1918 458 2382 535 possessionem
2406 481 2423 540 ;
2447 465 2622 538 quod
2646 464 2698 524 si
2720 464 2939 525 facere
2967 475 3081 526 aut

266 555 617 627 neglexerit
640 562 754 614 aut
775 570 905 614 non
924 556 1220 628 voluerit,
1237 557 1344 631 jus
1367 558 1685 629 petendae
1703 559 2017 616 bonorum
2041 558 2455 631 possessionis
2475 561 2558 617 ad
2589 576 2738 618 eum
2761 561 3073 630 defertur,

264 652 372 725 qui
403 653 727 725 proximus
753 659 850 712 est
879 653 1106 713 ordine
1135 650 1194 731 ⁸)
1212 696 1230 724 ‚
1275 660 1341 712 et
1380 655 1470 714 sic
1511 654 1815 727 deinceps
1862 656 1946 712 ad
1977 654 2137 713 alios
2166 655 2237 727 ⁹).
2279 657 2830 732 Quemadmodum
2860 666 3078 719 autem

263 752 586 812 bonorum
614 754 1020 827 possessionis
1048 753 1288 826 agnitio
1318 768 1449 812 non
1481 755 1647 813 tollit
1678 760 1792 812 aut
1822 754 2053 812 minuit
2075 754 2227 828 jura
2266 754 2577 814 heredum
2612 757 2822 815 civilia
2848 754 2924 834 ¹⁰)
2947 777 2962 814 ε
2988 759 3079 818 ita

264 868 387 913 uec
409 849 577 913 illius
597 850 937 914 omissione
962 855 1308 929 impeditur
1330 854 1540 926 heres,
1567 856 1679 929 qui
1696 855 1956 929 quidem
1981 842 2197 928 priore
2214 857 2362 914 loco
2384 872 2422 914 a
2446 859 2751 916 Praetore
2776 865 3069 927 vocatur,

265 967 397 1027 quo
424 953 631 1012 minus
650 954 799 1026 Jure
827 954 991 1013 civili
1030 949 1454 1012 hereditatem
1504 951 1844 1027 acquirere
1884 950 2082 1027 possit
2124 952 2231 1031 ιι);
2273 961 2369 1013 est
2394 957 2565 1014 enim
2593 957 2768 1032 ejus,
2801 959 2909 1032 qui
2938 967 3083 1033 post

266 1049 447 1108 illum
491 1046 813 1123 sequitur,
859 1053 1178 1111 bonorum
1219 1051 1532 1124 possessio
1579 1049 1700 1108 sins
1734 1066 1798 1109 re
1851 1046 1917 1124 ¹²)
1966 1052 2163 1123 magis
2206 1058 2500 1124 spectans
2542 1055 2622 1111 ad
2676 1054 2873 1112 futuri
2915 1056 3080 1129 jnris

267 1146 825 1206 conservationem
846 1188 866 1219 ,
898 1163 1089 1221 quam
1124 1149 1205 1206 ad
1229 1146 1584 1220 praesentis
1614 1146 2094 1219 acquisitionem
2135 1143 2223 1223 ¹⁸).
2257 1146 2320 1221 5)
2345 1147 2503 1206 Sunt
2538 1151 2764 1222 etiam,
2796 1152 2903 1224 qui
2940 1154 3084 1226 plu-

267 1240 442 1300 ribus
467 1242 533 1299 in
559 1242 712 1301 locis
751 1250 1067 1302 vocentur
1093 1244 1175 1302 ad
1211 1243 1532 1301 bonorum
1564 1243 2024 1315 possessionem
2046 1286 2062 1314 ‚
2096 1244 2221 1302 hoc
2259 1250 2485 1317 pacto,
2525 1252 2631 1318 ut,
2674 1247 2724 1304 si
2769 1247 2833 1304 in
2873 1251 3083 1309 altero

265 1340 748 1414 repudiaverint
782 1350 895 1401 aut
926 1343 1316 1415 neglexerint
1338 1344 1660 1401 bonorum
1690 1344 2098 1415 possessionis
2127 1345 2551 1415 agnitionem,
2582 1351 2802 1404 tamen
2854 1349 3083 1406 admit-

267 1445 493 1499 tantur
521 1441 585 1500 in
609 1444 849 1516 altero,
880 1443 1270 1517 simulatque
1293 1444 1375 1501 ad
1404 1442 1576 1502 hunc
1597 1444 1884 1501 delatum
1915 1443 2133 1517 estius
2160 1440 2262 1516 ¹⁴),
2299 1443 2634 1521 idemque,
2683 1448 2857 1518 quod
2880 1453 3075 1507 antea
3119 1443 3125 1449 ’

265 1555 644 1602 concessum
666 1548 809 1602 erat
824 1584 845 1611 ,
868 1558 946 1602 ex
967 1543 1220 1621 integro
1245 1544 1366 1603 illis
1391 1545 1918 1603 accommodetur
1945 1540 2317 1618 acquirendi
2338 1544 2501 1618 iuris
2528 1546 2804 1619 spatium
2831 1543 2921 1621 ¹⁵).

810 347 943 394 CAP-
982 350 1050 395 11.
1090 350 1167 395 DE
1202 350 1356 395 ml
1392 352 1826 396 numnam
1865 351 2214 396 namma
2250 353 2532 400 0011!OE-

868 1736 1057 1812 5621.
1088 1733 1151 1809 C)
1181 1732 1465 1793 Edictalis
1491 1740 1546 1792 ct
1573 1732 1868 1793 decretalis
1884 1734 2157 1794 bonorum
2172 1736 2465 1814 possessio.

351 1932 581 2009 Neque
608 1953 764 1997 vero
783 1937 1031 1996 silentio
1055 1936 1569 2011 praetereundae
1592 1939 1743 1993 sunt
1764 1936 1934 1993 duae
1963 1935 2110 1993 illae
2144 1933 2734 2008 pervulgatissimae
2763 1937 3084 1994 bonorum

271 2033 681 2106 possessionis
722 2034 1095 2105 divisiones,
1143 2034 1345 2091 altera
1395 2032 1457 2088 in
1494 2031 1833 2090 edictalem
1873 2036 1939 2088 et
1979 2030 2402 2097 decretalem,
2446 2031 2728 2103 itemque
2771 2034 2974 2089 altera
3017 2031 3083 2088 in

271 2131 663 2188 ordinariam
706 2137 775 2188 et
816 2129 1413 2190 extraordinariam.
1454 2126 1535 2184 Et
1560 2124 1846 2184 edictalis
1890 2125 2146 2198 quidem
2175 2134 2477 2197 vocatur,
2523 2142 2691 2200 quae
2719 2128 3087 2201 simpliciter

271 2228 564 2288 defertur
602 2224 850 2300 edicto,
899 2236 972 2288 ut
1012 2225 1167 2287 nihil
1219 2223 1338 2286 nisi
1361 2227 1682 2285 bonorum
1714 2224 2122 2296 possessionis
2152 2225 2474 2296 agnitione
2522 2239 2685 2298 opus
2713 2225 2794 2283 sit
2819 2227 2898 2283 ad
2938 2243 3084 2288 eam

274 2329 731 2402 acquirendam
757 2378 773 2404 ‚
806 2337 1036 2389 contra
1068 2345 1227 2388 vero
1271 2326 1642 2395 decretalis,
1676 2340 1844 2397 quae
1873 2339 2005 2382 non
2045 2323 2164 2382 nisi
2200 2326 2330 2397 'per
2369 2325 2704 2383 decretum
2733 2340 2809 2383 ex
2850 2342 3085 2388 causae

274 2430 638 2502 cognitione
667 2429 957 2490 defertur
979 2428 1042 2506 ¹).
1068 2428 1393 2503 Hujusque
1430 2425 1626 2499 ipsius
1648 2426 1885 2498 duplex
1912 2430 2009 2482 est
2034 2424 2299 2497 species.
2333 2423 2381 2496 1)
2409 2427 2544 2483 Una
2573 2439 2799 2495 earum
2817 2469 2835 2500 ,
2865 2442 3033 2499 quae
3059 2472 3078 2500 ,

277 2640 386 2756 ¹⁴8)
420 2643 538 2703 qui
558 2644 674 2691 inst.
705 2645 770 2693 lll
794 2679 809 2705 ,
848 2641 929 2693 54.
953 2642 1034 2693 86.
1054 2641 1135 2691 37.
1163 2641 1296 2702 (vid.
1343 2644 1448 2689 not.
1489 2639 1569 2687 12.
1593 2641 1645 2685 et

344 2738 396 2761 ομ

341 2768 391 2828 9)
425 2768 522 2828 39.
547 2771 583 2815 l.
613 2769 669 2819 Ιι.
692 2774 732 2818 t.

337 2831 419 2880 10)
452 2833 608 2940 Ιὲὶὲθ.
633 2832 911 2891 &dejure
932 2831 1090 2881 delib.
1120 2832 1225 2894 (Vl,
1246 2830 1348 2890 80.)
1383 2854 1440 2865 -
1473 2829 1647 2877 zoelu-

339 2956 420 3014 11)
454 2958 507 3003 1..
533 2954 612 3005 91.
639 2958 695 3003 D.
723 2957 791 3004 de
827 2967 937 3016 req.
968 2957 1089 3013 jur.
1148 2974 1170 2999 ιι
1196 2955 1425 3012 Quotiens
1461 2952 1642 3013 duplici

270 3021 386 3078 iure
408 3020 631 3066 defertur
650 3021 794 3067 alicui
815 3020 1073 3078 successio,
1097 3021 1353 3079 repudiato
1375 3028 1499 3064 novo
1514 3017 1648 3075 jure,

275 3081 408 3143 quod
428 3087 545 3128 ante
567 3083 807 3138 defertur,
829 3083 1070 3139 supererit
1087 3088 1241 3129 vetus.
1267 3096 1357 3125 1·-
1373 3082 1423 3126 1..
1447 3078 1496 3126 Ξ.
1517 3082 1543 3136 s
1564 3075 1645 3124 21.

277 3148 331 3192 Ι).
358 3144 434 3191 ad
450 3145 564 3191 Sct.
596 3145 803 3201 Tertrll.
827 3144 1096 3201 (xxxvln.
1122 3141 1222 3202 17.)
1244 3168 1299 3177 —
1322 3143 1373 3187 1..
1414 3143 1462 3189 1.
1486 3143 1537 3188 C.
1575 3139 1644 3186 de

277 3208 394 3254 suis
413 3210 468 3252 et
489 3207 631 3266 legit.
658 3209 757 3258 (Vl.
774 3203 951 3264 535.)—
973 3209 1024 3253 1..
1049 3205 1130 3253 15.
1155 3209 1209 3253 C.
1233 3205 1439 3260 dejure
1476 3201 1635 3250 dellb.

277 3268 463 3324 -Gaji
486 3269 597 3316 inst.
618 3271 697 3322 lll.
719 3266 799 3316 54.
824 3270 872 3314 in
898 3271 935 3317 f.
959 3271 972 3320 (
996 3269 1095 3315 vid.
1115 3269 1373 3324 inira).-S
1395 3266 1441 3313 1.
1463 3266 1500 3310 l.
1523 3264 1575 3311 Ιι.
1600 3265 1640 3312 t.

277 3332 436 3386 -(Ct'.
478 3332 530 3377 1..
570 3332 649 3377 10.
695 3332 750 3378 D.
788 3329 858 3378 de
878 3332 1074 3384 collat.)
1099 3357 1155 3365 —
1175 3333 1294 3377 Mos.
1318 3335 1365 3375 et
1387 3330 1522 3374 Rom.
1550 3329 1637 3374 Ll..

1709 2638 1777 2685 tia
1797 2644 1929 2695 sunt,
1948 2649 2074 2696 quae
2096 2640 2143 2684 et
2163 2636 2323 2682 hocin
2345 2637 2455 2684 loco
2473 2639 2524 2681 et
2540 2637 2660 2684 alibi
2683 2637 2699 2694 (
2719 2649 2767 2684 v.
2796 2648 2841 2684 c.
2865 2641 2967 2684 not.
2988 2636 3038 2685 0.
3062 2639 3081 2697 )

1708 2707 2048 2761 proponuntur
2066 2735 2082 2760 ,
2120 2710 2233 2746 cum
2278 2700 2329 2746 1..
2356 2700 2403 2744 2.
2448 2702 2504 2746 D.
2546 2698 2593 2745 si
2613 2700 2721 2747 tab.
2744 2703 2863 2746 test.
2894 2702 3080 2749 nullae

1708 2763 1977 2820 (xxxvlll,
1999 2762 2101 2819 6.);
2136 2780 2160 2805 «ι
2182 2763 2524 2821 Emancipatus
2552 2763 2862 2821 praeteritus,
2892 2764 2934 2809 si
2953 2776 3076 2810 con-

1709 2830 1784 2874 tra
1808 2827 1998 2874 tabulas
2020 2825 2069 2874 1).
2096 2837 2144 2884 p.
2186 2837 2285 2870 non
2324 2825 2584 2885 acceperit,
2603 2829 2652 2870 et
2674 2825 2839 2883 scripti
2863 2825 3070 2872 heredes

1713 2890 1925 2937 adierint
1962 2888 2287 2935 hereditatem
2310 2919 2325 2943 ‚
2348 2899 2434 2934 sua
2451 2890 2591 2946 culpa
2626 2889 2806 2934 amittit
2823 2893 3080 2945 paternam

1712 2951 2031 2999 hereditatem
2064 2967 2074 2996 ε
2100 2960 2216 2997 nam
2239 2951 2459 3008 quamvis
2474 2950 2737 2997 secundum
2755 2950 2943 2996 tabulas
2962 2950 3011 2996 b.
3027 2963 3078 3009 p.

1714 3016 1865 3071 petita
1887 3025 1985 3060 non
2006 3011 2289 3070 tueritmon
2307 3013 2483 3059 tamen
2503 3024 2622 3059 eum
2640 3014 2871 3058 Praetor
2879 3014 3077 3071 tuetur,

1713 3084 1768 3122 ut
1790 3076 1837 3121 b.
1859 3089 1907 3134 p.
1930 3075 2137 3133 accipiat
2159 3075 2288 3120 unde
2308 3074 2494 3120 liberi.»
2524 3075 2641 3121 Nam
2656 3087 2772 3120 cum
2788 3075 3080 3131 scriptorum

1707 3137 1945 3184 heredum
1962 3137 2041 3192 ius
2071 3148 2166 3182 non
2189 3134 2281 3182 nisi
2304 3147 2363 3180 eo
2382 3137 2652 3193 perimatur
2675 3169 2690 3193 ,
2707 3135 2857 3194 quod,
2877 3136 2960 3193 qni
2984 3136 3080 3182 ini-

1707 3212 1802 3258 que
1822 3199 2000 3245 exclusi
2023 3203 2154 3252 sunt,
2173 3210 2219 3244 c.
2246 3201 2282 3242 t.
2310 3194 2360 3243 1).
2386 3203 2628 3254 p.petant,
2641 3202 2811 3255 sponte
2833 3198 3075 3255 sequitur,

1707 3268 1762 3308 ut
1781 3258 2096 3308 tuendi'non
2125 3259 2233 3307 sint
2252 3258 2485 3306 adversus
2524 3271 2607 3306 eos
2637 3259 2932 3316 emancipati
2956 3293 2971 3316 ,
2993 3260 3079 3316 qui

1705 3325 1908 3382 quidem
1933 3323 1983 3369 b.
2008 3335 2056 3380 p.
2082 3333 2140 3367 ex
2172 3323 2331 3380 primo
2353 3323 2510 3379 capite
2531 3321 2618 3366 sibi
2641 3323 2855 3367 delatam
2878 3332 2975 3366 non
2994 3333 3078 3368 ac·

277 3396 393 3441 coll.
414 3394 541 3450 xvi,
564 3391 612 3440 5.
637 3395 662 3448 S
685 3391 777 3452 qui
794 3393 884 3441 sul
902 3392 1142 3441 heredes.
1175 3409 1200 3436 u
1220 3416 1280 3426 -
1304 3414 1439 3424 ——-
1461 3391 1638 3448 quibus
1699 3388 1932 3444 ceperint.
1958 3408 2017 3417 —-
2043 3385 2118 3431 Cf.
2141 3389 2191 3430 et
2214 3386 2365 3441 Huqo
2387 3384 2420 3429 Ι.
2447 3384 2481 3431 l.
2505 3397 2555 3441 p.
2579 3381 2691 3430 610.
2715 3388 2814 3430 not.
2840 3384 3079 3430 5.--Au-

278 3455 397 3515 [jus]
421 3457 662 3503 bonorum
681 3457 1011 3515 possessionis,
1035 3455 1142 3503 nisi
1174 3458 1392 3512 propter
1422 3456 1638 3509 praeto-
1698 3447 1859 3497 cteris
1880 3459 2059 3494 comm.
2102 3443 2310 3493 Glsickii
2347 3447 2535 3491 contin.
2559 3446 2760 3491 xxxvl.
2788 3456 2835 3502 p.
2862 3441 2973 3491 5⁶28.
3011 3470 3070 3479 —

279 3521 416 3566 riam
435 3520 694 3567 actionem
713 3553 731 3582 ,
766 3531 864 3565 non
887 3524 991 3565 erat
1029 3518 1370 3565 necessarium.
1395 3530 1421 3557 ν»
1444 3538 1503 3547 -
1526 3514 1641 3572 6αῇ
1698 3513 1953 3557 Caeterum
1972 3510 2031 3566 is,
2045 3508 2127 3566 qui
2141 3520 2201 3554 ex
2219 3507 2454 3563 eiusmodi
2475 3519 2639 3564 causa,
2658 3519 2784 3565 quae
2804 3517 2902 3552 non
2916 3512 3073 3563 potest

278 3582 398 3628 inst.
425 3583 508 3639 111,
530 3578 735 3628 54.-·1..
751 3580 829 3628 15.
851 3585 877 3639 S
898 3583 944 3628 1.
967 3583 1018 3627 et
1034 3577 1083 3625 Ξ.
1109 3582 1164 3627 D.
1197 3579 1263 3626 de
1296 3579 1447 3638 ἱεραί.
1483 3589 1640 3633 prae-

278 3643 463 3691 stana.
492 3645 581 3690 rel.
608 3654 623 3700 (
644 3646 876 3702 xxxvii,
895 3642 979 3699 5.)
1002 3665 1061 3677 —-
1082 3644 1235 3701 Atque
1255 3639 1372 3688 hinc
1396 3642 1489 3694 est,
1507 3650 1596 3685 cur
1614 3650 1644 3686 a

278 3706 638 3754 recentioribus
660 3707 928 3753 necessaria
953 3706 1004 3752 b.
1028 3712 1345 3765 p.separetur
1362 3702 1426 3748 ab
1449 3701 1644 3748 utili.—

277 3770 392 3816 vid.
422 3768 571 3815 Koch
592 3770 642 3814 B.
674 3781 722 3826 p.
746 3781 793 3825 p.
810 3768 904 3814 220
919 3780 1027 3827 sqq.
1051 3791 1109 3801 —
1132 3769 1287 3827 Huqo
1306 3763 1644 3821 Rechtsgesch.

280 3833 336 3877 Χ.
366 3844 416 3889 p.
440 3828 553 3876 612.
576 3830 696 3884 (not.
717 3829 788 3885 5.)

343 3893 424 3950 12)
453 3892 563 3949 Ulp.
587 3893 661 3938 Fr.
683 3893 874 3938 xxvnl
897 3925 913 3949 ,
933 3891 1011 3938 13.
1041 3907 1065 3934 ι
1082 3893 1133 3937 B.
1157 3904 1205 3949 p.
1231 3895 1455 3938 autenm
1478 3899 1537 3934 re
1555 3888 1648 3933 da-

278 3962 383 4014 tur,
407 3959 495 4000 aut
513 3955 632 4000 sine
646 3966 705 4001 re
728 3972 740 4002 ι
764 3967 877 4001 cum
895 3965 966 4008 re,
985 3966 1096 4000 cum
1119 3954 1181 4011 is,
1204 3955 1287 4012 qui
1312 3952 1518 4008 accepit,
1531 3961 1644 3995 cum

278 4018 460 4064 effectu
483 4016 611 4063 bona
636 4018 871 4075 retineat3
898 4016 1003 4061 sine
1026 4028 1098 4077 re,
1123 4027 1242 4063 cum
1264 4015 1404 4063 alius
1416 4017 1549 4071 jure
1567 4011 1645 4058 οἱ·

279 4081 375 4129 vlli
404 4077 654 4126 evincere
673 4079 1014 4126 hereditatem
1034 4076 1214 4134 possit.
1237 4097 1260 4118 ι»
1293 4101 1348 4110 -
1375 4100 1431 4108 -
1453 4072 1642 4129 Ejusd.

281 4143 452 4198 xxm,
476 4138 526 4188 6.
554 4153 772 4200 u-quae
793 4142 844 4188 1).
869 4154 917 4200 p.
937 4151 1047 4185 cum
1072 4151 1143 4196 re,
1162 4141 1195 4187 i.
1218 4152 1262 4185 e.
1285 4150 1408 4186 cum
1427 4136 1646 4191 effectu,

279 4204 512 4261 habetur,
532 4203 746 4250 sinemo
758 4203 897 4250 alius
910 4202 1040 4258 jure
1055 4202 1211 4249 heres·
1230 4200 1340 4248 sit.»
1351 4205 1460 4245 ——et
1481 4198 1624 4243 xxvi
1634 4230 1649 4254 ,

279 4264 394 4313 8.-
417 4267 535 4322 Gali
556 4267 672 4311 inst.
697 4267 757 4321 ll,
777 4263 887 4314 148.
911 4265 993 4319 lll,
1013 4262 1220 4310 55—37.
1244 4289 1303 4296 —
1323 4263 1397 4309 Cf.
1421 4266 1471 4307 et
1493 4261 1544 4305 1..
1567 4256 1644 4305 12.

279 4341 357 4387 pr.
381 4331 438 4375 D.
459 4327 528 4375 de
547 4328 641 4383 inj.
664 4331 820 4384 rupto
836 4327 932 4374 irr.
958 4330 1072 4373 test.
1097 4327 1321 4383 (xxvlll,
1340 4326 1472 4380 3.)-
1488 4323 1538 4367 L.
1563 4318 1642 4366 25.

281 4393 336 4438 C.
351 4391 423 4438 de
441 4390 594 4446 inoff.
616 4394 733 4437 test.
754 4392 860 4446 (lll,
879 4388 980 4445 28.)
1003 4414 1063 4424 -
1098 4390 1149 4434 1..
1173 4389 1223 4434 2.
1246 4390 1300 4435 D.
1319 4386 1366 4433 si
1386 4384 1498 4432 lab.
1523 4386 1640 4430 lest.

281 4455 470 4501 nullae
489 4453 696 4501 exstab.
719 4453 966 4507 (xxxvlll
985 4486 1001 4506 ,
1023 4448 1092 4508 6.)
1113 4451 1236 4506 (not.
1263 4447 1378 4503 15.).
1405 4474 1465 4483 —
1488 4447 1642 4516 {13190

281 4517 318 4562 Ι.
340 4519 377 4563 l.
399 4529 452 4574 p.
475 4515 590 4564 607.
637 4521 739 4561 not.
763 4513 811 4563 4.
850 4541 907 4550 —-·
943 4512 1195 4560 Auctoris
1233 4521 1410 4558 comm.
1446 4505 1643 4555 Glucltii

280 4580 471 4688 gutia.
514 4578 717 4624 xxxvl.
760 4591 808 4636 p.
849 4575 945 4624 5¹2
982 4589 1056 4634 sq.
1100 4576 1346 4621 xxxvlll.
1384 4584 1434 4629 p.
1456 4568 1550 4618 ³67
1583 4593 1640 4603 -

347 4703 425 4760 15)
442 4703 521 4749 ef.
549 4699 715 4748 zoelu-
734 4702 766 4748 1.
791 4702 823 4747 l.
846 4714 894 4759 p.
916 4695 1188 4747 292-505.

347 4765 425 4823 14)
450 4766 504 4811 1..
532 4765 580 4810 1.
601 4765 627 4818 S
649 4763 727 4811 11.
751 4765 806 4811 D.
829 4763 1141 4810 desuccess.
1162 4757 1245 4805 ed.
1271 4757 1550 4818 (xxxviii,
1572 4754 1642 4814 9.)

290 4845 313 4864 ·
349 4852 408 4862 -
440 4827 668 4874 exclusus
689 4831 763 4871 est
785 4831 1003 4885 tempore
1043 4829 1128 4869 aut
1165 4820 1521 4878 repudiatione,
1542 4830 1650 4864 cae-

285 4892 401 4936 teris
422 4890 646 4936 derertur
669 4904 679 4935 ς
719 4888 802 4933 sed
825 4913 882 4921 —
907 4912 964 4921 ——
991 4910 1047 4920 -
1069 4884 1323 4945 poterit-
1348 4894 1407 4928 ex
1429 4880 1648 4939 sequenti

285 4957 425 5010 parte
449 4952 711 5001 succedere
733 4950 834 5008 ipse
858 4949 1003 4998 sibi.»
1023 4973 1083 4984 —
1102 4948 1266 5006 Neque
1286 4956 1403 4992 vero
1425 4954 1649 5003 pugnan-

1706 3574 1885 3626 valere,
1902 3572 1951 3617 1).
1976 3584 2022 3628 p.
2047 3571 2437 3628 agnovit,tamen
2452 3581 2554 3616 rem
2577 3570 2785 3628 obtinet,
2808 3568 3075 3616 dummodo

1709 3647 1819 3681 eam
1861 3645 1919 3680 ex
1940 3634 2034 3680 alia
2077 3643 2221 3678 causa
2265 3631 2487 3677 obtinere
2530 3632 2694 3689 possit.
2726 3653 2779 3663 —
2819 3631 2870 3675 t..
2898 3631 2977 3675 12.
2998 3644 3075 3689 pr.

1711 3700 1765 3745 D.
1790 3696 1860 3743 de
1876 3695 1968 3752 inj.
1993 3698 2149 3752 rupto
2173 3693 2271 3740 irr.
2298 3696 2415 3741 test.
2437 3695 2661 3750 (xxvnt,
2683 3691 2825 3749 5.)--
2848 3693 2898 3739 1..
2919 3691 2969 3739 5.
2995 3705 3073 3751 pr.

1712 3762 1768 3807 D.
1792 3758 1860 3804 de
1885 3760 1941 3804 B.
1965 3760 2026 3804 P.
2048 3770 2091 3804 s.
2117 3760 2153 3803 e.
2177 3755 2432 3815 (xxxvu,
2455 3758 2555 3814 11.)
2575 3780 2635 3789 -
2653 3757 2705 3801 1..
2733 3753 2779 3801 1.
2802 3756 2856 3800 C.
2878 3756 2948 3802 de
2968 3755 3073 3815 lais,

1716 3822 1812 3884 qui
1830 3816 1928 3868 sibe·
1945 3819 2125 3867 adscr.
2152 3819 2255 3868 (lx.
2277 3815 2398 3873 250,

1776 3882 1851 3940 15)
1877 3883 1927 3929 1..
1953 3883 2000 3928 1.
2025 3883 2074 3927 in
2098 3882 2136 3927 i.
2182 3881 2236 3927 D.
2272 3879 2339 3925 de
2362 3891 2506 3926 succ.
2527 3879 2614 3926 ed.
2652 3903 2709 3912 —
2744 3879 2795 3924 1..
2817 3875 2869 3925 4.
2893 3878 2921 3933 ς
2944 3879 2991 3924 1.
3020 3880 3073 3927 D.

1706 3947 1831 4008 quis
1849 3944 1978 3990 ordo
2002 3946 2057 3990 m
2076 3954 2217 4000 poss.
2240 3952 2383 3988 serv.
2410 3944 2425 3994 (
2446 3943 2674 3988 xxxvlll
2698 3975 2713 3998 ,
2736 3937 2813 3986 15.
2836 3942 2852 3995 )
2878 3955 2903 3982 «ι
2928 3941 3078 3987 Filius

1709 4022 1808 4057 non
1841 4008 1997 4052 solum
2027 4008 2066 4052 si
2111 4012 2362 4061 tamquam
2399 4004 2661 4060 fliius,sed
2685 4009 2736 4049 et
2755 4006 2793 4048 si
2818 4008 3073 4060 tamquam

1709 4076 1917 4129 agnatus
1937 4070 2010 4114 vel
2037 4074 2284 4124 tamquam
2307 4072 2541 4121 cognatus
2596 4066 2657 4112 ad
2705 4065 2754 4110 b.
2781 4076 2829 4123 p.
2852 4071 3076 4121 vocatur,

1709 4143 1926 4180 annuum
1969 4131 2180 4187 spatium
2217 4127 2369 4174 habet
2390 4144 2401 4172 :
2427 4128 2566 4173 sicuti
2611 4127 2692 4185 [si]
2737 4133 2875 4185 pater
2918 4127 3076 4174 fllium

1711 4193 2068 4241 manumisisset
2090 4226 2106 4246 ,
2127 4191 2354 4244 quamvis
2376 4195 2428 4234 ut
2449 4191 2773 4236 manumissor
2795 4190 2847 4236 b.
2874 4201 2921 4247 p.
2946 4190 3076 4235 acci-

1710 4259 1833 4316 piat,
1858 4261 2021 4302 tamen
2046 4255 2109 4300 ad
2126 4254 2176 4300 h.
2194 4264 2243 4310 p.
2266 4251 2601 4310 accipiendam
2617 4263 2837 4299 annuum
2859 4252 3072 4311 spatium

1709 4319 1880 4367 habet.
1904 4332 1929 4358 n
1973 4342 1981 4353 ·

2308 4471 2334 4525 S
2365 4467 2479 4517 621.

1771 4630 1822 4688 1)
1841 4633 1951 4678 vid.
1980 4632 2031 4677 1..
2058 4628 2104 4678 1.
2128 4628 2222 4688 §7-
2244 4631 2298 4678 D.
2325 4632 2393 4678 de
2415 4642 2645 4679 success.
2669 4632 2754 4679 ed.
2779 4632 3029 4688 (xxxvlll
3058 4667 3073 4688 ,

1707 4691 1896 4750 s.)-1..
1919 4692 2001 4741 30.
2026 4695 2051 4748 s
2076 4694 2117 4739 1.
2144 4692 2289 4740 1).oe
2308 4706 2359 4740 a.
2385 4705 2435 4740 v.
2460 4705 2509 4741 o.
2533 4694 2585 4741 Ιι.
2608 4696 2792 4753 (xxix,
2812 4694 3001 4752 2.)—1..
3021 4694 3073 4741 1.

1709 4758 1736 4811 ς
1757 4754 1806 4803 4.
1833 4758 1885 4803 D.
1910 4756 1958 4802 si
2002 4755 2106 4801 tab.
2134 4757 2248 4802 test.
2275 4755 2520 4808 (xxxvlll
2539 4791 2552 4808 ,
2570 4754 2640 4816 6.)
2662 4759 2784 4816 (not.
2806 4759 2854 4802 5.
2889 4755 2981 4810 4.).
3005 4781 3069 4791 —-

1714 4820 1766 4866 1..
1790 4820 1838 4864 3.
1861 4821 1887 4874 S
1905 4815 1954 4864 8.
1980 4819 2034 4864 D.
2059 4817 2130 4864 de
2148 4819 2208 4864 B.
2233 4819 2430 4865 P.--1..
2451 4820 2499 4865 2.
2521 4821 2548 4875 S
2568 4818 2615 4864 1.
2641 4822 2696 4867 D.
2720 4818 2842 4879 quis
2860 4820 2992 4867 ordo
3012 4819 3073 4865 in

1706 4892 1850 4937 poss.
1863 4891 2005 4926 serv.
2036 4881 2301 4938 (xxxvlll,
2325 4879 2424 4938 15.)
2459 4906 2519 4915 -
2552 4883 2723 4931 Loelu·
2755 4884 2990 4931 bonorum
3012 4896 3070 4944 p.

1711 4943 1966 4992 decretalis
1985 4943 2191 5002 (Megas.
2209 4944 2266 4993 ll.
2292 4955 2343 5004 p.
2363 4940 2456 4992 457
2477 4946 2627 5004 sqq.)-
