3544 5506
841 334 971 374 car.
1015 333 1102 374 iv.
1142 335 1219 375 ns
1260 331 1430 376 mis
1467 334 1883 385 ransnoununt
1923 333 2349 384 numenoio.
2390 336 2533 376 aar.
2980 323 3090 379 149

263 460 519 504 meram
561 445 833 517 gratiam
861 451 975 503 aut
1011 445 1098 503 ob
1148 444 1337 518 aequi
1389 441 1705 504 rationem
1743 445 1913 505 facta
1955 445 2407 517 redintegratio
2427 442 2509 520 ²).
2557 447 2758 519 Atque
2786 462 2864 507 ex
2893 463 3087 508 causa

268 542 520 613 gratiae
534 540 1012 599 restitutionum
1035 540 1571 613 indulgendarum
1597 542 1769 613 apud
1791 557 1937 600 eum
1957 542 2161 599 solum
2189 548 2468 615 potestas
2489 548 2610 616 est,
2640 543 2750 615 qui
2772 558 3085 603 summum

270 641 470 699 habet
520 636 587 698 in
630 637 884 697 civitate
914 639 1251 712 imperium
1270 635 1348 716 8);
1379 654 1458 698 ex
1507 640 1844 713 aequitatis
1873 647 2088 699 autem
2118 642 2372 701 ratione
2395 642 2444 700 is
2463 683 2480 711 ,
2523 642 2632 714 qui
2674 640 3088 721 jurisdictioni

277 739 575 809 praeest,
622 733 981 792 hominibus
1014 735 1117 792 vel
1145 733 1335 806 lapsis
1373 736 1470 793 vel
1511 735 2005 808 circumscriptis
2039 737 2333 795 subvenit
2362 735 2435 811 ⁴).
2480 739 2645 796 Haec
2677 738 2870 810 igitur
2899 740 2962 797 in
2991 742 3087 799 in-

270 836 529 901 tegrum
553 827 869 887 restitutio
890 871 907 900 ,
937 829 1021 886 ad
1069 844 1263 902 quam
1307 830 1564 904 quidem
1592 874 1610 905 ,
1641 846 1809 903 quae
1847 837 2232 904 sequentur,
2276 831 2617 890 referenda
2650 841 2798 891 sunt
2825 836 3038 894 omnia
3069 881 3085 907 ‚

274 939 348 983 ex
378 928 759 984 Praetorum
808 924 1030 983 edictis
1081 926 1412 984 descendit
1433 971 1449 998 ,
1472 926 1538 983 in
1584 926 1804 998 eisque
1842 932 1980 986 tota
2015 925 2151 985 iere
2198 927 2595 985 inhabitavit.
2653 928 2813 987 Nam
2843 931 2997 989 licet
3022 940 3087 992 et

272 1020 581 1080 Aedilium
600 1020 819 1080 edictis
840 1016 886 1095 ⁵)
915 1026 982 1079 et
1012 1020 1182 1079 civiti
1198 1022 1347 1097 jure
1368 1018 1413 1094 ⁶)
1451 1021 2043 1096 imperatorumque
2075 1023 2630 1083 constitutionibus
2661 1021 2706 1098 7)
2743 1028 3087 1088 nonnullae

270 1120 690 1180 introductae
733 1120 944 1178 sintin
984 1121 1304 1193 integrum
1328 1122 1744 1180 restitutionis
1789 1136 2019 1182 causae
2045 1162 2062 1192 ,
2112 1129 2330 1182 tamen
2379 1138 2514 1182 non
2563 1125 2767 1183 solum
2811 1126 3087 1198 singulas

272 1223 617 1296 plerasque
648 1217 713 1280 in
735 1218 946 1281 edicto
973 1238 1092 1281 suo
1120 1223 1478 1297 propositas
1506 1219 1787 1282 habebat
1814 1226 2109 1294 Praetor,
2153 1239 2377 1282 verum
2405 1219 2597 1282 etiam
2640 1224 2955 1298 principia
2976 1226 3083 1285 illa

271 1321 581 1394 legesque
602 1363 619 1391 ,
649 1321 732 1377 ad
761 1335 919 1394 quas
946 1320 1151 1380 omnis
1163 1320 1298 1381 i'ere
1323 1320 1373 1396 8)
1395 1322 1633 1381 haecce
1656 1322 1929 1380 materia
1958 1323 2264 1381 adstricta
2288 1330 2384 1380 est
2427 1328 2622 1395 atque
2653 1322 2947 1394 dirigitur
2963 1366 2981 1398 ,
3008 1339 3085 1382 ex

272 1417 504 1474 eodem
538 1413 754 1474 edicto
798 1417 1403 1489 commentariisque
1445 1418 1511 1475 in
1550 1418 1717 1477 idem
1761 1418 2128 1491 compositis
2153 1418 2507 1477 haurienda
2555 1424 2727 1476 sunt.
2778 1418 3087 1478 Videntur

272 1522 492 1573 autem
528 1510 595 1572 in
627 1514 947 1588 integrum
974 1517 1409 1575 restitutiones
1433 1517 1798 1590 praetoriae
1827 1518 1910 1575 ad
1944 1524 2191 1591 septem
2230 1517 2442 1591 capita
2484 1516 2655 1575 haud
2687 1512 3087 1578 incommode

271 1629 462 1687 posse
492 1614 785 1673 revocari
836 1611 940 1686 8ιι).
972 1616 1250 1675 Primum
1288 1622 1383 1675 est
1423 1617 1504 1675 de
1551 1617 1611 1673 vi
1639 1623 1704 1675 et
1739 1622 1963 1694 metu3
2005 1618 2280 1675 alterum
2321 1617 2404 1675 de
2449 1618 2601 1676 dolo
2643 1618 2815 1676 malo
2841 1659 2858 1687 ,
2892 1632 2930 1675 e
2957 1633 3085 1689 quo

272 1715 469 1773 etiam
510 1721 843 1789 tamquam
874 1715 1113 1790 species
1161 1718 1443 1790 pendent
1488 1732 1634 1775 cum
1667 1718 1949 1776 edictum
1991 1718 2073 1776 de
2112 1717 2495 1776 alienatione
2538 1717 2760 1793 judicii
2801 1714 3088 1775 mutandi

272 1825 468 1869 causa
518 1809 691 1869 facta
714 1858 731 1886 ,
766 1818 908 1869 tum
947 1813 1124 1885 quod
1167 1813 1249 1870 de
1303 1827 1533 1871 eorum
1578 1813 1981 1871 restitutione
2005 1859 2023 1887 ‚
2069 1827 2237 1886 quae
2279 1812 2344 1870 in
2374 1811 2667 1871 fraudem
2694 1813 3086 1870 creditorum

271 1903 645 1981 factasunt,
679 1909 1103 1981 compositum
1128 1911 1272 1966 est⁹
1292 1906 1335 1981 ).
1358 1909 1639 1966 'l'ertium
1675 1915 1771 1966 est
1808 1907 2005 1981 ca'put
2025 1908 2107 1965 de
2146 1907 2496 1965 minoribus
2523 1903 2625 1985 ιο);
2661 1914 2964 1981 quartum
3006 1909 3089 1968 de

268 2000 396 2076 his,
433 2002 591 2076 qui,
623 2009 1044 2076 posteaquam
1093 2019 1242 2063 cum
1289 2003 1410 2061 illis
1458 2002 1696 2076 aliquid
1734 2009 1951 2061 actum
2002 2008 2490 2062 contractumve
2537 2009 2672 2073 est,
2709 2002 2932 2076 capitis
2975 2003 3086 2061 de-

268 2101 690 2161 minutionem
740 2103 1069 2169 minimam
1118 2103 1283 2176 passi
1331 2109 1479 2161 sunt
1506 2099 1551 2138 ¹¹
1575 2103 1630 2178 );
1691 2103 1988 2175 quintum
2034 2102 2116 2159 de
2166 2116 2392 2159 errore
2424 2144 2440 2177 ,
2497 2115 2704 2174 eoque
2765 2100 2919 2176 tali,
2969 2101 3079 2173 qui

272 2201 753 2260 excusationem
809 2209 1134 2261 mereatur
1165 2200 1283 2277 ¹2),·
1335 2209 1581 2260 sextum
1627 2202 1708 2260 de
1761 2201 2129 2261 absentibus
2177 2200 2581 2274 propositum
2628 2206 2766 2275 est3
2818 2199 3087 2273 septimo

334 2341 553 2401 mnndi
568 2343 910 2398 sent.rec.l.7.
927 2348 953 2402 S
989 2345 1208 2392 1.-1..2.
1232 2346 1284 2392 in
1307 2348 1345 2393 f.
1366 2342 1497 2391 C.1'n.
1520 2342 1660 2403 quib.
1725 2344 2006 2394 schroeter
2020 2344 2252 2390 zeitschr.
2277 2344 2396 2390 uber
2408 2344 2570 2391 Civilr.
2588 2344 2687 2389 und
2719 2344 2916 2389 Protess
2937 2342 3086 2388 iuvi.

275 2416 427 2452 caus.
448 2405 503 2451 in
524 2404 623 2453 int.
647 2411 775 2453 rest.
813 2408 1123 2455 necessaria
1141 2420 1250 2454 non
1271 2411 1357 2456 est
1377 2408 1456 2467 (11,
1472 2405 1572 2467 41.)
1601 2431 1663 2440 -
1727 2419 1774 2465 p.
1801 2405 2430 2455 113—150.—Sclzneider
2460 2408 2493 2452 1.
2537 2407 2571 2452 1.
2592 2417 2640 2463 p.
2666 2402 2804 2463 256.)
2826 2421 2852 2449 ιι
2875 2404 3086 2451 actiones

276 2469 568 2516 fillonem
586 2473 852 2515 comment.
880 2469 981 2526 ξω.
994 2471 1086 2518 civ.
1110 2472 1163 2517 L.
1188 2469 1665 2521 xxt.c.4.-Gliick
1726 2481 1848 2527 quas
1890 2475 2085 2527 praetor
2124 2470 2188 2517 ob
2222 2470 2392 2515 dolum
2414 2470 2597 2516 malum
2630 2469 2705 2514 vel
2740 2472 2927 2517 metum
2968 2466 3086 2513 dare

277 2531 340 2576 de
360 2532 458 2577 vita
474 2532 708 2588 petendae
731 2532 782 2578 in
797 2530 891 2578 int.
916 2537 1037 2579 rest.
1057 2545 1102 2579 c.
1130 2535 1178 2578 1.
1201 2535 1227 2588 S
1269 2536 1317 2579 1.
1358 2534 1375 2591 [
1408 2534 1561 2582 sensu
1596 2538 1666 2582 la·
1728 2531 1941 2591 solebat,
1970 2543 2001 2577 a
2042 2531 2437 2579 restitutionibus
2472 2542 2525 2577 re
2547 2528 2744 2576 differre
2765 2546 2790 2573 n
2823 2544 2934 2579 cum
2966 2529 3083 2586 legi·

278 2593 408 2638 tiore
429 2592 624 2650 quidem
634 2594 957 2641 restitutionis
977 2607 1158 2642 nomen
1180 2596 1406 2643 omnibus
1428 2607 1485 2643 ex
1499 2609 1655 2658 aequo
1718 2594 1808 2641 bus
1825 2594 2024 2640 minime
2042 2595 2287 2652 congruit.
2310 2594 2431 2640 Nam
2450 2593 2496 2651 1)
2518 2589 2803 2653 praeteritis
2814 2591 3086 2642 actionibus

273 2655 405 2701 datis
442 2656 712 2704 actionibus
741 2660 793 2701 et
826 2656 1322 2716 redintegrationibus
1341 2660 1459 2705 dare
1482 2672 1655 2718 possu-
1715 2657 1842 2704 datis
1878 2656 1983 2712 juri
2023 2657 2232 2703 civiliter
2272 2653 2517 2714 adquisito
2552 2654 2814 2703 officiebat.
2853 2657 2996 2713 (Cic.
3023 2655 3086 2700 de

274 2727 407 2764 mus.
429 2717 778 2767 Bur-charan.
800 2719 836 2765 1.
862 2719 888 2774 s
909 2720 957 2778 1,
975 2733 1026 2780 p.
1056 2718 1207 2780 7sqq.
1224 2721 1306 2768 Nr.
1327 2723 1370 2771 l.
1388 2721 1653 2785 ll.--E.G.]
1716 2718 1845 2767 offic.
1869 2718 1930 2764 111
1951 2752 1967 2779 ,
1991 2715 2069 2765 1⁴.
2095 2743 2150 2752 —-
2175 2720 2228 2766 L.
2252 2718 2332 2767 21.
2354 2716 2445 2777 35.
2470 2717 2518 2766 6.
2541 2720 2596 2765 D.
2618 2729 2710 2777 qu.
2732 2721 2905 2778 m.c.).
2923 2719 2984 2775 2)
3036 2721 3086 2762 et

336 2782 387 2838 5)
408 2781 463 2826 1..
489 2782 536 2828 1.
555 2781 673 2840 ς10.
697 2783 753 2828 D.
773 2781 840 2828 de
853 2785 1052 2839 postul.
1076 2808 1140 2822 -
1156 2784 1231 2831 Cl’.
1256 2785 1374 2833 cod.
1404 2785 1419 2842 (
1440 2786 1521 2845 lx,
1543 2784 1653 2846 51.)
1717 2783 1767 2827 in
1809 2783 1971 2829 edicto
2006 2784 2058 2827 et
2103 2783 2155 2828 in
2215 2783 2471 2829 Pandectis
2517 2782 2731 2829 actiones
2776 2780 2867 2828 hae
2910 2780 3084 2828 eodem

271 2842 342 2890 de
361 2844 683 2892 sententiam
702 2844 881 2900 passis
917 2847 973 2891 et
1017 2845 1297 2894 restitutis.
1328 2845 1419 2910 [Et
1457 2854 1653 2906 praeto-
1716 2845 1822 2891 loco
1834 2856 1931 2905 quo
1953 2845 2285 2891 restitutiones
2306 2849 2544 2891 tractatae
2564 2847 2696 2890 sunt.
2719 2841 2788 2900 ὅ)
2822 2846 2875 2891 ln
2898 2842 3083 2902 legibus
3169 2855 3172 2858 ’

270 2910 395 2951 riam
417 2917 479 2951 ex
501 2917 645 2954 causa
670 2908 855 2964 gratiae
888 2908 1242 2956 restitutionem
1262 2922 1365 2958 esse
1405 2913 1654 2960 contendit
1716 2907 1832 2964 ipsis
1851 2907 1912 2953 de
1931 2908 2045 2953 doio
2066 2912 2113 2953 et
2135 2906 2266 2964 quod
2279 2914 2437 2953 metus
2454 2917 2600 2953 causa
2623 2907 2894 2952 actionibus
2914 2907 3085 2953 datum

273 2966 581 3016 Baream-di
601 2969 691 3016 1.1.
716 2980 766 3027 p.
800 2967 862 3014 20
885 2979 991 3029 sqq.
1012 2982 1089 3018 nr.
1115 2973 1188 3028 3.,
1210 2978 1384 3021 contra
1418 2984 1565 3034 quem
1585 2974 1654 3023 de
1715 2975 1790 3014 est
1817 2980 1997 3015 nomen
2034 2968 2421 3017 restitutionibus
2464 2969 2633 3025 (velut
2670 2969 2722 3015 L.
2743 2966 2792 3015 9.
2827 2971 2853 3025 s
2893 2970 2984 3016 ult.
3028 2969 3087 3014 D.

273 3029 604 3079 Scltroeterl.
630 3032 666 3077 1.
700 3041 751 3089 p.
774 3028 865 3077 169
882 3042 989 3090 sqq.
1011 3035 1136 3079 —E.
1161 3035 1219 3080 G.
1242 3030 1262 3093 ]
1716 3030 1865 3088 quod
1880 3032 2001 3077 met.
2025 3033 2335 3079 causa—L.
2360 3034 2408 3078 3.
2433 3028 2528 3088 34,
2554 3031 2608 3076 D.
2636 3029 2704 3075 de
2723 3030 2943 3077 alienat.
2970 3028 3094 3086 jud.

336 3089 385 3150 ⁴)
407 3094 464 3138 1..
484 3096 533 3141 1.
555 3096 582 3150 S
604 3092 682 3139 10.
706 3092 775 3138 de
801 3097 996 3149 posent.
1008 3096 1126 3151 (vid.
1151 3102 1256 3144 not.
1273 3095 1502 3155 5.).-L.
1522 3095 1571 3145 ὅ.
1597 3100 1650 3144 D.
1717 3098 1840 3139 met.
1865 3106 1914 3140 c.
1939 3091 2127 3151 facta).
2163 3096 2291 3149 Quos
2331 3097 2464 3141 locos
2487 3104 2643 3150 neque
2675 3092 2959 3139 Sem-oeter-
2978 3097 3010 3139 Ι.
3061 3094 3094 3140 i.

272 3152 326 3200 Ιι.
348 3157 385 3200 t.
404 3155 620 3203 somnes
630 3157 680 3201 in
695 3155 940 3212 integrum
962 3159 1291 3206 restitutiones
1302 3171 1447 3208 causa
1459 3161 1652 3217 cognita
1716 3167 1764 3213 p.
1792 3153 1901 3202 1⁴7.
1917 3188 1933 3212 .‚
1954 3166 2111 3213 neque
2144 3156 2431 3204 Sclutetder
2451 3157 2487 3202 1.
2511 3156 2546 3201 l.
2582 3166 2629 3212 p.
2663 3151 2772 3199 250.
2799 3156 2849 3200 in
2875 3155 3093 3201 favorem

263 3229 294 3260 a
316 3217 550 3265 Praetor-e
572 3219 952 3278 promittuntur-3
977 3221 1083 3268 scil.
1100 3220 1441 3276 utjustieiam
1458 3234 1652 3270 earum
1714 3217 1956 3276 opinionis
1970 3229 2146 3275 ,quam
2174 3220 2463 3278 rejecimus,
2482 3217 2789 3274 interpretari
2809 3222 3092 3275 potuerunt.

268 3289 567 3328 causarum
601 3278 928 3328 examinet.»
975 3309 1064 3331 -.
1108 3309 1170 3318 -
1198 3284 1456 3333 Caeterum
1504 3287 1650 3330 resti·
1722 3305 1777 3312 —
1803 3282 1854 3326 E.
1882 3280 1938 3325 G.
1965 3280 1982 3336 ]

270 3343 442 3388 tuendi
467 3343 759 3390 vocabulum
779 3355 877 3391 non
898 3350 1064 3391 exacte
1086 3348 1150 3393 ad
1170 3347 1241 3392 rei
1260 3347 1410 3405 ipsius
1426 3348 1649 3405 jurisque
1772 3339 1821 3399 5)
1843 3343 1896 3388 L.
1924 3343 1964 3386 1.
1986 3344 2010 3396 ς
2031 3341 2076 3387 1.
2102 3342 2156 3389 L.
2177 3340 2259 3392 60.
2285 3345 2339 3391 D.
2362 3341 2432 3390 de
2452 3338 2607 3388 aedil.
2632 3337 2824 3388 adleta.
2848 3343 3001 3403 (xxi,
3026 3342 3092 3401 1.)

270 3405 631 3451 restitutionem
653 3439 668 3462 ,
691 3415 861 3453 verum
876 3408 1148 3454 omninoad
1167 3412 1462 3465 praetoriam
1481 3411 1649 3467 aequi-
1771 3404 1821 3462 6)
1855 3405 1959 3461 Quo
1982 3405 2239 3454 referenda
2264 3409 2460 3456 videtur
2500 3403 2710 3450 actionis
2748 3406 2996 3452 restitutio
3029 3418 3089 3454 ex

268 3472 425 3513 tatem
442 3468 757 3514 reiciendum
775 3473 927 3516 εει-
941 3470 1015 3515 cr.
1034 3469 1280 3530 schillingi
1292 3472 1505 3520 semerk.
1530 3473 1650 3518 uber
1713 3468 1766 3514 1..
1790 3466 1840 3516 8.
1862 3469 1888 3523 S
1910 3464 1959 3513 9-
1985 3467 2045 3512 D·
2067 3468 2143 3514 ad
2172 3470 2277 3520 Sct.
2304 3467 2497 3522 νοητή·
2523 3466 2664 3525 (xvh
2691 3465 2760 3522 ¹·)

274 3530 329 3573 R.
350 3531 409 3576 G.
431 3543 484 3588 p.
520 3528 617 3575 278
636 3541 711 3587 sq.
754 3531 917 3590 Neque
958 3544 1074 3578 vero
1116 3533 1260 3579 latior
1290 3535 1374 3582 illa
1418 3534 1644 3596 vocabuli
1775 3529 1825 3587 7)
1847 3529 2081 3575 Referunt
2098 3531 2193 3577 huc
2229 3538 2282 3584 1„
2305 3529 2385 3579 33.
2409 3532 2461 3576 D.
2488 3527 2557 3574 de
2590 3538 2651 3574 re
2684 3526 2809 3583 jud.
2829 3529 2968 3584 (xLu
2993 3530 3091 3589 ,1.)

276 3594 417 3638 notio
437 3605 467 3639 a
489 3592 763 3639 communis
780 3593 906 3649 ,iuris
934 3595 1114 3652 regulis
1148 3597 1351 3643 recedit.
1385 3598 1508 3643 Nam
1544 3596 1642 3644 vid.
1712 3590 1813 3652 (cf.
1837 3593 1958 3640 Cod.
1977 3591 2077 3652 vu,
2096 3590 2176 3640 58.
2200 3598 2248 3646 si
2272 3608 2342 3646 ea:
2360 3592 2485 3647 fals.
2503 3590 2766 3639 instrum.
2786 3592 2875 3638 vet
2895 3592 3085 3642 testim.

270 3665 322 3700 v,
341 3666 387 3700 c.
410 3656 463 3700 L.
489 3656 579 3701 ult.
603 3655 629 3709 3
653 3655 700 3699 1.
724 3655 943 3704 1).deV.
968 3659 1021 3703 S.
1044 3658 1414 3705 «Restituitnon
1435 3663 1647 3715 tantum,
1699 3654 2065 3713 judam—1..
2088 3657 2169 3702 31.
2191 3660 2245 3707 D.
2268 3656 2585 3713 deJuraiur.
2608 3655 2730 3714 (ΧΠ,
2749 3655 2934 3712 2·)-L·
2963 3656 3010 3701 2·
3034 3657 3089 3702 C·

266 3717 356 3774 qui
388 3719 545 3763 sotum
564 3727 767 3774 corpus,
786 3720 872 3765 sed
892 3719 1070 3779 etiam,
1090 3720 1173 3778 qui
1191 3731 1386 3768 omnem
1410 3733 1511 3766 rem
1532 3732 1650 3767 con·
1710 3720 1780 3766 de
1804 3730 1937 3766 rese.
1964 3718 2125 3763 vend.
2150 3719 2362 3781 (lv‚44.)
2384 3743 2446 3752 --
2467 3719 2520 3763 1..
2555 3715 2609 3764 6.
2628 3716 2680 3764 C.
2705 3717 2773 3765 de
2796 3716 2984 3774 repud.
3009 3719 3096 3764 vet

269 3779 613 3837 ditionemque
644 3778 835 3826 reddita
877 3792 1024 3827 causa
1055 3787 1267 3840 praestet
1286 3817 1301 3834 .
1332 3788 1387 3831 et
1424 3787 1538 3830 tota
1568 3794 1650 3830 re-
1714 3782 1911 3828 abstin.
1936 3779 2175 3840 her.(v1,
2193 3782 2293 3844 51.)
2313 3808 2372 3818 -
2390 3783 2451 3826 At
2469 3780 2647 3826 iterum
2677 3792 2708 3826 a
2730 3779 2869 3825 nobis
2887 3778 3090 3826 dissent.

268 3839 480 3888 stitutio
506 3840 651 3898 juris
678 3844 762 3888 eet
780 3841 1192 3900 interpretatio.»
1217 3845 1234 3902 (
1260 3846 1369 3893 Vid.
1419 3844 1653 3892 Cramer!
1715 3841 1986 3891 Zemmern
2011 3877 2027 3896 ,
2066 3845 2150 3900 qui
2182 3850 2378 3904 quidem
2402 3843 2671 3889 remedium
2689 3853 2750 3888 ex
2770 3843 2822 3886 1..
2846 3840 2895 3886 2.
2932 3841 2985 3886 C.
3021 3841 3091 3887 de

277 3908 383 3949 not.
422 3902 501 3951 15.
522 3904 653 3964 adh.
676 3905 712 3949 1.
731 3904 782 3950 in
803 3903 910 3961 huj.
932 3907 1029 3952 Tit.
1055 3908 1175 3954 edit.
1199 3920 1345 3966 quam
1380 3908 1481 3966 ipse
1512 3918 1650 3954 cura·
1715 3917 1854 3954 rese.
1878 3903 2034 3952 vend.
2057 3909 2418 3957 restitutionem
2440 3916 2543 3949 esse
2566 3906 2731 3962 utique
2752 3907 2901 3959 negat
2923 3918 2933 3947 :
2961 3907 3088 3950 rom.

273 3966 383 4022 vit.)
404 3971 467 4012 At
487 3970 597 4026 post
614 3965 735 4011 alios
757 3977 881 4027 rem,
903 3968 1047 4014 nullis
1069 3968 1171 4014 fere
1188 4003 1203 4028 ,
1218 3974 1270 4015 ut
1298 3971 1435 4017 nobis
1455 3969 1651 4029 quidem
1714 3972 1854 4016 Proc.
1876 3966 2029 4026 3101.
2052 3975 2154 4015 not.
2179 3969 2252 4029 8.‚
2288 3970 2432 4018 nullis
2476 3971 2641 4014 tamen
2680 3965 2951 4011 rationibus
2974 3977 3087 4012 sen-

272 4029 500 4087 videtur,
533 4027 921 4076 dubitationibus
964 4031 1294 4090 implicatam,
1319 4044 1476 4091 nuper
1504 4032 1651 4078 etiam
1717 4031 1923 4078 tentiam
1945 4040 2084 4076 suam
2119 4030 2445 4081 confirmavit.

274 4091 328 4135 in
349 4091 556 4138 dubium
576 4092 769 4137 vocavit
798 4092 1074 4148 Zimmern
1093 4095 1155 4140 de
1172 4095 1381 4154 judicio,
1403 4095 1533 4150 quod
1567 4106 1653 4140 vo·
1780 4091 1828 4150 8)
1850 4094 1970 4139 Nam
1993 4095 2318 4142 remediorum
2340 4096 2528 4141 formae
2551 4123 2568 4149 ,
2609 4098 2830 4148 quaeque
2861 4100 2972 4134 cum
3011 4089 3088 4136 his

268 4158 389 4198 cant
431 4156 738 4202 rescindente
775 4164 832 4199 ac
870 4156 1146 4204 rescissorio
1195 4156 1334 4211 (Jen.
1373 4155 1516 4203 1826.
1561 4153 1611 4203 8.
1636 4158 1652 4213 )
1722 4157 1939 4214 proxime
1954 4157 2069 4202 sunt
2089 4159 2351 4214 conjuncta
2372 4155 2424 4213 (S
2440 4150 2551 4199 160.
2577 4149 2754 4208 noth.)
2793 4161 2891 4197 non
2914 4151 3005 4198 nisi
3025 4155 3087 4200 ad

268 4227 323 4271 p.
345 4213 403 4276 ὃς
434 4216 569 4263 idem
602 4218 739 4264 Rom.
766 4215 982 4265 Process.
1007 4223 1034 4275 s
1055 4217 1164 4264 102.
1188 4219 1329 4280 103.;
1352 4221 1458 4267 scil.
1481 4230 1655 4278 provo·
1720 4220 1846 4275 ipsas
1869 4218 2136 4274 praetorias
2158 4221 2490 4266 restitutiones
2509 4214 2678 4261 referri
2699 4218 2914 4271 possunt.
2932 4238 2987 4246 —
3009 4216 3084 4261 Cf.

266 4288 389 4325 cans
408 4279 619 4326 adlocos
641 4279 723 4336 (L.
741 4277 793 4326 7.
819 4282 846 4335 ς
879 4281 925 4326 1.
950 4283 1004 4328 D.
1028 4281 1080 4327 Ιι.
1111 4283 1210 4327 t.—
1239 4282 1292 4328 L.
1318 4283 1364 4328 1.
1388 4283 1414 4336 S
1434 4279 1482 4328 6.
1511 4282 1568 4326 D.
1591 4279 1659 4327 de
1719 4279 2002 4327 sclav-ceter
2019 4279 2054 4325 1.
2074 4282 2111 4326 l.
2135 4295 2184 4339 p.
2209 4279 2320 4328 150.
2350 4283 2401 4328 C.
2424 4276 2704 4325 Scltroeter
2724 4275 2792 4322 bl.
2817 4287 2865 4333 p.
2893 4274 3003 4324 150.
3026 4301 3088 4311 -

265 4337 393 4386 dolo
414 4342 553 4388 malo
572 4343 655 4401 tv,
675 4342 745 4398 3.)
768 4375 783 4399 ,
803 4342 980 4400 quibus
999 4343 1118 4391 nibil
1139 4343 1395 4402 evincitur,
1408 4342 1500 4389 nisi
1513 4344 1642 4399 quod
1709 4341 2046 4389 Schneider-l.
2071 4344 2107 4390 l.
2129 4356 2178 4401 p.
2201 4341 2294 4390 257
2305 4356 2412 4402 sqq.

265 4405 429 4460 magis
446 4404 598 4451 etiam
616 4403 905 4451 subsidiaria
921 4407 986 4453 sit
1004 4408 1064 4452 de
1085 4405 1200 4451 dolo
1219 4408 1376 4463 actio,
1395 4415 1542 4463 quam
1562 4416 1640 4450 re·-
1774 4401 1858 4460 8a)
1882 4405 1947 4449 De
1968 4402 2138 4451 ordine
2158 4408 2386 4465 temporis
2421 4414 2517 4461 quo
2556 4401 2833 4448 introducta
2863 4402 2977 4445 sunt
3014 4402 3083 4449 cf.

263 4466 408 4523 liqna
446 4470 561 4512 sunt
597 4466 919 4513 restitutionis
961 4466 1220 4526 praesidia.
1269 4468 1546 4525 similisque
1575 4471 1649 4513 est
1717 4466 2020 4514 But-eliardi
2040 4467 2145 4522 3‘12
2165 4482 2271 4528 sqq.
2296 4467 2433 4515 etde
2450 4465 2729 4513 Scltroeter
2749 4475 2799 4520 p.
2823 4461 2915 4508 100
2937 4474 3042 4523 sqq.

264 4538 441 4573 sensus
460 4529 598 4586 Legis
614 4526 696 4575 38.
721 4530 778 4575 D.
801 4529 871 4576 de
888 4526 1010 4578 doto
1031 4529 1171 4577 malo
1190 4565 1206 4589 ‚
1223 4542 1349 4588 quae
1365 4529 1523 4576 verbis
1544 4531 1650 4587 qui·
1776 4527 1826 4587 9)
1846 4530 1950 4586 Dig.
1971 4531 2070 4589 (lv,
2088 4528 2158 4587 7.)
2198 4556 2253 4566 -
2276 4530 2344 4578 de
2363 4528 2686 4577 alienatione
2695 4524 2817 4581 jud.
2842 4526 3088 4574 mutandi

263 4591 384 4637 dem
402 4588 465 4635 de
482 4592 596 4637 doto
615 4592 860 4637 actionem
880 4594 1083 4651 opponit
1107 4591 1156 4636 in
1179 4593 1424 4650 integrum
1446 4591 1653 4638 restitu-
1714 4601 1884 4639 eausa
1899 4589 2070 4645 facta.
2091 4617 2152 4628 --
2185 4594 2288 4651 Dig.
2313 4595 2448 4651 (xLli
2475 4629 2490 4652 ‚
2512 4588 2582 4648 8.)
2615 4599 2758 4649 quae
2794 4588 2851 4634 in
2885 4586 3079 4643 fraud.

264 4652 394 4699 ueni
407 4685 426 4711 ,
448 4657 697 4712 tamquam
717 4654 1002 4713 simpliciter
1021 4656 1146 4701 inter
1165 4666 1216 4700 se
1234 4656 1333 4700 sint
1353 4653 1646 4716 contrariae,
1715 4651 1968 4701 creditor.
1987 4652 2142 4708 sacta
2165 4656 2316 4717 sunt,
2339 4663 2402 4706 ut
2421 4654 2799 4704 restituantur.

265 4718 323 4760 at
340 4726 397 4760 re
416 4725 531 4762 vera
567 4720 717 4775 negat
757 4718 1118 4775 tantummodo,
1140 4718 1383 4763 minorem
1405 4728 1466 4763 ex
1486 4717 1649 4772 capite
1779 4716 1856 4772 10)
1877 4718 1981 4775 Dig.
2008 4719 2088 4777 lv,
2110 4715 2158 4764 4.
2184 4724 2233 4765 et
2248 4720 2368 4768 cod.
2388 4722 2449 4779 li,
2468 4720 2549 4765 22.

264 4777 373 4823 doli
415 4788 520 4824 esse
568 4779 928 4827 restituendum
946 4815 965 4841 ,
1008 4791 1122 4826 cum
1167 4785 1365 4839 propter
1403 4779 1647 4827 minorem
1776 4778 1857 4836 11)
1877 4780 1982 4837 Dig.
2002 4781 2104 4839 (lv,
2125 4779 2196 4839 5.)
2218 4782 2287 4831 de
2304 4781 2478 4840 capite
2494 4779 2729 4830 minutis.

270 4843 486 4887 aetatem
519 4841 711 4887 restitui
732 4842 900 4901 possit.
927 4867 981 4876 —
1028 4843 1149 4899 [lsta
1171 4843 1321 4900 igitur
1351 4840 1648 4890 Zimmerni
1771 4842 1855 4901 12)
1871 4843 1924 4889 L.
1950 4843 2061 4889 1.2.
2087 4846 2140 4890 D.
2175 4845 2226 4893 Ιι.
2247 4850 2287 4896 t.
2308 4848 2405 4907 (lv,
2426 4846 2492 4904 1.)
2509 4846 2929 4904 s--per—-justum
2952 4853 3087 4889 erro-

269 4901 440 4959 opinio
460 4937 480 4965 ,
512 4902 596 4952 cui
628 4911 942 4953 assenserunt
962 4906 1184 4965 plerique
1221 4904 1514 4953 recentiores
1537 4904 1642 4966 (de
1706 4918 1836 4956 rem.
1859 4919 1885 4950 n
1906 4931 1967 4942 -
1987 4906 2065 4955 Cf.
2089 4909 2116 4964 s
2132 4903 2212 4957 ⁹6.
