3544 5506
496 328 607 385 220
1057 341 1206 382 rsus
1244 339 1403 385 srzc.
1444 341 1562 382 Lm.
1605 341 1676 382 11.
1718 341 1798 382 mi
1837 341 2024 382 nanus
2065 341 2335 390 manno.
2378 339 2661 382 nomino,

1349 521 1374 594 §
1403 515 1549 573 250.
1596 512 1659 589 b)
1710 514 2036 574 Usurarum
2064 514 2260 573 modus
2296 514 2407 593 (*).

579 702 748 775 Quae
773 713 927 757 vero
965 698 1128 756 ratio
1159 696 1399 768 effecit,
1431 705 1505 755 ut
1534 713 2024 771 nonnumquam
2049 695 2437 770 legislatores
2458 698 2684 783 foenus
2703 741 2720 773 ‚
2746 704 3083 771 tamquam
3110 713 3309 768 nego-

504 797 660 855 tium
709 798 1165 856 exsecrandum
1209 798 1511 871 omnique
1550 798 1698 856 odio
1732 798 1991 870 dignum
2029 813 2287 871 prorsus
2335 794 2774 871 improbarent
2798 795 2874 873 ¹),
2923 798 3156 856 eadem
3193 796 3315 854 fuit

497 911 711 973 causa,
729 905 978 955 certum
997 898 1261 956 modum
1284 897 1626 956 deliniendi
1648 894 1880 972 usuris,
1897 894 2136 956 scilicet
2151 913 2232 956 ne
2248 899 2662 970 locupletium
2678 897 2936 956 avaritia
2957 913 3035 955 ac
3051 896 3311 954 libidine

498 1004 649 1048 aere
664 991 871 1050 alieno
894 992 1329 1050 obruerentur
1345 1007 1688 1064 pauperes.
1711 993 1949 1050 Romae
1975 992 2167 1063 igitur
2193 993 2463 1051 subinde
2485 992 2644 1051 certi
2663 992 2870 1049 usuris
2886 990 3311 1064 percipiendis

498 1086 653 1144 fines
677 1088 1058 1159 terminique
1082 1088 1414 1146 constituti
1438 1094 1619 1164 sunt,
1648 1102 1813 1161 quos
1845 1087 2103 1161 quidem
2125 1087 2376 1162 egredi,
2403 1089 2519 1146 nisi
2550 1088 2615 1145 in
2653 1088 2912 1145 nautico
2937 1087 3210 1145 foenore
3229 1084 3307 1161 2),

499 1185 734 1243 nemini
781 1181 976 1245 licuit.
1008 1190 1160 1244 Nam
1183 1187 1391 1260 primo
1416 1187 1754 1246 duodecim
1786 1187 2019 1244 tabulis
2046 1186 2362 1244 sancitum
2389 1201 2516 1254 ,ne
2553 1187 2692 1259 quis
2730 1185 3019 1243 unciario
3047 1183 3312 1243 foenore

498 1285 765 1360 amplius
792 1294 1122 1345 exerceret
1150 1284 1200 1360 3)
1230 1331 1246 1357 ,
1278 1288 1510 1345 deinde
1549 1287 1888 1359 rogatione
1922 1287 2265 1345 tribunicia
2297 1287 2377 1343 ad
2424 1286 2780 1345 semuncias
2816 1286 3085 1343 redacta
3110 1329 3126 1352 ‚
3174 1300 3313 1357 pos-

497 1390 707 1443 tremo
739 1386 937 1443 vetita
968 1393 1064 1444 est
1094 1402 1358 1444 versura
1375 1383 1449 1457 ⁴),
1493 1388 1705 1446 donec
1729 1384 2044 1453 obtinuit,
2080 1393 2152 1443 ut
2179 1387 2541 1445 centesimis
2566 1386 2772 1444 usuris
2802 1385 3147 1443 foenerare
3170 1385 3314 1442 lice-

499 1486 602 1537 ret
619 1478 668 1554 ⁵)
690 1523 704 1549 ,
738 1497 904 1553 quae
940 1483 1130 1539 etiam
1177 1484 1529 1557 maximae,
1571 1483 1889 1555 legitimae
1915 1525 1930 1551 ,
1972 1478 2376 1554 gravissimae
2404 1497 2637 1540 usurae
2680 1482 3041 1554 appellatae
3072 1477 3311 1554 sunt⁶)‚

501 1581 837 1638 contrariis
886 1582 1190 1653 oppositis
1239 1583 1601 1640 nominibus
1649 1584 2081 1657 modicarum,
2129 1583 2574 1641 modestarum
2598 1624 2615 1657 ‚
2661 1576 2936 1639 civilium
2957 1622 2974 1649 ‚
3032 1581 3317 1638 minima·

501 1694 645 1735 rum
663 1674 734 1751 ⁷).
763 1682 1042 1738 Tandem
1073 1682 1460 1739 iustinianus
1480 1679 1561 1754 ⁸),
1606 1683 1883 1740 infinitas
1909 1697 2138 1740 usuras
2167 1681 2342 1756 (not.
2375 1683 2439 1741 2.
2460 1679 2478 1756 )
2503 1681 2758 1755 penitus
2794 1680 3025 1738 tollens
3047 1722 3063 1749 ,
3094 1687 3314 1737 cente-

502 1774 690 1831 simas
725 1791 875 1833 vero
919 1777 983 1832 in
1029 1777 1219 1834 certis
1261 1782 1513 1834 tantum
1555 1777 1763 1836 causis
1804 1779 2127 1847 retinens,
2183 1794 2304 1852 pro
2350 1778 2525 1837 varia
2565 1777 2895 1836 hominum
2942 1772 3316 1835 conditione

499 1869 744 1926 varium
785 1886 1127 1929 usurarum
1163 1872 1426 1929 modum
1470 1872 1734 1939 statuit,
1778 1867 1905 1930 hoc
1936 1874 2164 1943 modo,
2208 1880 2281 1930 ut
2324 1872 2672 1931 illustribus
2720 1872 2983 1946 quidem
3027 1872 3316 1945 personis

495 1965 795 2032 trientes,
841 1968 1333 2038 negotiationem
1368 1969 1606 2026 licitam
1643 1969 2088 2026 exercentibus
2117 1970 2366 2038 besses,
2400 1968 2654 2041 reliquis
2697 1968 2993 2026 omnibus
3026 1969 3315 2025 semisses

501 2075 727 2118 usuras
754 2064 1171 2131 concederet;
1202 2063 1362 2121 baec
1396 2064 1582 2121 simul
1609 2071 1798 2121 caute
1832 2060 2271 2137 praecipiens:
2306 2070 2379 2122 ut
2412 2080 2495 2122 ne
2537 2064 2683 2136 quis.
2705 2061 2991 2122 creditor
3014 2079 3094 2120 ex
3121 2079 3315 2136 pecu-

495 2160 611 2218 niis
647 2160 892 2220 foenori
935 2159 1159 2222 dandis
1210 2163 1446 2236 aliquid
1497 2164 1908 2233 detraheret,
1957 2159 2059 2222 vel
2100 2165 2410 2222 retineret
2454 2164 2829 2236 siliquarum
2876 2163 3182 2231 nomine,
3215 2163 3313 2219 vel

497 2259 933 2329 sportularum
959 2303 976 2330 ,
1018 2260 1119 2317 vel
1158 2261 1420 2318 alterius
1461 2260 1905 2334 cujuscunque
1929 2275 2162 2318 causae
2197 2261 2401 2332 gratia
2422 2303 2436 2327 ,
2483 2275 2644 2318 neve
2672 2261 2790 2318 sub
2819 2259 3100 2317 aliorum
3132 2274 3318 2329 nego·

499 2361 733 2418 tiorum
766 2360 1036 2430 imagine
1057 2408 1072 2434 ‚
1108 2376 1229 2418 nec
1258 2376 1375 2432 per
1405 2361 1815 2433 interpositas
1861 2376 2169 2434 personas
2197 2408 2214 2435 ‚
2258 2361 2538 2434 majores
2567 2374 2805 2418 usurae
2843 2352 3317 2417 dissimularen-

498 2458 603 2508 tur
626 2450 694 2526 9).
722 2453 862 2511 Jam
887 2470 1038 2513 vero
1060 2456 1213 2514 olim
1234 2457 1593 2531 placuerat,
1619 2462 1757 2513 tum
1785 2497 1800 2526 ,
1825 2464 1896 2514 ut
1923 2473 2157 2515 usurae
2183 2472 2317 2515 non
2346 2452 2621 2529 amplius
2646 2461 2987 2515 currerent
3004 2497 3022 2532 ‚
3050 2454 3317 2513 simuiac

493 2548 888 2610 solvendarum
926 2557 1218 2613 cumulus
1257 2562 1499 2614 sortem
1543 2562 1853 2631 aequaret
1878 2553 1946 2632 ¹⁰)
1975 2601 1991 2629 ,
2018 2563 2159 2615 tum
2185 2571 2339 2615 vero
2364 2602 2381 2630 ‚
2427 2562 2499 2614 ut
2527 2572 2608 2614 ne
2635 2571 2981 2614 usurarum
3030 2569 3311 2629 usurae,

1125 2738 1151 2792 S
1169 2734 1281 2785 250.

581 2855 642 2912 (”)
678 2858 748 2905 Cl.
800 2859 1092 2909 Salmasius
1134 2862 1196 2907 de
1229 2861 1376 2909 modo
1420 2872 1683 2909 usurarum
1732 2860 1873 2907 liber.

519 2921 671 2976 bugd.
693 2920 1019 2968 Batav.1639.
1038 2921 1164 2968 8.-
1187 2927 1302 2972 «lul.
1340 2926 1533 2974 Mulier·
1565 2928 1690 2971 ratio
1720 2929 1770 2970 et
1803 2924 1880 2970 bi-

1943 2738 2277 2787 eontraetibus
2296 2739 2370 2785 vel
2395 2735 2695 2800 specierum
2737 2730 2951 2787 foenori
2981 2730 3312 2800 dationibus,

1944 2815 2096 2860 usque
2118 2804 2181 2849 ad
2218 2802 2538 2848 centesimam
2575 2798 2917 2844 tantummodo
2960 2795 3227 2852 stipulari,
3266 2800 3315 2841 et

1940 2876 2051 2911 eam
2068 2865 2394 2923 quantitatem
2419 2871 2681 2910 usurarum
2699 2860 2848 2905 etiam
2868 2859 2918 2903 in
2952 2858 3064 2903 aliis
3082 2857 3308 2902 omnibus

1940 2928 2133 2973 casibus
2157 2929 2291 2974 nullo
2314 2928 2459 2973 modo
2479 2923 2724 2982 ampliari,
2748 2923 2798 2966 in
2816 2921 2996 2978 quibus
3012 2921 3141 2965 citra
3165 2921 3314 2977 stipu-

519 2985 671 3030 storia
712 2985 850 3044 odii,
881 2997 979 3043 quo
1022 2986 1193 3033 foenus
1227 2989 1452 3035 habitum
1489 2992 1582 3033 est.
1618 2988 1879 3043 Gottingae
1941 2989 2175 3034 lationem
2206 2990 2337 3046 exigi
2379 3000 2553 3035 usurae
2587 2986 2766 3030 soient.
2805 2984 2900 3028 Nec
2935 2983 3088 3027 liceat
3125 2981 3311 3041 judici,

523 3044 660 3092 ¹82¹·
695 3044 743 3093 4·
1941 3056 2263 3098 memoratam
2300 3064 2481 3108 augere
2513 3047 2847 3104 taxationem,
2891 3045 3159 3090 occasione
3201 3055 3314 3089 eon-

581 3108 626 3166 1)
645 3109 851 3155 Exod.c.
868 3107 1005 3155 22v.
1028 3106 1434 3159 25.—Deuteron.
1456 3125 1501 3159 c.
1526 3109 1606 3157 23.
1626 3123 1672 3157 v.
1695 3108 1777 3158 19.
1795 3110 1875 3158 20.
1942 3113 2211 3159 suetudinis
2244 3115 2296 3158 in
2328 3115 2527 3170 regione
2550 3109 2886 3156 obtinentis.»
2911 3108 2929 3164 )
2953 3107 3020 3151 De
3040 3106 3315 3175 speciebus,

521 3170 710 3225 (Noodt
733 3172 833 3217 Lib·
861 3174 897 3217 Ι.
923 3185 967 3217 c·
995 3172 1093 3229 10.)
1123 3198 1184 3205 -
1211 3175 1369 3221 Tacit.
1412 3174 1575 3220 annal.
1601 3175 1682 3232 Vl,
1716 3173 1795 3220 16.
1815 3197 1875 3205 —-
1939 3176 1973 3220 i.
1998 3188 2043 3221 e.
2066 3176 2309 3232 frugibus,
2332 3175 2520 3221 foenori
2540 3173 2670 3218 datis
2692 3169 2790 3216 vid.
2808 3167 2986 3215 Noodt
3000 3168 3189 3213 Lib.ll.
3210 3165 3315 3214 c.8.

522 3249 569 3281 c..
593 3232 643 3280 7.
689 3237 745 3281 C.
785 3236 909 3290 xlv,
932 3245 1016 3292 qu.
1042 3232 1092 3280 4.
1129 3249 1173 3282 c.
1197 3237 1226 3282 2
1260 3262 1322 3270 —-
1352 3237 1399 3284 7.
1423 3236 1571 3283 9.10.
1592 3234 1669 3282 15.
1694 3235 1771 3282 18.
1795 3234 1874 3282 19.
1941 3237 2069 3294 (vid.
2091 3244 2141 3283 et
2164 3240 2214 3284 1..
2257 3236 2334 3284 17.
2383 3239 2436 3283 C.
2478 3237 2532 3283 Ιι.
2568 3235 2626 3290 t.)
2676 3257 2737 3266 —
2768 3233 2821 3278 1..
2845 3229 2894 3278 4.
2918 3233 2974 3277 C.
2996 3232 3072 3277 de
3104 3228 3316 3287 aedific.

518 3300 578 3343 Χ·
614 3299 671 3345 in
692 3296 888 3342 usuri-5·
914 3295 991 3352 (V,
1014 3295 1113 3357 19.)
1131 3312 1248 3346 -c.
1271 3302 1316 3347 1.
1337 3299 1395 3347 ¹2.
1419 3300 1486 3346 de
1519 3311 1669 3346 usur.
1711 3300 1761 3344 in
1798 3300 1875 3344 Vl.
1934 3300 2130 3355 privat.
2155 3301 2296 3355 (Vlll,
2317 3298 2416 3357 10.)
2444 3326 2502 3335 -
2537 3297 2588 3343 L.
2613 3296 2663 3342 2.
2688 3300 2739 3340 et
2759 3293 2808 3340 5.
2854 3297 2909 3341 C.
2935 3293 3004 3340 de
3048 3303 3207 3338 usur.
3247 3293 3323 3340 rei

522 3362 603 3414 (V.
627 3359 690 3418 5.)
716 3384 772 3392 --
798 3360 864 3405 De
897 3371 952 3404 ea
987 3370 1101 3406 vero
1139 3363 1441 3421 quaestione,
1481 3373 1542 3406 an
1564 3361 1767 3408 omnino
1788 3361 1876 3406 im·
1926 3363 2050 3417 jud.
2077 3364 2223 3419 (Vlll,
2241 3360 2342 3420 54.)
2364 3387 2419 3394 -
2443 3362 2517 3407 cf.
2553 3357 2714 3405 Gluck
2758 3358 2911 3402 Pand.
2946 3355 3074 3401 xxi.
3102 3368 3156 3413 p.
3180 3351 3245 3400 86
3266 3380 3317 3387 -

522 3421 804 3478 probandae
839 3421 937 3466 sint
981 3432 1153 3468 usurae
1188 3426 1409 3481 inprimis
1430 3424 1528 3470 vid.
1567 3425 1674 3469 Ulr.
1699 3422 1884 3468 Huber-

521 3487 752 3533 Ennomia
788 3496 915 3529 rom.
940 3483 1000 3527 ad
1027 3485 1130 3532 Lib.
1153 3488 1294 3535 xxti.
1318 3488 1471 3533 Paud.
1497 3486 1630 3532 vind.
1651 3497 1698 3542 p.
1725 3483 1878 3532 755—

520 3546 633 3594 761.
657 3573 713 3580 -
748 3545 924 3593 Noodl
956 3544 1060 3591 Lib.
1107 3549 1142 3594 l.
1183 3561 1226 3594 c.
1261 3548 1291 3596 4
1312 3548 1438 3595 -9,
1475 3573 1538 3582 --
1569 3549 1727 3607 Huqo
1759 3548 1882 3593 uber

523 3611 737 3657 Wucber
780 3621 828 3653 u.
874 3605 1278 3666 Wuchergesetze
1299 3613 1429 3668 (civ.
1466 3614 1652 3667 Magaz.
1694 3609 1775 3656 Bd.
1819 3611 1877 3654 11.

521 3676 602 3719 Nr.
625 3673 743 3731 Vh).
772 3695 831 3704 —-·
855 3672 1048 3719 Mzitler
1072 3675 1105 3717 l.
1127 3674 1159 3717 Ι.
1186 3685 1236 3730 p.
1255 3672 1398 3722 5-9.
1423 3699 1477 3706 -
1500 3672 1760 3720 Bentliam
1793 3673 1882 3717 De-

521 3736 658 3784 fense
677 3735 737 3781 de
757 3735 941 3841 l'gsure
978 3736 1161 3780 traduit
1191 3737 1251 3782 de
1283 3737 1506 3794 l'anglais
1548 3747 1635 3793 par
1669 3736 1878 3794 Turqot.

522 3798 670 3844 Paris.
695 3796 786 3842 182
826 3829 837 3841 .

583 3862 630 3918 2)
650 3860 829 3907 Paulli
848 3863 973 3904 sent.
998 3870 1096 3903 rec.
1119 3859 1182 3904 ll.
1199 3859 1282 3905 Tit
1323 3858 1401 3907 14.
1427 3862 1452 3914 3
1473 3858 1524 3906 5.
1549 3875 1573 3902 u
1590 3859 1882 3914 Trajectitia

523 3924 760 3979 pecunia,
790 3928 987 3980 propter
1024 3921 1291 3979 periculum
1323 3923 1609 3980 creditoris,
1644 3924 1881 3980 quamdiu

521 3986 717 4042 navigat
736 3986 895 4040 navis,
917 3985 1134 4029 infinitas
1167 3996 1336 4030 usuras
1356 3988 1572 4042 recipere
1596 3991 1813 4043 potesta·

582 4048 629 4101 3)
652 4049 716 4092 De
752 4059 1010 4094 usurarum
1043 4047 1173 4103 apud
1215 4053 1400 4092 veteres
1439 4049 1677 4098 Romanos
1715 4049 1880 4105 appel·

521 4109 777 4155 landarum
796 4112 985 4156 ratione
1014 4109 1110 4153 vid.
1144 4109 1435 4155 Salmasius
1456 4113 1516 4156 de
1539 4109 1684 4155 modo
1708 4122 1880 4156 usura-

522 4183 632 4217 rum
652 4184 695 4217 c.
722 4170 753 4218 6
768 4184 875 4230 sqq.
896 4179 946 4218 et
967 4171 1136 4218 Noodl
1152 4172 1261 4228 Lib.
1287 4173 1344 4217 11.
1372 4185 1415 4218 c.
1434 4172 1483 4218 Ξ.
1505 4197 1558 4203 —-
1573 4174 1637 4218 De
1670 4175 1890 4219 unciario

527 4246 640 4281 vero
660 4233 860 4280 foenore
894 4235 1113 4294 inprimis
1167 4235 1233 4280 cf.
1263 4234 1498 4281 Niebuhr
1538 4241 1663 4281 rtim.
1711 4235 1886 4283 Gesch.

524 4297 580 4341 ll.
603 4309 655 4353 p.
675 4293 771 4402 lii-{31
779 4295 945 4405 -4ἵὲ94,
969 4295 1296 4345 etSclzradei·
1313 4299 1361 4343 in
1380 4298 1618 4357 Huqonis
1639 4298 1733 4343 civ.
1760 4299 1886 4356 Mag.

588 4419 823 4530 ιῗὲΤαῚείίξ
853 4424 1019 4468 annal.
1048 4423 1128 4481 vt,
1167 4418 1243 4468 16.
1271 4446 1331 4453 —-
1374 4424 1449 4470 Cf.
1485 4421 1595 4469 Liv.
1636 4422 1740 4468 Lib.
1788 4422 1887 4468 vn.

526 4496 569 4528 c.
658 4516 669 4526 .
691 4484 720 4527 2
758 4515 771 4529 .
827 4484 874 4529 2.

587 4543 636 4600 5)
660 4544 711 4589 1..
733 4542 813 4591 58.
840 4548 895 4591 D.
921 4545 1181 4605 deneqot.
1200 4549 1332 4604 qest.
1357 4544 1460 4602 (lll,
1482 4545 1550 4604 5.)
1576 4546 1698 4590 -L.
1718 4544 1767 4592 7.
1799 4542 1886 4599 §4-

523 4603 571 4651 8.
613 4606 692 4713 1οἰ
726 4629 804 4724 -)
835 4609 887 4654 1..
914 4606 996 4656 54.
1044 4610 1098 4656 D.
1139 4608 1205 4654 dc
1239 4606 1511 4658 adminisl.
1546 4614 1601 4656 et
1632 4619 1750 4666 per.
1786 4610 1888 4653 tut.

528 4672 667 4725 (xxv
699 4703 712 4724 ,
734 4668 781 4715 7.

588 4730 638 4788 6)
660 4730 830 4780 Noodt
851 4732 955 4779 Lib.
983 4734 1040 4777 ll.
1066 4744 1110 4777 c.
1130 4733 1178 4777 5.

583 4792 635 4851 7)
654 4795 706 4838 L.
732 4791 861 4900 26ὶὲ
885 4793 930 4840 1.
965 4797 1018 4840 C.
1041 4792 1092 4838 Ιι.
1120 4795 1289 4839 t.-1..
1315 4793 1396 4843 ⁶27.
1423 4808 1496 4854 pr.
1521 4792 1889 4842 eod.—Noodt

521 4857 626 4904 Lib.
653 4857 709 4902 ll.
730 4867 776 4901 c.
869 4888 880 4899 .

584 4916 708 4977 831..
735 4916 857 4971 26.S
883 4919 925 4963 1.
968 4919 1020 4965 C.
1056 4917 1103 4962 Ιι.
1146 4920 1178 4962 t.
1224 4916 1364 4974 (uin
1409 4920 1683 4975 trajectitiis
1719 4923 1884 4966 autem

1943 3424 2025 3472 93.
2049 3426 2171 3470 Sunt
2193 3432 2358 3471 tamen
2382 3457 2398 3485 ,
2440 3424 2524 3481 qui
2564 3423 2714 3468 etiam
2736 3419 2844 3464 aliis
2868 3420 2920 3464 in
2942 3419 3107 3464 causis
3129 3451 3148 3478 ,
3175 3429 3320 3474 quam

1943 3499 2070 3546 quae
2106 3488 2240 3540 hisce
2285 3486 2472 3544 legibus
2512 3487 2985 3542 commemorantur,
3017 3482 3323 3526 condemna·

1946 3552 2131 3596 tionem
2152 3551 2201 3596 in
2225 3550 2436 3606 majores
2468 3558 2639 3593 usuras
2668 3543 2775 3589 fieri
2816 3556 2957 3602 posse
2992 3542 3323 3598 arbitrentur,

1944 3615 2077 3658 velut
2103 3613 2373 3660 Weberus
2393 3612 2427 3657 Ι.
2450 3612 2484 3657 l.
2508 3612 2532 3664 S
2552 3607 2603 3655 6.
2627 3606 2793 3652 -Sed
2818 3607 2921 3651 vid.
2942 3604 3119 3652 Noodl
3139 3605 3248 3650 Lib.
3264 3606 3321 3650 11.

1943 3686 1988 3721 c.
2015 3671 2091 3719 14.
2114 3688 2163 3732 p.
2186 3688 2255 3721 m.
2278 3674 2390 3721 202.
2416 3674 2518 3720 Col.
2542 3674 2593 3717 B.
2637 3674 2688 3715 et
2731 3680 2779 3726 p.
2802 3667 2915 3713 205.
2939 3670 3044 3714 Col.
3069 3669 3130 3711 Α.
3159 3702 3176 3726 ‚
3200 3680 3318 3713 eun-

1947 3737 2155 3794 demque
2189 3737 2287 3783 vid.
2324 3738 2384 3782 de
2419 3735 2737 3794 quaestione:
2767 3743 2829 3776 an
2874 3736 2923 3774 et
2962 3729 3263 3776 anticbresis
3295 3743 3323 3775 a

1949 3801 2166 3856 legitimo
2186 3812 2443 3846 usurarum
2468 3797 2611 3841 modo
2633 3795 2909 3851 excipiatur
2929 3796 2951 3837 ’.θ
2975 3793 3090 3839 Lib.
3119 3794 3182 3838 ll.
3207 3806 3252 3838 c.
3275 3790 3323 3837 9.

1948 3885 2008 3894 --
2047 3862 2305 3907 Caeterum
2369 3864 2533 3920 postea
2584 3860 2855 3914 imperator
2894 3860 2947 3900 et
2988 3857 3323 3912 agricolarum

1946 3924 1996 3970 in
2032 3927 2377 3982 commodum,
2411 3921 2667 3981 pecuniam
2703 3923 2874 3963 mutuo
2917 3918 3279 3973 accipientium
3306 3951 3321 3974 ,

1942 3988 2097 4043 magis
2121 3987 2270 4031 etiam
2298 3985 2540 4032 contraxit
2565 3992 2825 4027 usurarum
2846 3981 3053 4027 modum
3074 3996 3084 4025 :
3106 3983 3225 4026 Nor.
3245 3978 3326 4025 δί.

2004 4045 2053 4106 9)
2077 4050 2142 4093 De
2162 4050 2305 4106 patrii
2346 4049 2470 4103 juris
2510 4047 2636 4091 banc
2679 4044 2729 4088 in
2763 4054 2874 4108 rem
2920 4043 3137 4089 decretis
3161 4045 3179 4098 (
3200 4043 3322 4088 ord.

1944 4110 2045 4155 Pol.
2083 4110 2145 4155 de
2168 4108 2312 4157 15⁷7.
2329 4111 2427 4156 Tit.
2448 4107 2523 4155 17.
2558 4110 2583 4163 g
2604 4104 2654 4151 9.
2674 4111 2722 4151 et
2746 4105 2847 4150 Tit.
2870 4103 2952 4153 20.
2980 4106 3006 4159 S
3029 4103 3084 4151 6.
3128 4105 3329 4150 Reichs·

1953 4173 2277 4229 dep.-Abscb.
2303 4175 2364 4219 de
2396 4171 2543 4218 1600.
2572 4171 2597 4225 g
2631 4165 2738 4213 159.
2773 4171 2823 4212 et
2857 4168 2970 4212 Rec.
2997 4168 3121 4224 imp.
3148 4171 3333 4214 noviss.

1953 4237 1979 4289 S
2006 4232 2134 4291 174.)
2157 4236 2252 4280 vid.
2282 4238 2339 4281 G.
2364 4229 2639 4288 Hufeland
2654 4243 2674 4277 .·
2699 4233 2765 4276 lst
2781 4241 2832 4274 es
2856 4228 3013 4275 durch
3036 4232 3120 4275 die
3141 4230 3335 4276 Reicbs-

1952 4303 2147 4354 gesetze
2204 4299 2463 4354 allgemein
2501 4295 2732 4341 verboten
2757 4327 2773 4350 ,
2815 4291 3005 4337 bebere
3042 4293 3224 4339 Zinsen
3266 4295 3338 4339 als

1954 4361 2069 4408 funi*
2082 4371 2192 4405 vom
2222 4360 2445 4405 Hundert
2460 4370 2522 4404 zu
2544 4357 2797 4403 nehmen?
2832 4355 2999 4408 (Beitr.
3032 4368 3082 4401 z.
3122 4356 3334 4402 Berieht.

1954 4435 2002 4466 u.
2029 4422 2364 4478 Erweiterung
2397 4422 2447 4467 d.
2486 4423 2627 4478 posit.
2673 4416 2915 4464 Rechtsw.
2942 4419 3017 4461 St.
3045 4418 3084 4463 1.
3116 4419 3200 4463 Νι.
3234 4420 3334 4474 11.).

1954 4486 2168 4543 ——Huyo
2191 4485 2282 4530 civ.
2307 4486 2435 4540 Mag.
2462 4485 2541 4528 Nr.
2565 4479 2895 4527 Vll.-Gluc};
2916 4480 3077 4526 Pand.
3105 4483 3191 4527 ud.
3212 4483 3333 4526 xxi.

1953 4558 2004 4603 p.
2029 4544 2266 4592 95—103.
2292 4559 2341 4605 p.
2369 4543 2635 4592 140-117.
2660 4540 2964 4597 -Seulfert
2988 4541 3206 4589 Erbrter.
3231 4547 3334 4588 ein-

1951 4609 2118 4653 zelner
2140 4611 2325 4655 Leiireu
2354 4608 2436 4654 des
2458 4614 2585 4654 rtim.
2619 4603 2947 4653 Privatrechts
2969 4605 3008 4648 l.
3042 4606 3130 4651 Nr.
3166 4607 3333 4652 xl‘tll.

1952 4683 2001 4727 p.
2026 4668 2117 4716 138
2135 4684 2242 4729 sqq.

2016 4733 2095 4787 10)
2121 4734 2172 4779 L.
2213 4732 2294 4781 26.
2332 4734 2357 4787 S
2399 4735 2446 4778 1.
2487 4734 2544 4779 D.
2587 4732 2655 4778 de
2687 4728 2845 4779 cond.
2878 4727 2997 4774 ind.
3025 4729 3156 4787 (xli,
3180 4728 3251 4786 6.)
3276 4753 3333 4761 —-

1952 4796 2005 4840 L.
2027 4793 2075 4839 9.
2098 4808 2172 4851 pr.
2199 4798 2253 4842 1).
2295 4796 2348 4841 Ιι.
2369 4797 2406 4842 t.
2449 4820 2511 4828 —
2547 4797 2600 4846 L,
2631 4793 2706 4839 10.
2741 4795 2794 4838 C.
2819 4792 2873 4837 li.
2899 4792 2939 4839 8.
2983 4809 3009 4832 u
3037 4793 3228 4838 Usurae
3250 4803 3339 4848 per

1951 4862 2173 4914 tempora
2197 4860 2384 4904 solutae
2408 4868 2505 4903 non
2527 4857 2786 4915 proficiunt
2807 4866 2892 4900 reo
2926 4854 2989 4899 ad
3030 4854 3174 4912 dupli
3199 4867 3337 4901 com-

1947 4922 2271 4978 putationem.
2298 4922 2436 4969 'runc
2453 4921 2587 4968 enim
2611 4921 2743 4967 ultra
2772 4915 2917 4966 sortis
2948 4929 3201 4965 summam
3225 4930 3339 4965 usn-
