3544 5506
548 332 625 390 80

554 464 812 532 gantur,
830 463 942 518 aut
962 471 1230 531 prorsus
1251 458 1500 517 nullum
1520 452 1864 517 habiturae
1885 457 2012 517 sint
2031 458 2293 529 exitum,
2320 465 2435 519 aut
2463 475 2636 529 eum,
2653 462 2762 536 qui
2777 476 2813 520 a
2831 463 3160 522 communi
3176 464 3365 540 justi-

548 559 676 619 tiae
697 558 1160 632 aequitatisque
1197 558 1324 616 fine
1344 557 1804 617 remotissimus
1827 558 1908 616 sit
1936 601 1954 631 ,
1980 559 2274 632 sequitur
2292 601 2309 629 ‚
2335 567 2411 617 ut
2437 562 2630 620 etiam
2663 562 2745 622 de
2767 565 2978 635 legum
3000 563 3066 621 in
3087 562 3354 624 diversis

548 656 889 719 territoriis
911 657 1340 716 obtinentium
1371 659 1675 717 conflictu
1698 656 1924 731 quaeri
1947 658 2145 730 possit
2168 701 2185 727 ,
2216 659 2391 717 vetut
2408 660 2707 719 domicilii
2734 702 2751 730 ‚
2783 661 2880 720 rei
2904 663 3088 733 sitae,
3121 663 3362 735 negotii

556 755 714 829 gesti
742 801 758 827 ‚
789 769 1021 814 causae
1040 754 1284 829 J’udicio
1309 756 1409 813 vel
1436 754 1562 814 alio
1581 756 1780 814 modo
1822 759 2182 813 transactae
2214 795 2231 822 ‚
2281 754 2496 814 delicti
2541 758 2858 818 commissi
2878 802 2895 829 ,
2923 758 3209 832 denique
3234 759 3374 835 eius
3415 735 3422 742 ’

558 857 724 928 loci,
758 854 868 912 ubi
896 853 1002 928 jus
1031 857 1356 929 quoddam
1382 898 1401 930 ‚
1433 854 1580 913 alibi
1602 861 1904 927 coeptum
1928 895 1945 926 ‚
1973 861 2090 913 aut
2115 853 2483 927 simpliciter
2517 859 2953 929 peragendum
2978 864 3094 916 aut
3131 857 3374 936 iudicio

544 955 1062 1030 persequendum
1084 954 1226 1014 erit.
1250 953 1448 1028 Quam
1472 956 1537 1013 in
1560 970 1697 1013 rem
1719 997 1736 1028 ‚
1755 955 1909 1014 licet
1937 969 2014 1012 ea
2038 969 2074 1011 a
2090 952 2238 1026 ,iure
2258 939 2539 1026 gentium
2568 956 2766 1028 magis
2785 957 3064 1016 ducatur
3083 974 3284 1032 quam
3323 975 3366 1017 a

549 1055 714 1115 civili
748 1054 900 1128 jure
932 1051 949 1089 ¹
976 1051 1027 1128 ),
1086 1056 1259 1113 haud
1301 1049 1518 1112 tamen
1573 1055 1854 1113 alienum
1899 1053 2155 1112 videtur
2201 1056 2602 1127 generaliora
2653 1058 2966 1130 quaedam
2984 1104 2999 1127 ‚
3041 1064 3368 1131 quatenus

548 1152 805 1226 quidem
856 1152 937 1211 ad
982 1167 1206 1210 causas
1243 1152 1522 1225 privatas
1560 1156 1856 1223 spectant
1874 1149 1925 1219 2)
1947 1190 1963 1217 ,
2011 1150 2136 1208 hoc
2179 1148 2243 1207 in
2286 1152 2430 1208 loco
2489 1147 2885 1225 praecipere,
2948 1152 3073 1213 hoo
3118 1160 3312 1227 pacto
3339 1171 3364 1213 z

552 1255 600 1310 1.
643 1254 800 1310 Jura
838 1257 1030 1323 atque
1071 1249 1278 1309 officia
1316 1249 1666 1325 ejusmodi,
1690 1265 1858 1324 quae
1882 1249 2213 1308 hominum
2237 1251 2523 1323 personis
2544 1251 2879 1310 inhaerent
2915 1259 2980 1311 et
3008 1253 3194 1327 quasi
3226 1260 3372 1313 sunt

547 1346 744 1409 inssxa
771 1391 788 1424 ‚
824 1366 903 1408 ex
925 1349 1148 1423 hisque
1177 1355 1326 1424 apte
1365 1349 1713 1423 pendentia
1734 1391 1752 1417 ,
1776 1355 1915 1408 tum
1949 1351 2142 1409 etiam
2169 1365 2247 1409 ea
2267 1392 2283 1419 ,
2334 1365 2500 1424 quae
2543 1351 2626 1409 ad
2653 1351 3138 1413 universitatem
3179 1354 3374 1427 patri·-

545 1450 742 1509 monii
765 1445 1134 1523 pertinent-³
1161 1447 1181 1522 )
1209 1490 1226 1519 ‚
1249 1464 1327 1509 ex
1351 1450 1593 1521 legibus
1625 1447 1974 1523 judicanda
1997 1454 2180 1519 sunt,
2225 1465 2390 1522 quae
2434 1449 2500 1507 in
2538 1449 2796 1510 civitate
2840 1452 3059 1510 valent
3082 1493 3102 1519 ,
3137 1453 3253 1510 ubi
3275 1453 3324 1512 is
3347 1495 3365 1523 ‚

550 1551 647 1610 de
688 1563 823 1623 quo
898 1549 1231 1622 quaeritur
1256 1592 1273 1620 ‚
1329 1547 1532 1608 larem
1581 1563 1932 1623 rerumque
1970 1565 2048 1608 ac
2090 1548 2494 1608 fortunarum
2538 1564 2800 1609 suarum
2851 1564 3173 1609 summam
3215 1566 3368 1611 con-

548 1646 750 1705 stituit
771 1641 834 1720 ⁴)
861 1689 879 1721 ‚
903 1645 1143 1705 scilicet
1163 1659 1293 1704 non
1322 1647 1702 1704 adversante
1737 1651 2101 1704 exterarum
2124 1644 2452 1703 civitatum
2472 1644 2621 1719 jure
2652 1643 2905 1718 publico
2931 1644 3005 1718 ⁵).
3035 1650 3372 1706 Caeterum

547 1752 800 1804 mutato
821 1745 1144 1805 domicilio
1170 1745 1323 1821 jura
1347 1761 1609 1820 quoque
1633 1744 1997 1820 hujusmodi
2026 1750 2362 1804 mutantur
2391 1788 2407 1815 ‚
2439 1745 2529 1804 sic
2549 1752 2768 1804 tamen
2794 1787 2812 1817 ,
2845 1750 2918 1803 ut
2934 1759 3018 1804 ne
3042 1747 3150 1805 cui
3176 1746 3284 1821 jus
3301 1761 3375 1805 ex

549 1841 816 1915 pristina
857 1843 1110 1902 ratione
1149 1843 1549 1918 quaesitum,
1579 1843 1903 1914 certisque
1951 1841 2077 1900 suis
2122 1841 2408 1899 terminis
2441 1841 2709 1916 jamjam
2764 1841 3099 1899 delinitum
3143 1840 3377 1916 eripia-

549 1943 658 1996 tur
684 1938 712 1978 6
735 1935 777 2012 ).
831 1941 905 1997 11.
933 1941 965 1997 J
973 1953 1095 1996 ura
1117 1985 1133 2011 ‚
1163 1953 1330 2012 quae
1357 1939 1642 2012 proxime
1665 1936 1862 1996 rebus
1883 1942 2037 1996 sunt
2061 1936 2318 2010 scripta,
2349 1937 2522 1995 velut
2541 1951 2709 2011 quae
2732 1937 2814 1995 ad
2829 1937 3092 1996 dominii
3116 1953 3374 1997 causam

556 2043 879 2111 spectant,
902 2038 1003 2097 vel
1025 2040 1108 2097 ad
1136 2036 1540 2109 vectigalium
1570 2037 2088 2110 tributorumque
2116 2052 2279 2096 onus
2299 2080 2316 2108 ,
2360 2038 2459 2096 vel
2513 2038 2596 2096 ad
2625 2038 2970 2111 pignorum
3014 2037 3081 2096 in
3105 2037 3378 2112 judicati

559 2137 1028 2197 exsecutionem
1076 2143 1143 2196 et
1178 2137 1638 2211 capiendorum
1670 2143 1735 2195 et
1761 2136 2320 2196 distrahendorum
2349 2179 2366 2208 ‚
2419 2141 2559 2194 tum
2609 2136 2801 2195 etiam
2837 2151 3057 2195 rerum
3090 2137 3269 2210 apud
3284 2136 3383 2212 ju·

559 2227 765 2291 dicem
810 2235 1234 2307 petendarum
1265 2232 1949 2308 persequendarumve
1977 2232 2329 2301 rationem,
2367 2238 2434 2291 et
2480 2247 2650 2306 quae
2691 2239 2840 2292 sunt
2878 2234 3130 2306 reliqua
3152 2248 3231 2293 ex
3258 2233 3379 2292 hoc

560 2342 832 2404 genere,
857 2330 1275 2389 aestimantur
1309 2328 1645 2401 exlegibus
1683 2326 1820 2402 ejus
1853 2326 2122 2386 civitatis
2147 2367 2163 2394 ‚
2195 2326 2304 2385 ubi
2332 2342 2436 2387 res
2456 2369 2471 2396 ‚
2524 2329 2606 2387 de
2648 2327 2881 2402 quibus
2918 2329 3131 2400 agitur
3151 2371 3168 2399 ‚
3221 2329 3381 2387 sitae

562 2430 710 2483 sunt
735 2440 815 2484 ac
840 2425 1190 2486 collocatae
1212 2421 1285 2499 ⁷),
1318 2425 1502 2482 nullo
1530 2437 1751 2482 rerum
1774 2421 2191 2482 immobilium
2212 2429 2279 2482 et
2303 2422 2632 2484 mobilium
2661 2423 2880 2483 habito
2905 2423 3275 2483 discrimine
3303 2419 3376 2498 ⁸).

1377 344 1528 387 PARS
1548 344 1692 389 ΕΠ.
1745 345 1867 388 UB-
1909 346 1957 388 1.
1996 344 2074 388 DE
2110 344 2283 389 nmis
2301 347 2610 393 ronmns.

1981 2599 2127 2672 573.

646 2766 752 2825 111.
794 2765 1204 2839 Negotiorum
1240 2765 1558 2823 rationem
1605 2761 1785 2835 quod
1822 2760 2051 2820 attinet
2081 2805 2099 2838 ‚
2159 2762 2242 2821 de
2293 2758 2582 2836 personis
2629 2762 2905 2835 quidem
2925 2805 2942 2832 ,
2977 2758 3225 2823 scilicet.
3254 2779 3398 2839 pos-

572 2861 785 2919 sintne
808 2861 1073 2922 omnino
1089 2860 1240 2936 jure
1264 2876 1384 2921 suo
1409 2866 1479 2919 et
1506 2858 1686 2918 velut
1712 2857 1983 2916 arbitrio
2013 2853 2275 2931 negotia
2295 2854 2626 2919 instituere
2656 2865 2680 2918 i*
2707 2874 2784 2919 ex
2804 2852 3109 2918 domicilii
3136 2861 3394 2933 legibus

566 3032 629 3040 —
647 3009 735 3055 J0.
770 3009 883 3057 Nic.
904 3010 1123 3062 Her-tius
1143 3014 1199 3059 D.
1220 3012 1281 3060 de
1303 3018 1554 3065 collisione
1576 3019 1738 3076 legum
1762 3018 1950 3075 (opusc.

566 3071 674 3116 Vol.
693 3070 731 3117 1.
758 3072 816 3117 T.
839 3074 877 3118 1.
903 3086 950 3131 p.
973 3072 1031 3119 91
1054 3074 1542 3135 -158.)sect.1V.
1563 3082 1704 3127 etVl.
1726 3105 1789 3114 -
1814 3082 1864 3127 C.
1888 3081 1947 3127 F.

565 3134 809 3181 Hommel
824 3135 1080 3194 rhapsodia
1099 3142 1372 3199 quaestion.
1387 3143 1437 3188 in
1450 3144 1557 3189 foro
1566 3143 1787 3201 quotidie
1801 3143 1949 3188 obve-

559 3196 832 3253 mentium,
855 3198 959 3244 obs.
978 3196 1091 3247 409.
1117 3226 1176 3237 —-
1204 3204 1257 3249 C.
1295 3207 1354 3250 F.
1395 3205 1662 3251 Boe-tehen
1705 3207 1758 3251 D.
1805 3216 1950 3262 supra
2001 3210 2010 3213 “

557 3257 613 3313 .(ς
637 3255 717 3306 47.
742 3264 847 3330 not.
871 3259 940 3316 1.)
964 3262 1050 3308 cit.
1075 3289 1135 3297 —
1155 3267 1249 3311 Jo.
1276 3267 1365 3314 ΤΙι.
1390 3270 1550 3328 Seqer
1572 3271 1727 3324 (resp.
1755 3266 1952 3324 Wolff)

558 3321 623 3392 D.
645 3322 705 3367 de
724 3332 769 3365 vi
791 3322 954 3379 legum
976 3326 1025 3369 et
1044 3328 1352 3377 decretorum
1389 3332 1438 3376 in
1480 3330 1728 3377 territorio
1769 3328 1950 3375 alieno.

562 3381 699 3452 Ltps.
725 3380 869 3432 1777.
901 3408 962 3419 -·
992 3388 1059 3435 Α.
1079 3390 1142 3434 D.
1171 3392 1377 3438 Weber·
1397 3404 1489 3437 von
1515 3393 1603 3437 der
1623 3391 1808 3438 natur-l.
1833 3391 1956 3436 Ver·

557 3442 721 3514 ·b.¹¹¹‘¹¹·
744 3447 769 3501 ς
789 3442 869 3493 62.
889 3452 938 3492 et
956 3445 1039 3495 95.
1062 3473 1122 3483 —
1141 3453 1192 3500 C.
1220 3455 1269 3499 C.
1294 3452 1568 3505 Hofaclter
1588 3454 1825 3511 principia
1855 3453 1955 3513 jur.

567 3516 659 3551 civ.
682 3508 817 3577 Rom.
844 3511 1011 3558 Germ.
1037 3513 1095 3558 T.
1120 3512 1157 3559 l.
1180 3514 1299 3574 562.
1326 3514 1488 3563 157-
1506 3511 1682 3562 144.-
1702 3517 1753 3562 C.
1776 3516 1830 3560 S.
1850 3519 1960 3565 Ζα-

556 3567 794 3620 ,σΙιανιαε
831 3571 915 3617 lib.
960 3575 1299 3630 quaestionum
1328 3578 1346 3634 (
1370 3578 1607 3624 Wittenh.
1631 3573 1772 3623 1805.
1795 3576 1845 3625 8.
1869 3583 1887 3633 )
1911 3581 1948 3626 l.

567 3641 653 3688 qu.
683 3628 727 3679 1.
753 3655 815 3703 3-
836 3632 957 3681 Did.
977 3637 1146 3685 Meier-
1166 3639 1220 3684 D.
1246 3641 1307 3686 de
1324 3640 1552 3686 conflictu
1594 3641 1755 3697 legum
1792 3642 1954 3688 ‹liver-

567 3704 732 3739 sarum
754 3705 807 3742 tn
828 3694 1032 3745 diversis
1058 3701 1172 3747 locis
1191 3702 1535 3748 obtinentium.
1561 3705 1716 3749 Brem.
1740 3702 1883 3752 1810.
1903 3701 1952 3749 8.

567 3758 690 3804 —F.
707 3759 800 3805 W.
828 3759 1094 3816 Tittmann
1116 3765 1171 3812 D.
1189 3764 1250 3808 de
1268 3766 1597 3822 competentia
1620 3767 1779 3822 legum
1801 3771 1959 3813 exter-

569 3829 746 3866 narum
778 3824 826 3865 et
870 3823 1245 3872 domesticarum
1266 3826 1315 3873 in
1338 3827 1625 3873 definiendis
1647 3829 1952 3886 potissimum

552 3880 716 3951 'sti-rib.
759 3885 1041 3944 conjugum.
1076 3888 1183 3933 Hal.
1205 3887 1346 3937 1822.
1368 3887 1419 3937 8.
1443 3911 1505 3924 -
1532 3892 1583 3937 C.
1605 3891 1664 3936 F.
1687 3889 1951 3937 Eicldtorn

570 3943 759 3991 Einleit.
786 3947 836 3991 in
856 3949 943 3995 das
965 3948 1197 3997 deutsche
1219 3952 1431 3999 Privatr.
1454 3952 1552 4008 (ed.
1572 3949 1640 4008 2.)
1662 3955 1687 4008 s
1707 3950 1771 4000 54
1790 3977 1852 3987 -
1867 3952 1951 4002 3⁷.

570 4004 659 4059 (Cf.
683 4007 935 4057 Haubold
952 4012 1104 4058 Pand.
1128 4015 1155 4069 S
1177 4010 1282 4071 25.)

572 4125 600 4139 -
635 4067 681 4125 1)
712 4071 956 4120 Hubert.
981 4073 1128 4131 tsi.
1150 4099 1202 4109 -
1230 4079 1387 4125 Hert.
1405 4080 1436 4133 ’ς
1454 4075 1503 4125 3.
1529 4101 1589 4111 -
1609 4076 1880 4139 seam-st.
1901 4076 1950 4125 2-

569 4140 618 4174 o.
638 4125 1023 4183 8.—-Boesc1aen
1046 4139 1072 4193 s
1095 4135 1171 4184 14.
1195 4136 1272 4185 15.
1296 4163 1357 4174 --
1377 4140 1586 4195 Meiers
1607 4135 1655 4186 4.

605 4189 682 4262 jz)
715 4192 781 4238 De
794 4199 958 4259 causis
992 4199 1197 4256 puhlicis
1230 4206 1281 4247 et
1311 4203 1523 4250 maxime
1571 4201 1632 4247 de
1672 4203 1959 4259 poenalibus

570 4254 671 4298 vid.
697 4254 963 4307 Boesclaen
986 4264 1012 4317 ς
1032 4260 1097 4308 20
1118 4261 1258 4312 -26,
1282 4263 1362 4312 34.
1385 4264 1771 4313 35.—Hommel
1792 4264 1958 4323 rhaps.

564 4325 653 4371 qu.
677 4314 783 4363 obs.
802 4318 914 4367 281.
935 4347 995 4357 --
1015 4325 1175 4384 Seuer
1196 4328 1231 4372 l.
1255 4328 1285 4373 Ι.
1307 4331 1333 4384 S
1353 4326 1403 4375 7.
1427 4353 1487 4362 --
1512 4330 1564 4375 C.
1602 4327 1958 4378 stammana

570 4376 765 4426 Handb.
810 4382 861 4428 d.
892 4385 1461 4437 Strati-echuwissensch.
1497 4392 1535 4436 l.
1577 4390 1731 4446 (Halle
1767 4388 1912 4436 1806.
1933 4395 1949 4450 )

568 4439 599 4492 ς
616 4435 695 4486 62.
718 4466 781 4477 -
802 4444 972 4492 Meier
991 4450 1017 4502 ς
1041 4446 1117 4495 15.
1141 4449 1222 4497 16.
1246 4476 1308 4485 —-
1324 4452 1524 4500 Mat-tin
1549 4452 1722 4499 Lehrb.
1748 4452 1798 4497 d.
1825 4457 1954 4500 teut-

573 4499 885 4626 {ggffiffig'
936 4510 1209 4559 Criminalr.
1252 4514 1673 4572 Hauptahschn.i.
1712 4512 1949 4568 (Heidelh.

633 4624 682 4683 ὅ)
716 4630 791 4676 Cl'.
815 4631 1079 4678 molitam-n
1102 4633 1136 4682 l.
1151 4635 1184 4679 1.
1206 4638 1232 4691 ς
1252 4635 1332 4684 35.
1356 4651 1433 4684 nr.
1453 4638 1501 4684 2.
1528 4643 1578 4684 et
1599 4634 1648 4683 3.

636 4690 684 4746 4)
715 4692 829 4747 Arg.
868 4694 922 4740 1..
945 4692 1025 4741 65.
1067 4695 1124 4744 D.
1159 4697 1474 4756 dejudtciis.
1496 4702 1574 4758 (v,
1597 4700 1663 4756 1.)
1681 4721 1742 4731 -
1765 4698 1955 4747 Huber-

568 4750 600 4813 ς
622 4751 685 4798 12
703 4777 759 4785 -
781 4750 861 4801 14.
885 4778 941 4788 -
963 4759 1116 4807 Hert.
1140 4763 1165 4816 s
1184 4757 1229 4805 8.
1257 4763 1335 4808 11.
1356 4763 1433 4810 12.
1460 4765 1537 4810 13.
1559 4760 1638 4809 24.
1662 4760 1742 4806 26.
1766 4758 1847 4811 55.
1867 4762 1949 4813 39.

569 4810 652 4863 46.
675 4811 821 4862 47.-
838 4816 1109 4869 Horacker
1128 4825 1153 4879 s
1172 4823 1278 4869 139.
1303 4837 1381 4870 nr.
1405 4827 1443 4872 1.
1466 4830 1518 4871 et
1537 4828 1564 4881 ς
1585 4821 1694 4873 143.
1720 4833 1798 4867 nr.
1821 4824 1956 4871 ll.—

574 4876 741 4927 Meier
761 4880 786 4935 ς
804 4876 882 4925 10.
921 4877 1002 4926 28.
1038 4882 1120 4932 29.
1158 4885 1238 4931 31.
1262 4887 1341 4932 39.
1364 4886 1426 4936 34
1448 4899 1557 4945 sqq.
1582 4910 1643 4921 --
1684 4886 1955 4937 Tietmann

545 4934 572 5001 4
660 4974 672 4988 .
703 4936 783 4990 55.
813 4939 895 4992 43.
927 4940 1203 4994 ⁴4.-Cave
1223 4952 1415 5011 tamen,
1436 4950 1567 4997 nein
1591 4948 1783 5007 singula
1799 4948 1910 5008 iura
1937 4985 1953 5012 ‚

2013 3029 2224 3077 quorum
2238 3018 2455 3068 nondum
2478 3020 2590 3066 nata
2612 3022 2688 3065 est
2708 3029 2854 3066 causa
2875 3024 2924 3063 et
2946 3022 3085 3066 certo
3106 3019 3395 3069 constituta,

2012 3080 2141 3128 idem
2163 3084 2385 3129 conferas
2406 3080 2863 3142 principium—Cf.
2881 3080 3051 3127 Meier
3068 3079 3189 3139 538.
3211 3105 3273 3117 -—
3300 3080 3396 3127 Tit·

2013 3146 2200 3190 tamnu
2222 3148 2247 3201 g
2269 3146 2346 3190 21.

2075 3204 2122 3264 5)
2134 3208 2357 3264 Habet-s
2373 3198 2993 3253 13.-Zachariae38.-—-
3003 3205 3081 3251 Ct‘.
3103 3218 3235 3265 quae
3255 3212 3398 3263 supra

2014 3272 2040 3326 s
2054 3270 2132 3315 33.
2158 3271 2207 3315 in
2232 3270 2272 3316 t'.
2294 3276 2346 3315 et
2361 3268 2490 3316 infra
2508 3275 2613 3315 not.
2641 3266 2717 3315 16.
2740 3271 2787 3312 et
2809 3276 2885 3312 nr.
2900 3267 2977 3311 lv.
2997 3268 3182 3325 scripta
3203 3274 3340 3315 sunt.

2078 3330 2127 3388 6)
2165 3332 2426 3378 Tittmann
2450 3335 2475 3390 ς
2498 3332 2578 3378 21.
2597 3328 2660 3378 24
2682 3341 2786 3388 sqq.
2827 3332 2878 3373 et
2898 3326 3067 3375 Meier
3084 3330 3106 3381 S
3126 3329 3212 3377 38.

2081 3392 2130 3452 7)
2164 3395 2579 3449 Quemadmodum
2605 3398 2768 3439 autem
2792 3392 2993 3437 omnino
3015 3392 3196 3439 harum
3239 3394 3402 3453 legum

2021 3467 2121 3503 non
2142 3467 2198 3502 ea
2221 3461 2295 3502 est
2316 3457 2665 3509 auctoritas,ut
2679 3453 2922 3509 injur-ibus
2944 3452 3263 3511 definiendis,
3284 3461 3406 3515 quae

2024 3520 2087 3565 ad
2125 3518 2407 3567 universum
2448 3520 2703 3566 hominum
2742 3516 3091 3575 patrimonium
3133 3523 3369 3577 spectant
3392 3545 3404 3569 ‚

2013 3582 2280 3639 quidquam
2301 3585 2496 3629 valeant
2512 3617 2527 3641 ‚
2551 3581 2617 3628 ita
2641 3592 2731 3628 nec
2752 3581 2815 3626 ad
2835 3577 3136 3625 hereditates
3159 3583 3405 3639 pertinen

2016 3649 2216 3701 possunt
2232 3679 2248 3696 ,
2270 3657 2398 3703 quae
2424 3648 2498 3690 vel
2525 3648 2626 3701 lege
2649 3647 2721 3690 vel
2759 3647 3053 3688 testamento
3076 3643 3377 3690 deferuntur
3392 3672 3407 3695 ‚

2017 3708 2195 3763 quippe
2226 3719 2350 3764 quae
2391 3719 2453 3755 ex
2493 3706 2681 3763 legibus
2709 3706 2819 3764 loci,
2844 3702 2931 3747 ubi
2952 3704 3264 3753 domicilium
3286 3713 3407 3752 tem·

2021 3779 2138 3825 pore
2184 3771 2354 3815 mortis
2401 3770 2571 3816 habuit
2604 3769 2884 3817 defunctus.
2906 3768 3252 3815 aestimandae
3274 3773 3402 3815 sunt.

2012 3830 2147 3888 (Arg.
2171 3831 2222 3876 L.
2249 3829 2328 3879 19.
2351 3844 2426 3891 pr.
2446 3837 2498 3877 et
2520 3829 2597 3877 34.
2620 3832 2675 3876 D.
2701 3827 2954 3886 dejudic.
2977 3829 3033 3885 (V
3059 3863 3075 3887 ‚
3099 3831 3304 3887 t.)-1..
3327 3832 3403 3877 22.

2014 3893 2071 3939 D.
2093 3894 2162 3939 de
2178 3893 2481 3951 fidejussor.
2503 3894 2521 3950 (
2540 3893 2699 3951 nvi,
2723 3892 2770 3938 1.
2793 3894 2811 3949 )
2835 3918 2891 3927 --
2937 3915 2994 3923 -
3015 3893 3136 3950 quia
3162 3893 3411 3940 hereditas

2018 3966 2254 4012 personae
2273 3960 2378 4003 vice
2393 3956 2662 4014 fungitur-,n
2688 3955 2806 4002 -—1..
2830 3957 2909 4003 31.
2932 3956 2960 4009 s
2982 3955 3030 4000 ¹.
3055 3956 3112 4001 D.
3133 3956 3209 4001 de
3228 3954 3412 4003 laer-ed.

2017 4017 2190 4065 instit.
2210 4019 2441 4076 (xxvlll‚
2459 4021 2619 4076 5.)‹.-
2634 4016 2813 4075 —quia
2836 4017 3083 4067 creditum
3103 4022 3206 4071 est,
3227 4016 3419 4065 heredi-

2018 4083 2168 4126 tatem
2190 4082 2438 4128 dominam
2450 4093 2552 4127 esse
2564 4084 2612 4125 et
2630 4078 2850 4127 defuncti
2861 4082 3027 4129 locum
3039 4079 3278 4127 obtinere
3289 4084 3409 4136 -»);

2019 4142 2110 4187 nisi
2120 4151 2360 4200 quatenus
2370 4149 2454 4189 aut
2465 4146 2526 4190 de
2540 4142 2741 4200 singulis
2759 4142 2906 4191 rebus
2921 4143 3243 4191 hereditariis
3256 4143 3416 4201 aequi·

2024 4206 2469 4266 rendisquaerltur‚
2480 4206 2631 4251 autde
2642 4204 2876 4262 singulari
2892 4206 3190 4252 succedendi
3206 4208 3418 4259 ratione,

2022 4268 2167 4324 siqua
2181 4268 2567 4317 esteertisrebus
2579 4266 3233 4317 constituta.—Cl'.Meier·l.
3259 4267 3334 4318 l.S
3359 4263 3419 4315 5⁴

2019 4327 2176 4377 -42,
2198 4358 2257 4367 -
2281 4332 2548 4377 Tiumann
2567 4331 2593 4385 ς
2615 4326 2692 4374 29.
2708 4326 2790 4375 48.

2081 4389 2128 4450 8)
2162 4395 2214 4440 1..
2239 4397 2351 4450 Arg.
2375 4391 2456 4439 38.
2478 4393 2531 4439 in
2546 4391 2584 4438 f.
2609 4393 2666 4438 D.
2687 4389 3070 4448 dejudtcits.-
3088 4392 3421 4443 Dissentiuut.

2017 4455 2296 4515 quicunque
2334 4456 2398 4501 de
2440 4454 2588 4501 hocce
2626 4460 2918 4510 argumento
2940 4455 3203 4514 scripsere,
3228 4459 3423 4501 tantum

2016 4526 2115 4561 non
2148 4529 2338 4565 omnes.
2382 4516 2494 4572 (cf.
2515 4521 2566 4563 et
2588 4516 2768 4562 Landr.
2793 4518 2831 4565 f.
2863 4517 2945 4563 die
2973 4518 3169 4563 Preuss.
3215 4517 3420 4563 staaten

2015 4577 2141 4624 Einl.
2167 4584 2193 4637 ς
2209 4578 2331 4626 28-
2346 4578 2451 4634 30.)
2475 4578 2631 4635 Quid?
2650 4581 2784 4635 quod
2808 4581 3007 4640 plurimi
3028 4580 3098 4624 ita
3122 4579 3278 4625 abusi
3320 4581 3430 4625 sunt

2015 4643 2352 4690 commentitio
2385 4642 2477 4689 isto
2510 4641 2825 4699 discrimine,
2885 4647 2941 4688 ut
2972 4641 3097 4697 juris
3135 4639 3432 4688 hereditarii

2014 4703 2255 4763 principia
2278 4704 2379 4750 fere
2396 4703 2711 4759 obliti,aliam
2723 4709 2994 4751 statuerent
3011 4714 3118 4749 esse
3133 4702 3425 4759 mobilium,

2015 4765 2164 4813 aliam
2183 4767 2509 4814 immobilium
2544 4766 2836 4813 succedendi
2869 4768 3142 4824 rationem3
3169 4778 3309 4823 quo·
3327 4767 3431 4823 Jam

2018 4827 2255 4875 refutavit
2291 4828 2458 4875 Meier-
2480 4830 2515 4875 l.
2535 4840 2582 4874 c.
2629 4851 2694 4861 -
2731 4830 2986 4875 Caeterum
3029 4828 3312 4875 nobiscum
3364 4828 3436 4872 fa·
3461 4872 3462 4875 ,

2019 4888 2159 4937 ciunt
2178 4894 2237 4938 F.
2261 4892 2331 4939 A.
2356 4891 2626 4937 meismet·
2646 4900 2758 4936 vom
2776 4889 3037 4938 stillschw.
3058 4888 3276 4938 Pfandr.
3303 4893 3330 4948 ς
3347 4891 3426 4936 23.
3461 4888 3462 4927 ἕ

2018 4947 2085 5000 Α.
2109 4957 2160 5001 et
2184 4952 2451 5003 Humana
2471 4955 2497 5009 s
2516 4949 2598 5001 15¹.
2621 4952 2768 5002 -Cf.
2810 4952 3072 5002 Eichhom
3095 4953 3123 5007 s
3144 4950 3238 5001 36.
3276 4967 3356 5000 nr.
3377 4955 3427 5002 2.
