3544 5506
419 359 527 416 178
1297 372 1446 414 mus
1486 373 1641 413 spec.
1685 370 1802 411 Lm.
1846 369 1889 409 1.
1934 369 2008 409 nn
2049 367 2357 410 ransom&

423 500 567 542 rum
611 486 881 558 spatium
928 483 1272 542 terminum
1329 484 1498 540 vitae
1555 478 1878 538 humanae
1923 493 2059 536 esse
2113 474 2542 549 longissimum
2565 474 2607 548 ³)
2631 521 2648 552 ‚
2698 473 2760 536 id
2811 479 2891 536 ad
2940 485 3220 536 nostram

422 585 860 655 quaestionem
885 599 1016 641 non
1042 578 1235 653 magis
1261 583 1538 653 pertinet
1565 577 1610 653 ⁴)
1633 622 1649 646 ,
1691 595 1882 652 quam
1912 578 2316 635 mortalitatis
2342 572 2445 634 itta
2480 576 2753 636 formula
2778 623 2793 648 ‚
2830 578 2910 635 ab
2938 574 3221 650 UlpianO,

420 680 526 749 qui
552 680 741 748 longe
765 678 886 735 alia
911 680 1206 751 respexit,
1244 677 1569 749 proposita
1589 673 1671 749 ⁶);
1699 674 2101 748 qua,quidem
2124 678 2295 730 recte
2319 688 2394 729 ac
2417 673 2743 731 rationein
2768 673 3034 743 negotiis
3055 675 3222 730 alea-

419 774 595 831 toriis
620 774 1084 831 constituendis
1118 774 1438 844 hodieque
1470 768 1563 829 uti
1594 773 1801 828 solent
1824 767 1892 841 ⁶).
1937 773 2269 826 Caeterum
2308 767 2371 824 in
2394 768 2608 825 multis
2635 767 3008 825 Germaniae
3039 769 3223 825 terris

421 890 539 931 usu
570 881 636 932 et
662 875 1122 932 consuetudine
1151 874 1449 948 obtinuit,
1478 873 1743 930 utannis
1765 870 2165 942 septuaginta
2197 867 2497 945 majores,
2534 870 2614 927 de
2644 882 2921 941 quorum
2958 869 3214 940 quidem

419 978 534 1030 aut
559 973 685 1030 vita
703 980 815 1031 aut
838 980 1048 1032 morte
1076 973 1228 1031 nihil
1252 979 1525 1044 constet,
1555 988 1674 1046 pro
1705 966 1972 1028 mortuis
1991 969 2351 1026 habeantur
2372 965 2438 1034 ⁷).

1644 1153 1876 1209 CAPUT
1918 1152 1992 1206 11.

1572 1362 1659 1402 DE
1697 1360 2073 1402 elvrrATE.

1241 1551 1411 1585 8801'10
1437 1551 1471 1585 1.
1496 1551 1557 1585 1)ss
1592 1550 1904 1585 SINGULORUN
1928 1549 2155 1584 noman!
2177 1548 2421 1583 ctvtTATe.

1323 1717 1347 1789 §
1381 1717 1521 1775 187.
1562 1715 1744 1783 Cives,
1767 1715 2085 1794 perqqriua‘,
2114 1714 2347 1774 incolae.

512 1895 673 1956 Cum
692 1894 839 1955 olim
863 1904 956 1956 tot
981 1903 1286 1971 tantaque
1313 1898 1479 1956 inter
1498 1898 1670 1956 cives
1694 1904 1759 1955 et
1780 1905 2150 1970 peregrinos
2171 1900 2406 1955 Romae
2430 1897 2822 1954 obtinuerint
2842 1896 3222 1964 discrimina,

431 2004 528 2064 ut,
551 1997 657 2068 qui
687 1996 1022 2052 initlorum
1047 2009 1317 2053 numero
1343 2010 1473 2052 non
1496 2002 1707 2052 essent
1727 2038 1742 2062 ,
1767 1993 2009 2067 jurium
2044 1993 2175 2051 sere
2203 1994 2487 2051 omnium
2516 2000 2810 2066 expertes
2837 1988 3035 2050 habiti
3069 1996 3223 2066 sint,

428 2087 700 2149 subinde
723 2097 936 2147 tamen
967 2106 1002 2146 a
1032 2091 1225 2147 nimio
1246 2086 1478 2147 veteris
1496 2085 1657 2162 juris
1685 2090 1898 2161 rigore
1935 2105 2010 2146 ac
2032 2085 2369 2146 severitate
2411 2091 2679 2147 multum
2710 2090 3061 2147 relaxatum
3096 2095 3221 2155 est,

436 2186 560 2242 hoc
592 2190 797 2256 pacto,
824 2189 895 2239 ut
923 2198 1050 2240 non
1084 2178 1200 2241 nisi
1232 2182 1313 2239 ab
1348 2182 1660 2257 ejusjuris
1682 2198 1838 2252 usu,
1870 2183 2040 2254 quod
2074 2182 2403 2255 proprium
2435 2189 2599 2240 essct
2645 2183 2877 2243 civium
2910 2185 3227 2240 Romano-

438 2301 614 2348 rum.
653 2286 1029 2355 plerumque
1055 2280 1093 2355 ¹)
1146 2284 1637 2355 prohiberentur
1666 2278 2019 2356 peregrini,
2071 2297 2192 2339 nec
2225 2297 2485 2354 prorsus
2515 2288 2813 2339 carerent
2833 2282 2982 2355 jure
3024 2280 3229 2338 standi

439 2381 499 2436 in
521 2379 795 2453 judiciis,
827 2378 898 2436 iis
915 2393 1193 2450 quoque,
1227 2394 1393 2451 quae
1418 2383 1850 2436 Romanorum
1869 2393 2047 2436 more
2073 2385 2541 2451 peragerentur
2567 2374 2637 2443 2).
2662 2374 2805 2434 Jam
2831 2392 2988 2435 vero
3011 2377 3231 2434 laben-

437 2480 602 2537 tibus
619 2479 844 2536 scculis
874 2484 1066 2551 atque
1095 2478 1157 2535 in
1188 2495 1387 2536 unum
1416 2481 1589 2536 velut
1610 2473 2120 2550 conspirantibus
2145 2485 2211 2535 et
2239 2478 2522 2535 moribus
2552 2484 2614 2534 et
2639 2473 2879 2548 legibus
2900 2473 2944 2547 3)
2967 2518 2983 2544 ,
3006 2491 3086 2534 eo
3120 2477 3230 2533 de·

437 2581 695 2632 ventum
728 2579 859 2642 est,
890 2581 961 2630 ut
992 2577 1236 2645 privata
1263 2565 1518 2645 quidem
1545 2574 1730 2647 jura,
1769 2570 1885 2630 nisi
1915 2589 2082 2645 quae
2109 2574 2515 2642 peculiariter
2538 2568 2776 2630 civibus
2813 2573 3045 2645 scripta
3068 2572 3226 2640 sint,

438 2664 786 2742 peregrinis
816 2668 1180 2726 communia
1208 2683 1344 2726 esse
1372 2670 1621 2726 soleant
1646 2684 1793 2726 cum
1822 2669 1953 2742 his,
1998 2665 2105 2741 qui
2134 2669 2387 2726 civitate
2434 2670 2715 2739 gaudent
2741 2664 2810 2742 ⁴).
2847 2671 3021 2725 Inter
3063 2667 3231 2725 cives

439 2777 654 2827 autem
698 2777 763 2827 et
797 2770 1169 2843 peregrinos
1197 2769 1477 2827 medium
1515 2771 1995 2843 quodammodo
2034 2772 2244 2828 locum
2288 2777 2511 2828 tenent
2541 2771 2818 2837 incolae,
2849 2771 2888 2829 i.
2921 2785 2976 2827 e.
3017 2770 3124 2841 qui
3166 2769 3230 2825 in

439 2868 584 2923 loco
613 2866 830 2937 aliquo
855 2861 1046 2922 vitam
1074 2872 1389 2938 perpetuo
1428 2866 1702 2936 degunt,
1754 2881 1876 2923 nec
1918 2873 2135 2924 tamen
2166 2867 2491 2924 civitatem
2535 2862 2747 2938 adepti
2781 2872 2929 2923 sunt
2958 2863 3022 2929 ⁵).
3054 2867 3232 2923 Com-

437 2961 760 3017 municata
785 2975 940 3017 vero
962 2975 1108 3017 cum
1136 2961 1450 3032 omnibu8‚
1483 2962 1590 3032 qui
1614 2962 1731 3019 sub
1754 2957 2023 3034 imperio
2046 2964 2325 3019 Romano
2350 2969 2557 3037 erant,
2585 2963 2835 3020 civitate
2862 2960 3231 3033 Romanass),

437 3059 774 3117 discrimen
799 3059 952 3117 illud
975 3060 1142 3117 inter
1171 3056 1335 3117 cives
1360 3067 1553 3132 atque
1581 3056 1819 3119 incolas
1853 3076 1985 3119 non
2010 3061 2123 3119 nisi
2149 3062 2214 3118 in
2236 3062 2708 3133 angustioribus
2736 3060 3232 3132 municipiorum

439 3157 659 3229 hisque
682 3151 976 3213 similium
996 3156 1476 3214 universitatum
1504 3157 1756 3214 circulis
1779 3162 2101 3214 retentum
2127 3164 2245 3216 est.

916 3348 942 3419 §
972 3348 1114 3407 188.
1157 3346 1240 3403 De
1259 3362 1346 3415 oo,
1369 3344 1518 3423 quod
1544 3345 1697 3403 inter
1720 3345 1869 3423 ipsos
1896 3346 2036 3405 cives
2060 3346 2391 3416 intercedat,
2412 3346 2756 3409 discrimine.

523 3554 732 3623 Neque
760 3564 912 3607 vcro
939 3566 1057 3622 par
1087 3557 1182 3608 est
1201 3551 1484 3609 omnium
1504 3595 1520 3622 ‚
1551 3552 1658 3624 qui
1692 3553 2012 3611 communi
2042 3552 2209 3611 inter
2235 3569 2302 3611 se
2333 3548 2600 3612 civitatis
2625 3556 2877 3614 vinculo
2901 3556 3235 3614 continen-

440 3657 578 3717 tur,
603 3649 886 3708 conditio
925 3645 1208 3725 jurisque
1243 3651 1478 3722 publici
1503 3666 1676 3708 usus.
1715 3651 1827 3707 Atii
1858 3651 2094 3709 etenim
2126 3658 2453 3724 tamquam
2481 3648 2931 3711 excellentiore
2957 3655 3237 3725 gaudent

437 3748 718 3821 civitate,
748 3744 850 3807 alii
872 3748 1171 3807 inferiore
1197 3756 1264 3807 et
1304 3753 1472 3808 velut
1506 3750 1883 3824 imperfecto
1913 3747 2143 3808 civium
2175 3753 2324 3825 jure
2360 3759 2655 3809 utuntur.
2701 3754 2915 3812 Melior
2950 3760 3046 3811 est
3075 3769 3237 3812 non-

504 3936 551 3992 5)
572 3936 621 3981 1..
645 3933 722 3983 50.
749 3939 801 3982 Ι).
825 3936 891 3982 de
912 3935 1182 3989 usufruct.
1198 3938 1316 3994 (vn,
1346 3937 1408 3996 1.)
1435 3960 1493 3967 -
1519 3941 1570 3985 1..
1594 3938 1642 3985 8.
1665 3943 1720 3985 t).
1740 3940 1807 3986 de
1935 3938 1983 3994 ⁶2)
2006 3939 2113 3985 vid.
2139 3938 2255 3994 Gaji
2276 3938 2387 3985 inst.
2412 3941 2491 3986 lv.
2517 3942 2542 3995 S
2564 3939 2643 3986 57.
2664 3946 2712 3985 et
2736 3938 2843 3988 105.

446 4009 549 4042 usu
566 4003 620 4044 et
643 3999 819 4051 usufr.
844 4003 898 4044 ec
922 4000 1034 4046 red.
1056 4002 1282 4055 (xxxin.
1308 4002 1375 4060 2.)
1401 4026 1454 4034 —
1480 4004 1532 4047 L.
1558 4001 1635 4049 24.
1661 4016 1734 4061 pr.
1759 4008 1810 4050 et
1936 4001 1985 4055 5)
2012 4001 2151 4047 Auth.
2178 4003 2307 4047 Frid.
2329 4014 2511 4048 omnes
2526 4004 2796 4063 pereat-ini
2818 4004 2934 4049 Cod.
2956 4013 3144 4049 comm.
3168 3998 3235 4046 de

444 4062 469 4115 3
492 4060 536 4103 1.
564 4062 616 4105 C.
646 4062 712 4107 dc
731 4072 935 4108 sacros.
961 4065 1086 4109 eccl.
1115 4065 1179 4119 (l,
1199 4061 1268 4122 2.)
1874 4063 2245 4111 successionib.
2273 4064 2371 4121 (Vt,
2394 4062 2495 4121 50.)

507 4120 554 4171 4)
579 4124 775 4179 Le2rser
795 4137 865 4180 sp.
891 4127 916 4179 ξ
938 4124 985 4169 6.
1010 4137 1078 4170 m.
1104 4124 1150 4170 4.
1178 4122 1515 4177 —Hofaclser
1535 4126 1687 4184 princ.
1708 4125 1810 4182 jur.
1941 4126 1988 4179 4)
2015 4124 2283 4177 Hofaclcer
2305 4128 2509 4183 princip.
2529 4127 2629 4182 jnr.
2651 4127 2778 4172 civil.
2806 4128 2940 4172 Rom.
2978 4128 3147 4172 Germ.
3177 4149 3231 4158 —

444 4182 576 4255 civil.
596 4187 732 4231 Rom.
756 4187 919 4229 Germ.
947 4187 1002 4232 T.
1029 4189 1088 4233 lt.
1110 4189 1135 4241 S
1157 4185 1293 4234 1682.
1319 4196 1419 4234 not.
1446 4202 1489 4233 c.
1870 4186 2144 4244 Hoepfuer·
2163 4192 2211 4232 et
2237 4188 2440 4234 ll'eber
2460 4190 2522 4233 im
2545 4191 2854 4234 commentar
2872 4193 2897 4244 ξς
2914 4188 2996 4234 91.

507 4242 556 4300 b)
603 4249 756 4301 Quam
788 4248 990 4293 Romani
1028 4250 1132 4304 jam
1173 4262 1270 4296 non
1308 4262 1498 4307 semper
1529 4250 1681 4295 secuti
1703 4262 1808 4295 esse
1932 4249 1979 4307 5)
2004 4251 2055 4296 1..
2080 4248 2125 4295 7.
2155 4251 2207 4295 C.
2242 4248 2311 4294 de
2344 4250 2531 4297 incolis
2567 4253 2637 4307 x,
2671 4250 2751 4297 59.
2777 4252 2793 4305 (
2812 4266 2837 4291 ιι
2861 4253 2998 4296 Cives
3030 4248 3235 4305 quidem

441 4306 906 4356 videntm·.—1..68.
922 4323 998 4367 pr.
1015 4313 1069 4358 ι).
1085 4311 1159 4358 ad
1178 4313 1809 4370 L.Fa!cic1.(xxxv,2.)-
1872 4316 2007 4369 origo
2028 4346 2042 4367 ,
2064 4312 2406 4365 manumissio,
2426 4314 2649 4370 allectio,
2671 4315 2743 4357 vet
2767 4314 2964 4369 adoptio
2987 4310 3234 4369 [Dira-sen

447 4369 637 4416 Ae‘mt‘l.
666 4374 854 4417 Macer·
875 4373 924 4418 1..
952 4375 1007 4418 lt.
1026 4378 1086 4419 ad
1110 4378 1201 4429 leg.
1230 4376 1371 4420 vices.
1397 4376 1637 4420 bered.—-
1662 4377 1721 4419 F.
1744 4378 1809 4420 Α.
1875 4376 1998 4421 Abh.
2024 4376 2079 4418 lt.
2109 4386 2157 4429 p.
2183 4371 2315 4429 5084
2335 4407 2349 4429 ,
2372 4376 2553 4420 incolas
2573 4388 2715 4432 vero,
2736 4376 2857 4420 sicut
2878 4382 2927 4419 et.
2952 4376 3004 4419 D.
3030 4373 3234 4418 Hadria-

442 4431 746 4478 Sclimelzet·
766 4436 826 4478 de
849 4434 1187 4489 probabilitate
1209 4438 1337 4481 vitae
1365 4438 1568 4494 ejusque
1604 4449 1690 4482 usu
1725 4438 1803 4482 fo·
1866 4450 1954 4482 nus
1979 4437 2137 4481 edicto
2161 4448 2246 4480 suo
2281 4438 2676 4482 manifestissime
2708 4437 3000 4491 declaravit,
3023 4434 3234 4480 domici·

445 4495 595 4545 rensi.
619 4501 881 4540 comment.
907 4498 1054 4552 prior.
1076 4499 1209 4544 Gott.
1233 4496 1374 4546 1787.
1393 4499 1442 4545 8.
1867 4501 1985 4544 tium
2011 4498 2205 4556 facita»)
2227 4520 2289 4531 —
2313 4500 2363 4544 l..
2384 4497 2464 4544 29.
2492 4501 2634 4545 stad
2654 4498 3041 4555 municipalem.
3066 4498 3138 4553 (L,
3158 4497 3178 4540 1
3200 4498 3233 4551 .)

507 4553 555 4610 6)
578 4557 877 4603 Sclemelzer
899 4559 933 4604 l.
956 4559 990 4603 1.
1015 4561 1170 4615 praef.
1196 4571 1244 4616 p.
1270 4562 1349 4607 tv.
1872 4561 2003 4605 —Ctl
2034 4559 2135 4607 Cic.
2164 4563 2223 4606 de
2245 4560 2373 4607 offic.
2399 4562 2436 4616 1.,
2459 4559 2540 4607 34.
2575 4563 2623 4606 in
2650 4562 2687 4606 f.

506 4614 556 4675 7)
578 4618 738 4676 Propt.
763 4620 950 4663 dictum
973 4622 1049 4665 Ps.
1069 4623 1163 4665 xC.
1187 4635 1231 4666 v.
1260 4620 1334 4667 10.
1360 4648 1422 4658 -
1444 4623 1516 4669 cf.
1543 4621 1809 4677 Horae-ket·
1931 4623 2041 4675 tm..
2058 4621 2133 4668 17.
2157 4625 2209 4668 D.
2231 4623 2297 4668 de
2319 4626 2464 4669 statu
2483 4624 2895 4670 lionam—thum
2913 4622 2966 4667 C.
2986 4618 3233 4667 dededit.

442 4680 478 4724 l.
506 4680 537 4722 Ι.
563 4676 664 4724 not.
691 4693 733 4723 e.
757 4682 792 4726 f.
819 4706 873 4712 -—
898 4684 1086 4727 Caeter.
1110 4684 1208 4728 vid.
1238 4685 1426 4730 Prcuss.
1455 4687 1727 4732 Landrecht
1754 4689 1804 4733 Ρ.
1871 4683 1956 4729 lib.
1980 4685 2083 4730 loll.
2109 4686 2226 4739 (Vll,
2248 4683 2316 4741 5.)
2342 4687 2464 4730 -L.
2491 4698 2576 4732 un.
2600 4688 2652 4731 C.
2677 4684 2744 4731 de
2765 4687 2857 4732 tal.
2878 4684 2968 4731 lib.
2987 4683 3095 4729 loll.
3112 4682 3232 4737 (vll,

442 4741 506 4788 tt.
533 4742 630 4787 Tit.
657 4742 974 4796 xx*1tt.§822
1001 4770 1060 4777 —
1082 4742 1194 4790 855.
1871 4745 1943 4803 6.)
1961 4773 2013 4780 -
2030 4748 2146 4793 Nov.
2169 4746 2249 4793 78.
2275 4760 2318 4791 c.
2347 4745 2389 4792 1.
2411 4755 2457 4792 et
2475 4745 2524 4793 5.
2545 4749 2687 4806 —(C.
2710 4749 2765 4792 G.
2788 4746 3053 4803 Ilaubold)
3077 4745 3155 4789 Pr.
3174 4754 3237 4788 ex

1048 4834 1073 4885 3
1106 4829 1215 4877 ¹87·
1875 4808 2221 4854 constitutione
2243 4811 2365 4865 imp.
2390 4811 2613 4855 Antonini
2636 4811 2909 4867 quomodo,
2935 4810 3017 4865 qui
3043 4809 3090 4852 in
3113 4804 3235 4849 orbe

756 4925 764 4932 ι
1877 4872 2091 4916 nomano
2101 4880 2280 4921 essent.
2294 4873 2417 4916 cives
2434 4873 2631 4919 Romani
2644 4871 2801 4918 effecti
2819 4872 2934 4917 siut.
2950 4873 3072 4929 Lips.
3092 4864 3233 4915 1819.

515 4923 554 4978 l)
578 4924 693 4970 Nam
722 4926 817 4970 nid,
844 4937 885 4970 v.
911 4938 954 4971 c.
981 4925 1094 4980 Gaje‘
1119 4927 1226 4973 inst.
1252 4929 1287 4973 l.
1307 4930 1331 4983 S
1354 4926 1429 4975 50.
1457 4926 1535 4974 57.
1875 4932 1919 4978 4.
1946 4956 1999 4965 «-
2029 4934 2099 4979 cf.
2126 4938 2174 4981 et
2199 4935 2323 4980 infra
2348 4936 2373 4989 S
2399 4932 2501 4981 195.
