3544 5506
901 340 1041 385 cn.
1080 341 1176 384 m.
1220 341 1294 384 nn
1335 341 1509 387 suns
1541 344 1616 388 nr
1654 340 2211 392 mmmarion
2246 347 2318 391 n·
2358 347 2491 391 usu.
3028 338 3099 394 725

272 446 398 512 toni
432 466 631 527 posse
653 453 861 526 legem
882 459 1149 526 propter
1183 460 1498 515 mutatam
1528 464 1642 516 aut
1661 473 2089 532 personarum
2107 502 2126 537 ‚
2163 468 2278 519 aut
2306 475 2525 520 rerum
2544 503 2563 536 ,
2597 468 2710 520 aut
2728 467 3096 537 temporum

275 551 742 612 conditionem.
774 553 979 631 Quid?
1024 555 1201 628 quod
1227 555 1420 614 etiam
1453 558 1722 617 emedio
1748 559 2003 619 sublato
2032 560 2170 633 ipso
2198 565 2578 633 argumento
2606 561 2790 633 iegati
2812 605 2835 633 ,
2874 568 3091 623 tamen

270 651 873 827 ἓξῗὶίιειζξξξίοῗῗ
897 657 1111 726 potest
1129 654 1395 725 regulae
1432 656 1818 717 constitutae
1843 672 2031 728 usus3
2060 658 2142 717 de
2170 673 2301 734 quo
2322 658 2580 733 quidem
2603 658 2766 718 inira
2799 661 2854 734 (S
2895 662 2994 730 67)
3008 661 3104 719 di-

288 915 320 987 ς
355 914 460 976 66.
500 910 562 989 d)
611 914 1083 988 Dearqumento
1110 915 1305 991 legali
1316 917 1515 980 ejure
1533 917 1951 1068 lisseiacum,
1981 921 2253 979 mam'me
2271 920 2645 980 ePandectz’s
2661 925 2846 995 atque
2869 920 3097 993 abdet-e,

1563 1024 1681 1066 eru
1845 1051 1861 1067 .

354 1185 510 1243 Cum
528 1184 695 1261 juris
708 1185 1078 1245 iustinianei
1094 1185 1238 1245 iibri
1253 1228 1272 1263 ‚
1294 1201 1334 1244 a
1353 1185 1541 1259 legali
1558 1185 1989 1260 praecipiendi
2005 1186 2258 1245 ratione
2276 1200 2509 1258 magna
2525 1200 2599 1244 ex
2623 1190 2805 1259 parte
2831 1185 3091 1260 remoti,

268 1289 384 1342 aut
411 1284 693 1358 speciem
706 1301 863 1361 prae
894 1300 963 1345 se
984 1284 1195 1345 ferant
1224 1286 1641 1361 scriptorum,
1662 1286 1896 1354 quibus
1920 1286 2001 1345 de
2022 1287 2213 1345 rebus
2254 1286 2337 1343 ad
2364 1291 2571 1345 artem
2614 1291 2901 1345 nostram
2951 1298 3088 1357 spe-

266 1383 592 1442 ctantibus
615 1383 816 1443 iibere
834 1384 1224 1460 disputatur,
1262 1390 1376 1443 aut
1403 1384 1468 1443 in
1498 1384 1756 1457 singulis
1783 1385 2295 1460 quaestionibus,
2328 1400 2407 1445 ex
2453 1384 2625 1444 racto
2672 1384 2756 1443 ad
2788 1383 3100 1442 definien-

264 1482 422 1542 dum
464 1482 819 1556 propositis
836 1525 854 1553 ‚
887 1489 1256 1560 versentur,
1286 1484 1529 1544 idcirco
1561 1483 1899 1559 interpreti
1925 1485 1991 1544 in
2023 1484 2176 1556 legis
2211 1490 2591 1557 argumento
2639 1483 2929 1543 eruendo
2950 1496 3089 1540 sae-

267 1576 533 1651 pissime
558 1579 683 1638 erit
704 1578 1215 1643 allaborandum.
1247 1583 1386 1657 Quo
1418 1578 1678 1639 nomine
1714 1581 1798 1639 ad
1819 1580 1981 1639 haec
2004 1579 2276 1639 maxime
2308 1580 2593 1638 animum
2614 1578 2906 1637 attendat
2932 1575 3095 1651 juris

263 1669 543 1733 Romani
566 1673 887 1748 interpres
917 1689 937 1732 t
968 1675 1026 1749 1)
1055 1680 1132 1733 ut
1157 1674 1533 1748 plerumque
1559 1689 1692 1734 non
1732 1674 2075 1748 separatim
2101 1691 2179 1735 ex
2205 1689 2273 1734 se
2292 1675 2574 1747 singulos
2598 1673 2765 1749 juris
2784 1670 3083 1733 ,iustinia-

264 1767 367 1826 nei
391 1768 576 1829 iocos
599 1771 821 1828 consid
832 1775 977 1829 eret
1000 1813 1017 1842 ,
1048 1770 1162 1829 sed
1181 1770 1497 1829 rationem
1523 1770 1757 1829 habeat
1784 1784 1983 1830 nexus
2010 1786 2087 1830 ac
2112 1770 2299 1830 seriei
2321 1814 2340 1848 ,
2364 1786 2491 1845 qua
2514 1769 2761 1843 singula
2784 1767 3094 1844 cujusque

263 1862 432 1922 tituli
462 1862 826 1937 fragmenta
843 1865 1012 1925 inter
1048 1879 1116 1925 se
1140 1872 1289 1926 sunt
1315 1872 1464 1940 apta
1494 1867 1540 1943 (S
1581 1865 1685 1926 55.
1708 1881 1812 1926 nr.
1842 1864 1970 1931 Vl.)
1987 1908 2005 1942 ,
2032 1871 2171 1925 tum
2194 1880 2351 1925 vero
2376 1865 2645 1924 maxime
2673 1865 2897 1923 seduia
2924 1864 3089 1925 simi-

264 1958 420 2018 lium
435 1959 613 2019 inter
625 1975 694 2020 se
715 1958 884 2019 sacta
901 1962 1388 2034 comparatione
1403 1975 1813 2021 communem
1829 1961 2152 2036 quandam
2166 2007 2184 2036 ‚
2207 1976 2377 2036 quae
2406 1959 2473 2019 in
2488 1959 2706 2021 omnia
2720 1960 3059 2019 conveniat
3075 2024 3095 2054 ‚

267 2059 564 2132 reguiam
586 2059 822 2118 efficiat
852 2056 936 2137 “);
967 2062 1029 2134 2)
1076 2068 1184 2137 ut,
1224 2076 1420 2137 quam
1456 2061 1523 2119 in
1548 2060 1813 2136 singuiis
1855 2062 2058 2121 causis
2082 2060 2498 2139 diiudicandis
2518 2061 2680 2136 juris
2731 2061 2933 2121 nostri
2968 2076 3080 2119 au·

268 2159 483 2214 ctores
503 2154 710 2215 secuti
728 2154 855 2213 sint
871 2158 1161 2230 regulam
1183 2153 1270 2230 ἀ)
1296 2200 1316 2231 ,
1340 2156 1671 2229 investiget
1684 2200 1702 2233 ‚
1724 2156 2178 2231 inventamque
2196 2163 2270 2216 ut
2292 2155 2455 2231 juris
2475 2161 2895 2233 praeceptum
2910 2198 2929 2228 ,
2952 2156 3088 2216 aliis

269 2268 535 2327 quoque
592 2254 802 2313 causis
843 2255 1447 2331 quaestionibusque
1491 2256 1791 2315 adhibeat
1825 2252 1870 2327 ²>
1893 2298 1911 2327 ‚
1947 2256 2066 2316 nisi
2105 2263 2220 2315 aut
2263 2257 2428 2333 juris
2461 2255 2621 2315 certi
2663 2261 2858 2329 atque
2901 2256 3074 2315 baud

271 2349 444 2409 dubii
474 2350 744 2422 regulae
785 2351 1205 2410 adversentur
1230 2350 1278 2425 ⁸)
1297 2400 1318 2432 ‚
1348 2357 1460 2410 aut
1493 2366 1576 2411 ex
1612 2351 1760 2426 ipsis
1798 2351 2194 2427 potissimum
2236 2367 2459 2414 rerum
2501 2351 2893 2426 argumentis
2919 2351 3091 2426 judi-

273 2445 461 2504 candi
494 2445 820 2504 rationem
855 2446 1117 2520 petitam
1157 2461 1331 2518 esse,
1360 2446 1698 2507 manifesto
1733 2454 2048 2521 appareat
2067 2444 2134 2520 ι).
2162 2450 2226 2517 5)
2251 2448 2434 2524 Quod
2456 2447 2508 2506 si
2538 2447 2930 2523 quaestionis
2973 2447 3087 2507 ali-

273 2543 461 2618 cuius
481 2545 852 2618 propositae
876 2553 991 2605 aut
1013 2546 1080 2606 in
1104 2546 1404 2619 ambiguo
1425 2547 1646 2607 relicta
1668 2553 1766 2606 est
1793 2547 2124 2621 responsio
2140 2593 2158 2624 ,
2181 2553 2295 2606 aut
2318 2548 2719 2608 diversorum
2748 2552 3084 2607 auctorum

276 2644 733 2717 responsiones
767 2646 1253 2721 sententiaeque
1284 2646 1737 2722 proferuntur,
1769 2662 1982 2721 neque
2008 2646 2133 2706 loci
2159 2646 2347 2723 hujus
2382 2651 2643 2724 auctor,
2676 2645 2932 2705 cuinam
2959 2645 3092 2720 ipse

291 2743 685 2817 potissimum
722 2746 1043 2806 calculum
1069 2762 1256 2807 suum
1280 2746 1588 2824 adiecerit
1603 2790 1622 2825 ‚
1645 2746 1881 2807 diserte
1903 2746 2300 2821 significavit,
2338 2752 2477 2806 tum
2499 2745 2661 2807 haec
2695 2746 2966 2805 maxime
2989 2751 3088 2805 at-

283 2840 602 2899 tendenda
625 2847 778 2899 sunt
805 2841 1175 2916 interpreti:
1195 2842 1474 2915 primum
1493 2886 1511 2916 ,
1536 2857 1693 2902 num
1720 2843 1787 2902 in
1810 2842 1945 2916 ipsa
1970 2842 2487 2916 interrogationis
2507 2842 2712 2917 ngura
2730 2841 2878 2901 insit
2898 2856 3092 2917 quae-

272 2939 420 3000 dam
474 2943 907 3014 respondendi
942 2949 1223 3016 potestas
1245 2939 1345 3020 ι’);
1383 2942 1641 3016 deinde,
1688 2943 1917 3018 quibus
1947 2949 2012 3003 et
2051 2943 2120 3002 in
2156 2942 2536 3003 affirmando
2578 2949 2646 3003 et
2685 2942 2751 3001 in
2797 2944 3092 3016 negando

271 3041 622 3101 verborum
662 3041 950 3103 formulis
975 3043 1068 3102 uti
1095 3043 1542 3103 consueverint
1568 3042 1729 3117 iuris
1750 3043 1953 3103 nostri
1978 3050 2273 3104 auctores
2306 3039 2358 3119 ⁸)
2373 3083 2391 3113 ‚
2429 3047 2567 3101 tum
2592 3057 2671 3101 ea
2709 3042 3080 3116 accipienda

274 3146 372 3198 est
396 3141 757 3218 sententia,
798 3157 967 3216 quae
1007 3150 1121 3201 aut
1162 3143 1449 3219 ejusdem
1494 3142 1775 3202 auctoris
1805 3142 2208 3216 opinionibus
2246 3140 2391 3201 alibi
2427 3141 2724 3216 prolatis,
2769 3147 2882 3200 aut
2919 3142 3083 3217 juris

274 3235 633 3296 communis
673 3236 903 3297 rationi
937 3238 1138 3312 magis
1176 3237 1562 3298 conveniens
1599 3244 1696 3297 est
1739 3234 1827 3313 ⁷),
1877 3237 2149 3313 denique
2192 3252 2336 3297 eam
2376 3237 2763 3310 adprobasse
2811 3237 3088 3310 scriptor

274 3338 579 3393 censetur
599 3333 981 3394 sententiam
996 3376 1018 3414 ,
1044 3347 1239 3409 quam
1279 3331 1508 3394 ultimo
1533 3332 1682 3394 loco
1702 3332 1968 3409 protulit
1978 3328 2048 3410 ⁸).
2088 3333 2196 3393 Cui
2222 3331 2436 3393 similis
2459 3333 2713 3395 videtur
2736 3345 2875 3393 esse
2902 3332 3091 3392 unius

331 3536 768 3599 nunnunquam
779 3540 978 3600 accidit,
996 3546 1053 3589 ut
1070 3541 1429 3601 iegemcessare
1450 3554 1650 3593 neeesse
1772 3539 1826 3603 4)
1855 3538 2106 3590 Auctoris
2145 3539 2296 3587 Diatr.
2319 3537 2405 3586 tib.
2425 3536 2506 3585 die
2541 3535 2772 3586 Prioriut
2801 3535 2888 3584 des
2905 3536 3082 3585 Todes.
3147 3567 3150 3568 ν

275 3601 358 3659 sit,
376 3604 453 3649 vei
473 3603 676 3659 objecto
696 3604 815 3662 legis
833 3606 1091 3652 deficiente
1111 3605 1277 3662 (veluti
1297 3606 1446 3655 servis
1465 3605 1649 3666 bodie),
1711 3604 1924 3664 (ArcbiV.
1945 3604 2027 3651 mr
2048 3603 2244 3652 civilist.
2268 3601 2433 3649 Praxis
2452 3601 2534 3647 iv.
2565 3614 2614 3660 p.
2632 3597 2746 3648 395.
2768 3597 2903 3658 396.)

277 3664 350 3710 vei
390 3665 784 3713 institutionibus
826 3667 1032 3714 sublatis
1071 3670 1147 3715 vel
1189 3667 1435 3725 abrogatis
1475 3670 1649 3730 (veluti
1772 3665 1821 3726 5)
1837 3670 1887 3717 C.
1905 3670 1961 3715 G.
1984 3664 2234 3714 Haubold
2250 3664 2396 3723 (resp.
2421 3661 2886 3720 Geissenlsoelmsr)
2896 3661 3088 3709 observ.

272 3726 430 3773 ’meli
443 3727 576 3783 1⁰5⁸
589 3727 824 3785 judiclh).
847 3729 932 3776 Sin
954 3740 1071 3778 vero
1089 3728 1183 3788 legi
1211 3739 1354 3776 causa
1377 3737 1471 3790 est,
1500 3744 1649 3793 quam
1711 3727 1775 3776 de
1793 3739 2134 3788 responsorum
2154 3727 2428 3774 mediorum
2450 3726 2500 3771 in
2519 3726 2721 3784 Digestis
2740 3726 2995 3773 obviorum
3018 3724 3093 3770 in-

271 3784 418 3834 bodie
439 3790 692 3848 applicare
727 3792 901 3848 possis,
922 3791 1015 3838 rite
1032 3803 1141 3841 eam
1169 3792 1507 3854 applicaveris.
1530 3807 1577 3843 e.
1601 3807 1652 3854 g.
1716 3791 2233 3852 terpretatione(1.ips.
2257 3785 2399 3836 1805.
2432 3785 2501 3847 4.)
2520 3801 2563 3834 c.
2589 3789 2651 3836 ιι.
2674 3784 2940 3844 88.—(Cf.
2965 3787 3018 3832 1..
3039 3784 3089 3833 4.

270 3849 327 3897 1..
351 3851 415 3898 22
438 3852 494 3899 D.
513 3851 585 3900 de
604 3854 803 3900 Donat.
826 3853 1048 3915 (unx,
1078 3851 1147 3911 5.)
1172 3855 1227 3903 Ε.
1252 3855 1336 3914 6.]
1716 3857 1743 3912 ς
1763 3855 1811 3901 1.
1835 3856 1891 3902 D.
1914 3853 1981 3900 de
2001 3864 2092 3915 eo,
2115 3850 2263 3912 quod
2279 3855 2426 3900 certo
2447 3851 2559 3899 loco
2577 3850 2724 3921 (xiil7
2746 3844 3093 3906 Aio-aliaque

1715 3917 1940 3975 exempla
1961 3915 2024 3963 ab
2056 3914 2331 3963 Bauboldo
2368 3911 2421 3959 in
2460 3911 2606 3969 hujus
2647 3922 2720 3958 rei
2757 3909 3090 3958 testimonium

949 3975 1032 4027 66.
1753 3981 1925 4026 roiata.

907 3980 934 4035 ς
1717 3989 1750 4038 p
1776 4042 1827 4101 6)
1857 3979 2081 4097 11ngle
2115 4044 2168 4087 et
2210 4033 2510 4096 Griesinqer
2550 4035 2584 4082 i.
2606 4035 2644 4080 1.
2667 4030 2774 4092 ς45
2816 4056 2876 4068 -·
2914 4031 2995 4083 48.
3025 4059 3088 4071 -

337 4100 386 4158 1)
416 4099 497 4148 ΕΙ.
515 4101 545 4156 3
564 4096 650 4150 62.
686 4105 791 4148 not.
810 4098 865 4150 7.
886 4103 913 4158 S
929 4100 1012 4153 64.
1034 4107 1139 4152 not.
1163 4105 1189 4152 1
1212 4117 1322 4168 sqq.
1345 4132 1405 4143 -
1432 4105 1657 4157 mbaut
1711 4103 1963 4150 Haubold
1980 4105 2017 4151 i.
2037 4105 2072 4150 ι.
2092 4115 2137 4151 c.
2157 4101 2216 4149 ii.
2239 4103 2265 4158 ς
2284 4101 2310 4146 1
2335 4123 2393 4135 -
2422 4095 2473 4146 7.
2500 4094 2834 4157 —Kreyuiq
2853 4098 2905 4146 in
2926 4100 2982 4145 D.
3002 4110 3089 4145 su-

270 4162 308 4209 l·
331 4163 368 4209 ¹·
387 4163 416 4218 5
434 4164 521 4209 ³2·
1714 4176 1802 4222 pra
1821 4166 1866 4224 (ς
1881 4161 1961 4213 55.
1980 4168 2084 4213 not.
2103 4163 2173 4224 4.)
2191 4163 2274 4212 cit.
2295 4165 2321 4218 ς
2339 4160 2370 4209 8
2390 4171 2499 4219 sqq.
2522 4179 2586 4193 -
2613 4161 2736 4209 621².
2754 4160 3087 4209 freis-slehen

335 4226 423 4283 1ο)
456 4239 487 4269 α
508 4226 765 4274 Rationem
783 4225 1040 4274 decidendi
1060 4246 1083 4270 ι-
1110 4235 1302 4278 vocant.
1714 4227 1825 4283 (Pr.
1852 4227 2148 4286 Bauboldo)
2175 4226 2313 4284 Spec.
2328 4224 2428 4283 Jur.
2440 4224 2580 4270 Rom.
2602 4219 2665 4268 de
2682 4221 3092 4284 adlegationibus,

339 4289 394 4349 2)
423 4288 504 4335 (ΖΙ.
527 4290 556 4344 ς
575 4287 659 4337 61.
690 4295 793 4338 not.
815 4290 866 4338 3.
894 4314 950 4323 —
975 4289 1199 4338 Thebane
1214 4295 1241 4350 ς
1261 4295 1345 4343 33.
1714 4300 1842 4346 quae
1863 4290 2065 4338 veterib.
2088 4290 2218 4336 JCtis
2245 4289 2298 4335 in
2322 4298 2412 4334 usu
2432 4287 2634 4333 ruerunt
2664 4284 2810 4343 (Lips.
2841 4281 2982 4333 1820.
3014 4283 3085 4342 4.)

335 4351 388 4409 8)
416 4349 531 4397 vid.
572 4351 827 4399 Auctoris
861 4352 1058 4399 Cession
1091 4353 1141 4399 d.
1183 4355 1655 4413 Fon-derungsn-echte
1715 4363 1759 4397 c.
1784 4352 1867 4398 111.
1892 4376 1950 4386 -
1971 4355 2062 4399 Fr.
2087 4350 2301 4397 Haenel
2324 4351 2589 4396 comment.
2611 4346 2674 4393 de
2696 4346 2956 4395 verborum
2987 4349 3091 4395 for-

270 4424 325 4471 p.
358 4408 455 4460 125
486 4422 599 4472 sqq,
632 4426 686 4472 p.
729 4413 822 4463 172
842 4424 918 4473 sq.
939 4427 990 4474 p.
1028 4411 1125 4462 458
1146 4427 1251 4474 sqq.
1272 4418 1379 4476 (ed.
1400 4419 1503 4472 2.).
1520 4441 1582 4452 -
1599 4421 1653 4466 in
1714 4414 1883 4472 mulis,
1904 4415 2080 4472 quibus
2101 4412 2205 4459 JCti
2225 4417 2409 4460 veteres
2431 4410 2575 4457 simui
2593 4413 2645 4456 et
2665 4409 2911 4457 affirmare
2931 4414 2981 4456 et
3008 4413 3087 4458 ai-

268 4475 521 4533 ambiguis
543 4481 711 4522 tamen
731 4477 1141 4537 existimandum,
1162 4489 1220 4524 ex
1234 4478 1364 4534 juris
1382 4481 1654 4527 communis
1717 4474 1947 4524 firmandi
1985 4476 2226 4524 rationem
2271 4473 2542 4534 significare
2582 4472 2714 4519 soliti
2754 4475 2886 4519 sunt.
2928 4472 3080 4533 (Lips.

268 4538 553 4597 praeceptis
573 4538 765 4594 dejure
794 4539 1086 4596 respondere
1106 4546 1191 4587 aut
1205 4539 1426 4596 judicare
1456 4554 1663 4589 consue·
1723 4533 1865 4586 1821.
1884 4534 1955 4597 8.)

270 4600 402 4646 visse
414 4599 542 4655 juris
554 4602 707 4647 nostri
718 4602 1141 4649 auctores.—Vid.
1153 4604 1449 4652 Ger.Noodt
1460 4605 1659 4654 Dioclet.
1789 4597 1839 4658 7)
1857 4598 2081 4658 Rapotla
2101 4603 2129 4658 ς
2147 4594 2229 4647 48.

267 4666 324 4708 et
337 4662 630 4710 naximian.
651 4664 1005 4722 c.2.—-Ejusd.
1024 4665 1122 4711 sui.
1144 4666 1339 4714 rannus
1355 4680 1401 4714 c.
1414 4667 1663 4715 7.-Εοιε-
1786 4661 1836 4723 8)
1847 4664 1957 4711 vid.
1975 4674 2081 4722 v.‚e.
2095 4659 2272 4711 L.1⁰9·
2285 4662 2341 4712 Ι).
2352 4660 2585 4710 decond·
2598 4658 2795 4708 etaem.
2808 4658 3012 4717 (xxxv.
3024 4659 3046 4704 ¹
3058 4663 3091 4715 -)

264 4722 441 4772 Mra!
457 4727 805 4773 Hermeneutik
826 4730 851 4785 ς
871 4728 985 4774 221.
998 4750 1062 4761 -
1075 4729 1304 4777 Summe!
1319 4730 1664 4777 Hermeneutik
1728 4749 1786 4759 --
1805 4725 2028 4782 Rapoaa
2047 4726 2083 4772 Ι.
2123 4725 2157 4772 Ι.
2197 4727 2224 4783 s
2248 4720 2325 4774 49.
2367 4748 2430 4760 -—
2445 4721 2696 4771 Baubold
2710 4724 2738 4778 S
2766 4720 2844 4769 10.
2872 4742 2938 4757 -
2954 4720 3093 4769 rann

268 4786 322 4833 d.
346 4789 533 4834 Rechts
551 4801 602 4846 p.
625 4786 739 4835 170.
760 4812 826 4821 -
848 4789 1101 4839 Auctoris
1120 4791 1275 4840 Diatr.
1298 4793 1421 4839 uber
1435 4793 1536 4849 jur.
1561 4793 1662 4839 und
1725 4792 1890 4836 tamen
1928 4786 2208 4847 saepissime
2245 4787 2367 4835 baec
2406 4788 2603 4847 regula,
2624 4787 2755 4833 velut
2783 4785 2836 4831 in
2869 4786 3091 4841 exemplo

269 4848 396 4897 tacti
410 4851 568 4908 ignor.
584 4850 794 4908 (Archiv.
810 4851 843 4899 Β.
860 4853 1055 4901 civilist.
1070 4853 1236 4902 Praxis
1256 4854 1375 4913 114».
1393 4852 1505 4904 427.
1527 4851 1659 4915 428.)
1723 4848 1870 4909 buius
1890 4847 2039 4909 ipsius
2060 4850 2131 4897 rei
2148 4849 2508 4898 confirmandae
2524 4858 2670 4895 cama
2691 4859 2721 4895 a
2739 4845 2960 4904 Rapoua
2982 4858 3092 4904 ΡΙὉ·

272 4934 331 4944 -
356 4912 440 4961 ct.
466 4911 732 4969 παίωνες
748 4910 830 4963 38.
1723 4914 1902 4973 posito.
1938 4931 2001 4945 —
2018 4913 2071 4962 1..
2093 4910 2146 4962 7.
2169 4915 2225 4962 D.
2246 4923 2507 4963 commun.
2527 4911 2715 4969 praed.
2734 4909 2877 4969 (vui,
2894 4905 2963 4966 4.)
