3544 5506
915 359 1049 402 car.
1089 359 1186 403 ιν.
1219 361 1295 403 nn
1330 361 1736 412 acommms
1774 360 2266 405 numu-smus.
2879 347 2993 406 645

175 472 453 529 modum
479 477 694 530 autem
728 473 950 544 utique
991 468 1228 533 inferre
1251 470 1433 533 liberi
1464 475 1733 545 debent,
1763 489 1930 547 quae
1956 489 2032 533 ex
2064 489 2136 532 re
2160 479 2503 548 parentum
2532 479 2790 544 tenent,
2817 475 2996 534 velut

180 566 626 639 profectitium
657 570 976 640 peculium
1012 567 1101 643 ιι),
1149 571 1239 628 sic
1282 554 1475 628 etiam
1521 577 1805 629 statuere
1851 578 2038 643 pater
2076 577 2252 629 recte
2282 577 2529 643 potest,
2580 577 2653 627 ut
2680 586 2791 642 ea,
2821 587 2990 643 quae

178 683 263 726 ex
295 684 476 726 mera
500 670 689 741 ipsius
719 670 1103 729 liberalitate
1127 667 1647 744 proficiscantur.
1673 668 1823 730 licet
1854 672 1917 728 in
1949 671 2495 731 conserendorum
2528 686 2765 743 genere
2793 672 2986 730 bono·

176 775 337 822 rum
368 765 746 838 plerumque
776 781 902 825 non
931 767 1056 825 sint
1076 760 1102 843 ‚'
1126 775 1341 826 tamen
1369 768 1814 836 conserantur,
1847 769 2197 826 dummodo
2228 767 2602 840 tempestive
2646 767 2708 824 id
2753 768 2861 825 flat
2896 764 2985 841 ¹²).

175 956 208 1029 S
232 963 304 1020 71
319 962 382 1021 «1.
399 960 455 1037 c)
486 960 743 1031 Collatia,
760 979 875 1040 qua
897 962 1119 1023 ratim
1137 963 1266 1045 fiori
1283 963 1491 1035 debeat,
1520 973 1658 1032 tum,
1680 982 1962 1043 quaenam
1981 964 2229 1024 remedia
2247 964 2362 1042 ejus
2387 963 2796 1043 consequendae
2818 948 2991 1022 causa

1330 1071 1671 1140 comparata
1697 1063 1838 1122 sint.

271 1258 675 1331 computatio
711 1262 882 1333 ejus,
915 1260 1089 1331 quod
1130 1258 1596 1319 conferendum
1643 1267 1739 1319 est
1766 1305 1783 1331 ‚
1823 1276 1899 1319 ex
1939 1261 2160 1319 mortis
2202 1266 2497 1333 tempore
2528 1258 2814 1319 defuncti
2846 1258 2985 1317 lieri

178 1356 382 1435 debet
421 1357 482 1428 ι),
525 1359 649 1418 hoc
683 1365 907 1431 pacto.
956 1366 1062 1428 ut,
1107 1376 1183 1418 ex
1227 1376 1357 1433 quo
1395 1376 1641 1419 moram
1684 1360 1934 1418 admisit
1962 1361 2151 1419 heres
2195 1360 2260 1417 in
2313 1359 2741 1430 restituendo,
2792 1357 2986 1416 etiam

180 1468 425 1512 usurae
452 1461 513 1513 et
548 1454 794 1516 fructus
824 1457 1129 1514 reddendi
1158 1456 1281 1514 sint
1313 1456 1852 1515 conferendorum
1873 1453 1941 1529 2).
1972 1456 2063 1514 Fit
2098 1461 2313 1514 autem
2343 1456 2600 1514 collatio
2619 1455 2717 1512 vel
2744 1470 2838 1529 re,
2857 1453 2899 1512 i.
2923 1468 2982 1513 e.

180 1545 522 1608 inserendo
552 1557 664 1609 aut
693 1553 864 1609 bona
893 1560 1004 1610 aut
1039 1546 1311 1626 pretium
1341 1568 1571 1612 eorum
1591 1593 1606 1621 ,
1640 1555 1741 1611 vel
1789 1553 2092 1611 cautione
2115 1596 2131 1622 ‚
2178 1552 2310 1609 sive
2343 1551 2815 1624 fidejussoribus
2858 1550 2987 1609 sive

181 1648 558 1721 pignoribus
598 1648 1014 1725 interpositis,
1051 1655 1149 1711 vel
1177 1650 1367 1712 etiam
1396 1655 1765 1713 remissione
1803 1668 1879 1713 ac
1910 1651 2430 1726 compensatione
2464 1652 2633 1725 ejus,
2668 1652 2841 1722 quod
2871 1649 2987 1721 ipsi

179 1747 460 1805 debetur
495 1764 569 1806 ex
612 1748 997 1819 hereditate,
1038 1750 1145 1821 qui
1178 1750 1473 1809 conserat
1503 1747 1573 1825 ³).
1614 1755 1948 1809 Caeterum
1992 1757 2127 1808 tum
2168 1749 2526 1809 actionibus
2565 1747 2988 1820 compelletur

182 1843 375 1901 heres
411 1845 488 1902 ad
528 1844 1026 1923 conserendum,
1057 1852 1192 1904 tum
1221 1847 1722 1919 exceptionibus.
1760 1843 2123 1906 Actionibus
2151 1847 2500 1906 coheredes
2534 1851 2807 1902 utuntur
2838 1844 2933 1902 his
2965 1858 2983 1899 ε

183 1938 463 1998 familiae
498 1943 912 2000 erciscundae
932 1985 948 2012 ,
976 1950 1112 2001 tum
1150 1944 1223 2000 iis
1246 1982 1265 2011 ‚
1300 1958 1468 2016 quae
1500 1959 1576 2001 ex
1608 1945 1910 2002 cautione
1942 1943 2266 2012 oriuntur,
2294 1957 2760 2014 nonnunquam
2789 1940 2983 1997 etiam

180 2038 694 2100 extraordinaria
732 2033 1178 2115 persecutione
1204 2039 1267 2107 ⁴).
1303 2045 1756 2116 Exceptionum
1787 2045 1947 2102 haec
1985 2049 2080 2101 est
2112 2044 2204 2101 vis
2226 2087 2241 2112 ,
2274 2049 2386 2112 ut,
2415 2043 2624 2099 donec
2650 2047 2980 2106 caveatur,

183 2137 585 2206 denegentur
613 2135 831 2197 heredi
862 2139 1146 2198 actiones
1175 2135 1598 2198 hereditariae
1628 2137 1705 2212 ’Ἲς
1736 2156 1865 2213 qua
1905 2147 2117 2197 tamen
2155 2139 2218 2197 in
2248 2153 2319 2197 re
2358 2141 2630 2196 multum
2659 2137 2853 2196 etiam
2878 2136 2981 2192 in·-

181 2241 410 2305 tet-est,
437 2246 652 2296 utrum
686 2254 799 2311 per
820 2236 1291 2299 contumaciam
1316 2233 1447 2299 non
1470 2247 1698 2300 caveat
1721 2240 1931 2311 heres,
1958 2256 2042 2298 an
2066 2255 2168 2311 eo,
2187 2240 2363 2312 quod
2386 2239 2681 2296 idoneam
2705 2243 2984 2310 nequeat

183 2334 489 2393 exhibere
518 2336 884 2394 cautionem
912 2332 982 2410 ⁶).

277 2529 467 2602 5715.
495 2530 554 2607 2)
583 2534 665 2589 De
683 2530 1012 2591 hereditatis
1033 2532 1309 2593 divisione
1327 2533 1415 2611 (⁹).
1450 2533 1510 2611 a)
1529 2535 1832 2604 Personae,
1850 2534 2005 2592 inter
2029 2550 2171 2613 quas
2193 2531 2373 2592 loevam
2396 2531 2560 2592 habet
2575 2532 2904 2592 hereditatis

1475 2628 1699 2688 divisio.

277 2829 656 2900 Plerumque
671 2825 1038 2888 hereditatis
1052 2827 1273 2890 divisio
1288 2847 1416 2889 non
1439 2826 1562 2889 nisi·
1579 2831 1748 2888 inter
1760 2830 2130 2897 coheredes,
2147 2824 2384 2902 quique
2404 2828 2497 2886 his
2511 2827 2786 2887 existunt
2797 2826 2984 2884 here·

188 2925 329 2991 des,
347 2925 554 2982 locum
568 2923 1518 3000 habet¹).Admittunturtamen
1539 2930 1712 2985 velut
1741 2927 2051 2983 heredum
2069 2925 2216 2998 ¹jure
2241 2925 2303 2981 hi
2335 2939 2619 2998 quoque,
2649 2922 2878 2996 quibus
2905 2937 2980 2979 ex

190 3016 677 3079 fideicommisso
707 3038 855 3093 pars
890 3023 1261 3082 hereditatis
1299 3023 1692 3081 restituenda
1721 3029 1814 3079 est
1847 3017 1889 3094 2)
1911 3064 1930 3096 ,
1964 3028 2028 3078 et
2051 3027 2259 3079 emtor
2287 3016 2696 3094 hereditatis,
2739 3015 2869 3077 scil.
2906 3033 2991 3078 ex

177 3117 333 3191 jure
360 3133 537 3176 cesso
561 3119 645 3194 ³),
677 3126 743 3176 et
771 3121 1112 3191 adrogatus
1140 3122 1429 3193 impubes
1451 3159 1469 3188 ,
1497 3119 1601 3177 cui
1626 3134 1701 3176 ex
1741 3117 2146 3176 constutione
2168 3118 2241 3174 D.
2272 3116 2353 3174 Pii
2394 3123 2624 3189 quarta
2656 3119 2977 3175 bonorum

188 3231 341 3289 pars
360 3214 708 3290 debetur⁴).
739 3220 948 3275 Potest
966 3232 1121 3275 vero
1149 3217 1584 3289 unusquisque
1615 3215 1949 3289 heredum,
1976 3221 2087 3270 aut
2115 3214 2221 3286 qui
2243 3213 2443 3271 instar
2468 3219 2617 3271 sunt
2643 3213 2975 3283 heredum,

186 3319 272 3375 ad
303 3317 666 3375 divisionem
695 3333 1085 3393 provocare,
1117 3319 1265 3377 licet
1291 3325 1405 3376 aut
1431 3319 1714 3391 ipsorum
1747 3322 1937 3389 pacto
1961 3319 2073 3372 aut
2097 3316 2418 3374 testatoris
2442 3316 2705 3374 decreto
2722 3330 2978 3388 expres-

185 3435 331 3476 sum
368 3419 474 3487 sit,
514 3434 596 3476 ne
625 3417 857 3476 omnino
897 3422 1006 3477 nat
1041 3419 1262 3478 divisio
1293 3416 1372 3490 ⁵).
1405 3415 1650 3491 Quodsi
1686 3420 1900 3476 minor
1938 3423 2034 3474 est
2067 3416 2286 3488 heres,
2327 3432 2448 3474 nec
2481 3416 2613 3489 ipse
2648 3431 2766 3473 nec
2804 3421 2979 3474 tutor

186 3519 327 3592 ejus
353 3521 450 3577 vel
482 3527 746 3577 curator
772 3520 853 3576 ad
884 3516 1293 3578 dividendam
1326 3515 1744 3577 hereditatem
1778 3524 1929 3575 ante
1959 3524 2167 3589 potest
2189 3532 2548 3590 provocare
2584 3517 2935 3575 coheredes
2959 3557 2976 3585 ‚

182 3630 381 3689 quam
443 3616 849 3687 magistratus
913 3617 1242 3676 decretum
1291 3632 1369 3674 ea
1425 3619 1506 3674 de
1546 3631 1618 3673 re
1656 3622 1779 3672 rite
1818 3609 2267 3686 interpositum
2311 3614 2427 3688 sit3
2469 3619 2535 3671 at
2581 3628 2729 3672 cum
2772 3613 2980 3687 major

183 3716 585 3788 provocavit,
608 3716 869 3774 minoris
898 3732 1155 3790 quoque
1171 3717 1428 3775 nomine
1447 3760 1465 3791 ,
1488 3717 1679 3774 etiam
1701 3731 1835 3774 non
1862 3714 2238 3787 interposita
2268 3713 2675 3786 magistratus
2700 3713 2978 3771 auctori-

184 3817 328 3869 tate
344 3853 360 3879 ,
385 3817 563 3869 recte
583 3807 901 3870 dividetur
929 3812 1249 3871 hereditas
1271 3810 1335 3886 ⁶).

247 4004 413 4112 ἰυῦι..
435 4003 508 4112 ιῗ.
525 4003 732 4113 Qum.
752 4016 861 4054 erc.
882 4008 982 4066 (111,
998 4005 1219 4066 30.)-[..
1246 4006 1324 4055 12.
1347 4011 1401 4057 C.
1424 4010 1479 4056 ἠ.
1504 4011 1543 4057 t.
2212 4013 2239 4066 s
2269 4007 2384 4057 715.

178 4090 238 4100 -
286 4100 299 4112 .
359 4101 370 4111 .
398 4080 447 4114 in
490 4100 502 4112 .
629 4101 643 4113 .

245 4129 328 4185 12)
343 4131 393 4176 1..
417 4131 498 4178 20.
518 4130 569 4178 in
591 4123 634 4177 γ.
658 4132 713 4178 c.
736 4129 856 4178 eod.
1673 4136 1735 4192 (⁸)
1756 4136 1957 4193 mg.(x‚
1977 4135 2047 4194 s.)
2075 4139 2125 4180 et
2145 4134 2263 4180 cod.
2289 4135 2381 4191 (ιιι
2406 4169 2421 4190 ,
2443 4131 2525 4180 36.
2542 4143 2554 4190 )
2574 4131 2812 4189 famniae
2843 4133 2977 4181 erci-

1605 4198 1865 4246 scanciae.
1893 4223 1949 4232 -
1973 4199 2038 4243 Ε.
2069 4199 2120 4243 C.
2149 4197 2226 4244 W
2226 4196 2437 4253 eslpkal
2457 4209 2545 4243 von
2589 4199 2685 4244 den
2726 4195 2980 4243 einzelnen

776 4257 801 4311 S
834 4254 949 4304 71⁴.
1608 4260 2033 4307 vermachtnissen
2069 4272 2117 4305 u.
2150 4261 2200 4305 d.
2242 4259 2761 4318 Erhtheilungsklagen
2783 4260 2975 4316 (Leipz.

1609 4320 1771 4379 1795.)
1795 4335 1842 4380 p.
1865 4321 2135 4369 398-520.

250 4379 296 4434 1)
318 4379 368 4425 1..
391 4379 441 4426 6.
465 4383 520 4426 C.
543 4379 598 4426 la.
624 4385 661 4427 t.
1675 4388 1719 4441 1)
1742 4385 1795 4430 L.
1819 4385 2057 4442 1.ς1.1..
2082 4383 2131 4430 2.
2158 4398 2234 4443 pr.
2259 4388 2312 4431 L.
2336 4382 2421 4432 24.
2441 4386 2468 4439 S
2489 4386 2538 4432 1.
2563 4386 2619 4431 D.
2642 4384 2696 4430 Ιι.
2718 4389 2757 4431 t.

243 4440 294 4497 2)
315 4442 365 4488 L.
390 4441 438 4489 5.
462 4445 486 4498 S
511 4443 557 4488 1.
581 4444 637 4489 D.
663 4442 730 4490 de
749 4443 857 4490 dot.
876 4444 997 4491 coll.
1033 4468 1087 4478 -
1124 4447 1302 4492 Contra
1326 4458 1440 4493 vero
1462 4480 1477 4505 ‚
1497 4451 1547 4493 et
1672 4448 1720 4498 2}
1745 4449 1797 4493 L.
1818 4446 1898 4494 24.
1922 4450 1947 4503 ς
1970 4450 2014 4495 1.
2035 4449 2087 4493 L.
2114 4447 2193 4495 ⁴0.
2217 4450 2271 4494 Ι).
2295 4448 2347 4494 Ιι.
2374 4451 2412 4493 t.

174 4509 567 4551 necessariarum
603 4507 931 4564 impensarum
960 4510 1188 4554 deductio
1222 4509 1321 4555 flet.
1342 4534 1395 4543 —
1417 4511 1470 4556 L.
1497 4512 1543 4556 1.
1669 4513 1719 4568 3)
1744 4514 1858 4566 Arg.
1885 4512 1937 4556 1..
1959 4510 2005 4558 ὅ.
2029 4513 2083 4556 (1.
2105 4511 2159 4558 11.
2186 4516 2223 4558 t.
2247 4516 2297 4557 et
2318 4520 2464 4568 supra
2488 4507 2641 4562 5705.
2665 4515 2772 4557 not.
2793 4509 2844 4556 9.

173 4569 202 4620 ς
246 4564 297 4612 5.
337 4569 393 4613 D.
438 4568 508 4613 de
546 4568 652 4615 doe.
689 4569 807 4616 coll.
839 4584 857 4624 ‚-
900 4573 1018 4628 quin
1041 4605 1055 4626 .,
1077 4571 1270 4618 utilium
1311 4585 1504 4630 quoque
1526 4606 1543 4630 ‚
1671 4573 1719 4619 41
1741 4575 1795 4619 L.
1820 4574 1867 4618 2.
1893 4575 1918 4628 S
1945 4574 1986 4620 l.
2014 4575 2065 4618 t).
2091 4573 2141 4620 Ιι.
2170 4579 2208 4621 t.

174 4629 219 4673 si
255 4631 456 4686 quidem
491 4633 800 4678 novissimam
853 4631 999 4689 huius
1055 4635 1182 4689 juris
1217 4636 1433 4681 indolem
1470 4648 1544 4682 re·
1669 4634 1720 4690 5)
1743 4637 1794 4681 L.
1815 4635 1895 4682 43.
1919 4639 1972 4682 υ.
1995 4637 2047 4682 la.
2073 4640 2292 4693 t.-Arg.
2317 4636 2369 4680 L.
2392 4633 2441 4680 5.
2466 4636 2517 4680 C.
2539 4646 2726 4682 comm.
2747 4634 2853 4682 div.
2876 4635 2974 4690 (m,

174 4695 414 4749 spexeris.
1611 4698 1712 4756 37.)
1735 4709 1791 4732 -ὲ
1818 4700 1870 4744 L.
1894 4697 1975 4745 70.
1995 4701 2160 4755 apro
2179 4710 2286 4745 soc.
2310 4698 2472 4758 (ΧΥΠ,
2497 4700 2570 4756 2.)
2592 4723 2648 4731 -
2676 4702 2787 4756 Arg.
2816 4700 2870 4746 L.
2896 4695 2976 4744 14.

244 4752 295 4812 ⁴)
319 4756 372 4799 1..
394 4756 442 4801 1.
469 4768 542 4813 pr.
562 4758 616 4802 D.
638 4756 825 4804 dedot.
848 4758 967 4804 coll.
990 4785 1050 4794 -
1087 4760 1140 4805 L.
1160 4758 1208 4807 5.
1231 4762 1257 4816 s
1280 4760 1325 4806 1.
1349 4758 1467 4808 015.
1491 4762 1545 4808 D.
1612 4764 1638 4818 ς
1659 4765 1706 4808 2.
1734 4763 1788 4807 D.
1813 4773 1999 4809 comm.
2019 4762 2127 4808 div.
2153 4763 2233 4819 (x,
2253 4762 2325 4816 3.)

180 4818 236 4865 le.
266 4818 424 4863 e.-L.
447 4815 494 4862 8.
522 4820 572 4865 C.
598 4820 716 4866 eod.
1672 4824 1720 4884 6)
1742 4825 1793 4870 L.
1815 4824 1863 4871 7.
1888 4836 1961 4881 pr.
1981 4827 2035 4871 D.
2057 4825 2398 4883 deremeor„
2414 4822 2509 4885 qui
2530 4824 2630 4872 sub
2651 4825 2754 4871 tut.
2772 4822 2981 4882 (xxm,

240 4876 292 4936 5)
315 4881 368 4925 1..
394 4876 472 4927 ¹⁴·
497 4882 549 4927 C·
573 4881 625 4927 h·
652 4885 690 4929 t·
716 4881 800 4937 (cl.
823 4887 925 4929 not.
950 4890 1093 4944 sem).
1606 4886 1741 4946 0.)-
1760 4889 1812 4934 L.
1834 4886 1912 4934 17.
1938 4890 1992 4935 C.
2015 4888 2085 4934 de
2103 4887 2295 4942 praed.
2321 4890 2377 4932 et
2394 4889 2469 4936 ul.
2488 4888 2600 4936 reb.
2620 4890 2749 4936 min.
2773 4887 2852 4946 (V,
2874 4882 2976 4941 71.)

243 4941 290 4998 (i)
317 4944 367 4988 L.
397 4944 443 4988 1.
465 4945 491 4998 S
513 4942 592 4990 10.
617 4951 665 4989 et
691 4945 769 4993 15.
793 4946 846 4990 D.
872 4944 923 4990 Ιι.
945 4951 982 4994 t.
1609 4951 1872 4997 -Caeter.
1898 4951 1996 4997 vid.
2024 4952 2075 4996 L.
2102 4949 2183 4999 58.
2210 4953 2264 4998 D.
2284 4953 2338 4999 Ιι.
2356 4952 2394 4995 l.
