3544 5506
1497 315 1875 360 rnooennm.
3010 311 3081 365 27

273 421 489 496 quitus
514 424 687 497 typis
715 425 980 493 excusis,
1013 425 1240 482 harum
1267 423 1573 496 partium·
1598 425 2002 497 perturbatio
2039 424 2544 497 deprehenditur
2565 467 2582 494 ,
2615 441 2843 486 verum
2886 431 3078 490 etiam

273 535 461 580 error
484 523 593 581 ille
614 526 929 597 manavit,
956 526 1065 598 qui
1086 524 1343 598 quidem
1370 525 1520 581 satis
1550 526 1662 582 diu
1710 526 2054 583 doctorum
2092 525 2338 584 animos
2373 536 2824 602 occupaverat,
2842 532 3083 590 scilicet

272 635 347 678 ex
375 637 518 680 uno
551 623 664 681 iilo
701 625 1040 696 exemplari
1091 620 1468 681 Florentino
1509 637 1754 693 omnes,
1804 631 1964 697 quot
1997 630 2272 695 exstant,
2318 624 2511 684 libros
2535 639 2673 683 esse
2690 627 3080 705 descriptos3

273 722 670 796 quid?quod
712 724 893 782 suere
933 725 1122 798 adeo,
1165 724 1272 797 qui
1315 724 1485 781 idem
1523 738 1658 782 esse
1690 725 2024 783 Justiniani
2057 724 2474 797 archetypum
2514 733 2928 787 autumarent
2986 727 3075 799 ²⁹).

272 824 610 881 Caeterum
644 824 796 882 nihil
818 825 1077 897 impedit
1106 872 1122 894 ,
1146 838 1275 897 quo
1311 824 1520 882 minus
1552 827 1880 881 lectionem
1916 827 2243 896 vulqatam
2290 820 2683 897 appellemus
2710 842 2875 898 eam,
2907 845 3077 901 quae

274 916 391 975 ista
424 920 916 978 Bononiensium
948 919 1323 978 recensione
1350 926 1612 991 recepta
1647 925 1769 987 est,
1798 919 1992 977 modo
2020 920 2172 976 illud
2208 919 2681 979 meminerimus
2716 937 2733 978 ε
2779 922 2844 979 in
2880 923 3072 983 codd.

273 1014 643 1084 'vulgaribus
666 1021 848 1087 (quos
867 1015 1123 1087 quidem
1151 1015 1509 1072 Florentino
1539 1030 1592 1072 s.
1618 1014 1841 1071 Pisano
1870 1015 2270 1090 opponimus)
2298 1015 2677 1073 variantium
2700 1018 3072 1091 lectionum,

277 1110 448 1170 haud
471 1128 627 1172 sane
652 1116 928 1185 vulgaris
945 1121 1161 1184 notae,
1183 1114 1439 1171 minime
1454 1115 1672 1172 deesse
1688 1115 1977 1186 exempla
1994 1113 2104 1190 (cs.
2135 1120 2268 1172 not.
2290 1115 2440 1184 254.
2473 1115 2572 1172 His
2594 1116 2782 1186 igitur
2805 1133 3079 1190 perpen-

272 1211 375 1278 sis,
409 1227 544 1270 non
573 1228 932 1285 possumus,
981 1215 1135 1286 quin
1172 1214 1491 1285 duplicem
1515 1214 1803 1271 lectionis
1841 1215 2133 1285 vulgatae
2167 1213 2688 1284 significationem
2729 1216 3074 1288 distingua-

271 1322 410 1365 mus
430 1328 449 1364 ε
475 1324 696 1379 unam,
726 1324 844 1381 per
869 1325 936 1368 se
957 1309 1256 1367 nimirum
1284 1309 1435 1367 satis
1461 1310 1647 1367 claris
1672 1326 1748 1368 ac
1769 1309 2080 1367 distinctis
2102 1310 2288 1377 notis,
2314 1314 2640 1382 tamquam
2673 1311 2900 1369 finibus
2923 1314 3071 1389 suis,

270 1407 847 1481 circumscriptam,
893 1424 1018 1482 qua
1065 1410 1321 1482 quidem
1366 1410 1676 1467 librorum
1710 1453 1727 1483 ‚
1782 1415 2103 1483 quotquot
2157 1424 2235 1467 ex
2281 1409 2660 1468 Bononiensi
2707 1412 3073 1473 recensione

270 1507 706 1575 dimanarunt,
734 1517 1083 1568 concentus
1121 1511 1459 1577 indicatur,
1501 1510 1604 1567 cui
1649 1511 1940 1582 opposita
1972 1515 2072 1566 est
2127 1510 2316 1567 lectio
2370 1508 2701 1579 singularis
2746 1509 3074 1582 ejusmodi,

269 1620 434 1677 quae
462 1607 565 1664 vel
584 1606 649 1663 in
676 1607 1070 1673 Florentino,
1088 1608 1189 1664 vel
1218 1607 1279 1663 in
1307 1607 1443 1663 aliis
1468 1605 1818 1674 codicibus,
1842 1605 2016 1677 siqui
2036 1610 2209 1679 sunt,
2231 1605 2755 1680 deprehenditur3
2779 1607 3071 1681 alteram,

264 1705 554 1763 terminis
583 1708 843 1778 quidem
868 1708 1082 1779 paullo
1105 1706 1535 1764 diffusioribus
1572 1713 1636 1763 et
1668 1706 2133 1778 propemodum
2162 1698 2415 1761 infinitis
2445 1704 2826 1777 descriptam
2850 1748 2866 1773 ,
2907 1722 3073 1778 quae

262 1802 720 1873 complectitur
744 1802 1104 1867 lectionem,
1140 1817 1331 1874 quam
1357 1801 1610 1860 Codices
1637 1845 1653 1871 ,
1688 1807 1865 1859 certe
1892 1800 2180 1873 plurimi,
2206 1801 2289 1856 ad
2315 1802 2772 1858 Bononiensem
2791 1800 3067 1873 scriptu-

263 1911 398 1953 ram
418 1898 701 1970 expressi
724 1905 1127 1969 receperunt3
1153 1898 1234 1954 ad
1259 1897 1654 1955 contrarium
1682 1895 2030 1954 lectionum
2058 1897 2476 1966 singularium
2508 1911 2706 1967 genus
2727 1896 2942 1954 relatis
2969 1897 3064 1971 iis,

260 2008 426 2065 quae
473 1995 576 2051 vei
630 1995 695 2051 in
739 1995 1166 2066 qualicunque
1221 1993 1471 2066 Codice,
1518 1993 1712 2050 etiam
1766 2007 1804 2049 e
1850 1995 2262 2063 vulgatorum
2296 2006 2567 2049 numero
2596 1991 2940 2065 habentur,
2965 1994 3065 2050 vel

263 2089 492 2146 editori
516 2089 772 2147 cuidam
798 2093 1093 2162 propriae
1116 2095 1283 2146 sunt.
1322 2090 1443 2146 Vll.
1479 2087 1826 2145 Plurimum
1859 2087 2052 2145 etiam
2077 2081 2274 2144 valuit
2296 2089 2718 2158 glossatorum
2766 2089 3061 2145 auctori-

266 2195 356 2244 tas
388 2198 522 2258 (seu
567 2190 783 2262 potius
820 2191 1205 2263 exemplum,
1261 2189 1433 2247 velut
1473 2189 1554 2245 ad
1607 2188 1985 2247 imitandum
2029 2187 2457 2259 propositum)
2508 2186 2572 2243 in
2620 2186 3068 2245 constituenda

266 2287 799 2362 informandaque
830 2306 906 2347 ea
945 2290 1098 2347 artis
1138 2295 1397 2347 nostrae
1432 2293 1617 2366 parte
1641 2329 1657 2352 ,
1696 2302 1865 2359 quae
1901 2301 2047 2344 cum
2082 2285 2146 2342 in
2202 2286 2436 2356 regulis
2475 2283 2956 2357 praeceptisque
2990 2288 3070 2343 ad

262 2388 629 2464 disciplinae
656 2406 952 2449 normam
973 2389 1310 2462 exigendis,
1332 2396 1465 2446 tum
1487 2390 1551 2446 in
1568 2390 1717 2463 jure
1730 2391 2018 2447 Romano
2046 2388 2126 2443 ad
2156 2386 2412 2456 negotia
2434 2385 2634 2443 civilia
2654 2384 3071 2457 judiciorum·

261 2505 390 2560 que
432 2506 658 2549 causas
706 2492 1261 2549 accommodando
1312 2496 1628 2548 versatur.
1689 2491 2121 2566 Quaecunque
2172 2485 2342 2543 enim
2392 2486 2458 2542 in
2508 2484 2733 2544 scholis
2789 2483 3068 2557 forisque

262 2587 503 2643 nostris
522 2585 1068 2644 circumferuntur
1096 2630 1112 2657 ,
1139 2587 1270 2645 sive
1293 2585 1607 2643 formulae
1644 2591 1709 2641 et
1746 2585 2059 2642 vocabula
2086 2625 2103 2652 ,
2129 2596 2294 2654 quae
2324 2587 2656 2654 tamquam
2680 2579 2972 2637 technica
3000 2579 3066 2636 in

267 2680 518 2739 scholas
557 2682 979 2756 irrepserunt,
1024 2683 1155 2740 sive
1193 2679 1675 2740 controversiae
1702 2679 1870 2737 inter
1900 2674 2086 2736 letos
2129 2677 2520 2736 recentiores
2570 2675 2866 2749 agitatae,
2913 2675 3064 2746 sive,

268 2796 427 2852 quas
474 2783 662 2855 vulgo
711 2782 936 2841 animis
981 2782 1353 2842 informatas
1400 2781 1637 2839 habere
1672 2782 1909 2853 solent,
1965 2781 2046 2853 de
2086 2778 2343 2849 singulis
2390 2777 2579 2834 rebus
2620 2773 3070 2847 sententiisque

261 2878 581 2946 notiones,
628 2880 838 2952 deque
884 2895 1104 2936 earum
1153 2895 1270 2937 usu
1306 2878 1620 2935 hodierno
1669 2872 1947 2949 judicia:
1988 2889 2087 2944 ea,
2125 2880 2235 2931 aut
2280 2872 2569 2930 omnibus
2608 2870 2744 2943 jam
2762 2866 3070 2942 ’partibus

259 2972 580 3044 absoluta,
617 2981 813 3047 atque
846 2973 1150 3047 perfecta,
1190 2980 1303 3031 aut
1324 2973 1647 3048 inchoata,
1677 2978 1857 3029 certe
1886 2985 2113 3041 magna
2133 2984 2208 3026 ex
2236 2973 2418 3042 parte
2438 3007 2454 3035 ‚
2480 2966 2796 3023 debentur
2819 2967 3062 3037 glossa-

258 3070 506 3129 toribus
537 3067 635 3146 ³⁰).
670 3074 756 3129 Ac
779 3113 797 3141 ,
815 3086 903 3130 ne
931 3071 1096 3129 rorte
1119 3070 1404 3138 nimiam,
1456 3068 1629 3140 quod
1654 3068 1737 3124 ad
1766 3068 1930 3123 banc
1953 3081 2091 3123 rem
2124 3064 2351 3121 attinet
2367 3106 2383 3131 ,
2408 3078 2444 3119 a
2466 3060 2915 3133 glossator-ibus
2933 3075 3069 3120 esse

256 3169 518 3240 cuipam
533 3176 932 3228 contractam
951 3172 1302 3250 credamus,
1321 3169 1708 3226 monendum
1721 3172 1839 3233 est,
1858 3165 2216 3239 saepissime
2229 3166 2259 3220 J
2264 3166 2427 3232 Ctos,
2445 3159 2552 3233 qui
2570 3174 2678 3218 eos
2688 3174 2833 3218 secu
2841 3159 2885 3217 ti
2896 3167 3067 3234 sunt,

256 3282 347 3324 ne
394 3268 770 3328 intellexisse
794 3270 1074 3344 quidem,
1109 3285 1274 3343 quae
1312 3270 1393 3327 ab
1420 3268 1538 3326 illis
1558 3267 1707 3325 satis
1739 3273 1890 3338 apte
1935 3268 2496 3334 congruenterque
2528 3264 2738 3318 essent
2768 3259 3016 3331 prolata
3043 3301 3062 3329 ,

254 3370 458 3437 atque
491 3404 507 3434 ‚
539 3367 622 3423 de
648 3366 858 3424 verbis
877 3367 1068 3438 magis
1093 3365 1390 3424 sollicitos
1420 3377 1616 3437 quam
1637 3363 1717 3420 de
1740 3362 1933 3419 rebus
1970 3358 2431 3429 sententiisque
2459 3398 2475 3425 ,
2529 3355 2681 3412 talia
2725 3355 3066 3428 aliquando

255 3472 658 3524 commentos
679 3482 816 3525 esse
844 3509 862 3537 ,
890 3483 1056 3541 quae
1081 3466 1278 3525 foedis
1292 3466 1621 3525 erroribus
1668 3463 2082 3534 maximisque
2127 3456 2634 3518 dubitationibus
2675 3462 2880 3514 artem
2920 3471 3067 3514 nos-

258 3563 425 3617 tram
492 3562 896 3634 implicarent
937 3559 1018 3635 δ’).
1068 3567 1235 3623 VIII.
1282 3563 1562 3635 Denique
1604 3561 1666 3618 in
1703 3558 2141 3619 collaudandis
2184 3557 2605 3628 glossatorum
2645 3552 2884 3610 meritis
2927 3564 3061 3611 non

315 3733 397 3795 29)
418 3739 498 3785 ef.
533 3737 881 3785 Boenkmann
904 3739 939 3784 l.
960 3737 992 3781 l.
1018 3732 1123 3779 Lib.
1147 3734 1225 3780 111.
1258 3745 1302 3779 c.
1321 3732 1370 3779 2.
1400 3755 1461 3766 —-
1490 3736 1628 3782 Eck-
1688 3734 1802 3782 236.
1822 3735 1915 3793 (Cf.
1940 3733 2237 3783 Accursius
2260 3733 2310 3780 in
2333 3734 2400 3792 gl.
2433 3732 2496 3777 ad
2517 3734 2568 3779 1..
2592 3729 2641 3778 9.
2664 3744 2741 3791 pr.
2763 3732 2816 3777 D.
2843 3728 2924 3775 uti
2942 3738 3067 3783 pos-

247 3797 396 3845 hard
414 3801 451 3847 l.
473 3803 509 3847 l.
534 3794 993 3857 ςῚΞζ-ὃσήναάει·
1028 3799 1061 3843 l.
1087 3798 1121 3841 l.
1166 3809 1214 3853 p.
1237 3794 1332 3842 2⁴2
1358 3819 1415 3828 -
1435 3794 1615 3845 255.-
1689 3799 1877 3845 sitietis
1898 3814 1918 3844 .·
1944 3814 1970 3839 u
1987 3799 2070 3844 alii
2091 3799 2351 3854 dixerunt,
2373 3799 2428 3840 ut
2450 3795 2687 3841 Martinus
2707 3805 2818 3840 cum
2842 3792 2940 3837 suis
2970 3788 3065 3835 Go-

248 3862 319 3919 (v.
351 3864 610 3922 SaqunJ)
632 3864 682 3909 in
712 3866 762 3910 d.
798 3862 1144 3916 Heidelberger
1162 3857 1498 3906 Jahrbttchern
1532 3872 1624 3907 von
1689 3863 1836 3908 sianis
1872 3887 1931 3895 —
1963 3876 1988 3902 n
2012 3866 2107 3906 etc.
2130 3860 2166 3917 ).
2207 3882 2269 3891 --
2303 3858 2658 3905 Vocabulorum
2700 3859 2897 3910 autem,
2933 3861 3060 3909 quae

249 3921 394 3970 1812.
419 3939 469 3980 p.
492 3924 609 3973 578.
631 3923 809 3974 579.-
826 3919 1198 3984 Spanqenberg
1220 3923 1512 3980 sinleum&
1531 3928 1624 3969 etc.
1690 3929 1869 3970 vocant
1890 3922 2129 3982 technica,
2147 3933 2237 3967 nec
2248 3932 2343 3967 non
2354 3921 2693 3977 dogmatum,a
2712 3916 2924 3973 genuino
2934 3915 3060 3986 juris

247 3997 298 4043 p.
335 3986 434 4033 4⁰8
467 4012 534 4022 -
573 3989 687 4037 m.
730 4014 791 4024 —-
846 3987 1084 4047 Saviqny
1130 3984 1302 4032 Gesch.
1333 3989 1427 4030 etc.
1469 3985 1627 4032 T.lll.
1694 3987 1894 4033 Romani
1911 3997 2053 4032 sensu
2085 3984 2413 4030 recedentium
2439 4015 2454 4040 ,
2490 3991 2666 4037 magna
2701 3989 2810 4036 pars
2837 3986 3059 4034 sequiora

248 4058 298 4104 p.
316 4046 416 4097 41⁴
438 4075 502 4084 -·
521 4049 636 4100 ⁴24.
1690 4050 1889 4096 demum
1907 4052 2066 4097 aetate
2082 4047 2353 4103 excogitata
2375 4048 2468 4101 est,
2489 4054 2534 4089 v.
2559 4053 2605 4087 c.
2647 4051 2735 4086 res
2759 4037 3052 4099 funyibilh,

312 4113 396 4171 3⁰)
436 4114 505 4159 Ex
544 4115 634 4172 iis,
674 4125 802 4173 quae
839 4114 902 4161 ad
941 4114 1260 4170 glossatorum
1291 4114 1481 4166 tempus
1502 4109 1632 4155 refe-
1693 4114 1822 4170 quod
1841 4113 2025 4159 invenit
2048 4109 2231 4156 Udalr.
2257 4106 2480 4154 Zasius.
2506 4104 2608 4149 Alia
2631 4108 2793 4148 tamen
2826 4114 2888 4148 ex
2926 4101 3053 4157 ejus-

249 4178 405 4221 renda
425 4183 563 4235 sunt,
594 4179 817 4235 inprimis
836 4174 1285 4223 commemorandae
1298 4177 1410 4216 sunt
1431 4177 1626 4218 contro·
1688 4174 1821 4222 modi
1849 4186 2023 4231 genere
2058 4170 2333 4229 antiquiora
2365 4171 2479 4213 sunt
2517 4167 2836 4237 glossaturam
2876 4164 3055 4225 schola;

248 4242 455 4286 versiae.
495 4239 561 4283 De
592 4241 769 4299 quibus
791 4238 982 4285 vidend.
1014 4238 1102 4283 ἆυ.
1125 4236 1232 4281 Sal.
1254 4236 1619 4292 Brunnquellz
1688 4248 1732 4282 v.
1758 4249 1803 4283 c.
1821 4234 2138 4292 fiduciarius
2151 4230 2499 4290 pater-ineam
2512 4230 2625 4275 coll.
2646 4226 2879 4285 visigoth.
2900 4226 3055 4273 T.vl.

249 4298 440 4346 Proius.
462 4302 522 4347 de
536 4304 970 4349 sectisetcontrov.
991 4300 1115 4355 iuris
1134 4298 1256 4342 Just.
1271 4298 1621 4355 interpretum,
1685 4301 1711 4354 3
1730 4296 1762 4343 5
1777 4312 1788 4324 ·
1818 4298 2098 4355 occupatio
2116 4297 2306 4352 aliaque
2330 4294 2379 4338 in
2401 4290 2707 4349 Brachrloqi
2720 4290 2821 4336 Lib.
2845 4291 2904 4336 11.
2929 4291 3007 4334 tit.
3026 4287 3059 4333 2

252 4373 382 4419 qnos
419 4366 708 4421 glossatores
749 4365 1052 4421 appellamus
1077 4396 1092 4419 ‚
1129 4362 1179 4406 in
1229 4361 1448 4416 opuscul.
1494 4359 1616 4404 vlll.
1684 4332 2415 4416 —7'.(exedit.Bocltinq.).—Cl¹
2438 4354 2809 4400 Cramerinder
2826 4350 3060 4398 zeitschr·

249 4434 308 4480 1³-
330 4421 629 4474 503—3230.
669 4451 732 4460 —
767 4426 981 4472 Sar-eius
1024 4427 1059 4470 l.
1080 4425 1114 4468 l.
1154 4434 1204 4480 p.
1239 4418 1623 4480 32,55‚40,59‚
1686 4421 1770 4468 fur
1791 4422 2070 4477 geschichtl.
2118 4423 2173 4467 R.
2198 4420 2276 4464 W.
2302 4430 2350 4475 p.
2373 4413 2467 4464 314
2501 4428 2607 4476 sqq.
2643 4440 2702 4449 —
2737 4427 2788 4462 v.
2819 4412 3054 4473 Savtqny

247 4483 337 4541 80,
359 4485 510 4535 95.-
532 4489 751 4538 Wenck
771 4491 820 4535 in
845 4490 970 4533 notis
990 4488 1053 4536 ad
1091 4485 1299 4533 indicem
1321 4486 1625 4531 rubricarum
1688 4484 1861 4532 Gesch.
1883 4489 1978 4530 etc.
2003 4485 2061 4530 ll.
2085 4494 2133 4540 p.
2154 4478 2267 4542 255,
2292 4475 2401 4525 256.

246 4550 458 4610 Vocem,
479 4565 615 4611 oper.
642 4553 780 4599 laud.
804 4564 854 4608 p.
880 4548 968 4597 180
989 4576 1049 4585 --
1070 4547 1180 4596 338.
1207 4571 1266 4581 —
1300 4545 1510 4608 Roget-ii
1527 4548 1629 4593 Be·
1747 4544 1829 4604 51)
1882 4547 1958 4592 Cf.
1987 4544 2211 4592 Thibaut
2238 4541 2478 4589 Versuche
2510 4542 2632 4588 uber
2649 4540 2868 4588 einzelne
2889 4538 3059 4585 Theile

246 4617 541 4662 montani
548 4617 612 4661 de
622 4614 1006 4661 dissensionibus
1017 4614 1431 4659 dominorumslve
1444 4610 1502 4656 de
1512 4620 1625 4655 con·
1688 4612 1778 4659 der
1798 4609 2003 4655 Theoi-ie
2023 4609 2110 4654 des
2135 4606 2307 4653 Rechts
2324 4607 2381 4652 ll.
2418 4602 2656 4651 Abhandl.
2676 4605 2790 4652 8.-
2803 4601 3060 4651 Auctoris

248 4678 493 4724 troversiis
515 4684 746 4723 veterum
764 4676 892 4731 ,iuris
922 4676 1122 4723 Romani
1166 4675 1484 4730 interpretum
1497 4704 1513 4728 ,
1552 4674 1637 4731 qui
1698 4672 1852 4720 Lehre
1873 4683 1966 4719 von
1975 4671 2063 4717 der
2078 4669 2271 4717 Cession
2282 4666 2846 4725 det-Forderungsrechte
2863 4668 2890 4724 ς
2908 4661 2986 4713 17.
3000 4687 3059 4696 ——

246 4736 533 4795 glossatores
554 4744 825 4792 vocantur,
846 4741 1151 4795 opuseulum.
1175 4735 1310 4783 Edid.
1337 4740 1387 4780 et
1414 4736 1640 4782 animad-
1699 4735 1892 4792 Elusa.
1912 4732 2383 4789 observationesJur.
2408 4732 2546 4779 Rom.
2587 4730 2830 4790 specimen
2857 4730 2895 4775 i.
2936 4727 3058 4786 (Re-

245 4808 526 4861 ren.atque
537 4798 905 4850 accessionibus
915 4800 1227 4860 locupletavit
1240 4800 1289 4845 C.
1302 4800 1358 4843 G.
1371 4797 1638 4847 Haubold.
1702 4800 1852 4858 giom.
1877 4793 2019 4847 1818.
2039 4793 2112 4856 8.)
2134 4807 2241 4855 cap.
2261 4796 2299 4845 l.
2321 4795 2348 4851 ς
2367 4790 2444 4844 12.

248 4863 374 4923 Lips.
398 4864 543 4914 ¹821.
567 4862 935 4920 8.-Sav}9n„r
951 4859 1125 4912 Gesch.
1141 4868 1235 4911 etc.
1258 4860 1389 4910 T.v.
1411 4873 1461 4919 p.
1484 4858 1640 4908 22¹-
