3544 5506
1000 360 1134 405 car.
1177 362 1275 406 m.
1316 364 1393 407 ns
1429 364 1800 409 nammis
1840 368 2335 414 mantra-rmus.
2969 365 3082 424 599

258 467 570 528 certiores
598 468 754 528 flant
776 473 972 530 testes
995 473 1077 531 de
1104 473 1244 547 ipso
1273 479 1638 535 testamenti
1682 487 2067 551 argumento
2095 477 2192 552 ¹²),
2216 483 2503 556 quinimo
2531 485 2798 556 sufficit,
2826 489 3078 551 tabulas

257 567 655 634 testamenti,
706 567 1042 627 involucro
1079 570 1283 629 aliove
1322 574 1516 631 modo
1560 575 1861 633 conclusa
1910 577 2259 649 scriptura,
2310 581 2574 639 testibus
2626 577 2981 659 offerri,ut
3008 590 3073 646 in

256 661 507 733 reliqua
551 667 740 734 parte
782 660 1186 723 subscribant
1225 672 1290 724 et
1331 668 1477 727 dein
1517 684 1626 727 eas
1654 670 1906 741 signent
1951 667 2042 742 ¹⁸).
2093 668 2433 732 Caeterum
2475 691 2642 747 quae
2683 679 3073 742 ,lastinianus

254 767 711 833 praeceperat,
747 770 819 820 ut
858 779 1055 822 manu
1077 767 1177 823 vel
1213 767 1535 826 testatoris
1560 770 1661 826 vel
1703 770 1960 828 testium
1992 772 2256 845 exprimi
2301 787 2563 832 necesse
2610 783 2777 835 esset
2824 778 3075 841 heredis

253 857 615 991 nomenx),
643 860 809 920 idem
854 871 1077 937 postea
1107 861 1363 926 sustulit
1389 862 1480 940 ¹⁸).
1514 871 1730 941 Neque
1782 863 1908 927 diei
1953 870 2231 944 adjectio
2259 874 2622 932 necessaria
2648 882 2746 934 est
2791 877 2855 934 in
2884 884 3075 940 testa-

247 952 484 1016 mentis
559 956 603 1033 ).

1095 1159 1121 1231 §
1152 1155 1263 1217 661
1281 1198 1295 1213 .
1328 1154 1393 1233 b)
1416 1157 1816 1238 Nuncupativi
1842 1161 2188 1220 testamenti.

337 1356 517 1431 Quod
562 1358 611 1417 si
656 1357 812 1418 velit
861 1358 1088 1433 aliquis
1137 1375 1256 1433 per
1304 1361 1854 1434 nuncupationem
1900 1361 2152 1434 testari,
2205 1369 2449 1433 septem
2482 1362 2773 1423 adhibitis
2800 1366 3066 1426 testibus

244 1455 463 1527 palam
505 1470 581 1514 ac
616 1455 891 1514 dilucide
935 1471 1140 1529 eaque
1175 1455 1424 1532 lingua,
1473 1473 1667 1530 quam
1716 1452 2080 1528 intelligunt
2127 1471 2386 1528 omnes,
2440 1460 2837 1518 voluntatem
2881 1478 3063 1521 suam

244 1550 534 1608 declaret
561 1565 823 1609 necesse
846 1557 945 1609 est
986 1548 1051 1624 ¹).
1088 1547 1183 1609 Fit
1210 1551 1403 1609 etiam
1435 1548 1720 1625 saepius,
1771 1559 1879 1624 ut,
1914 1553 2089 1625 quod
2117 1568 2234 1612 ore
2266 1561 2706 1626 nuncupatum
2744 1563 2841 1614 est
2867 1563 3065 1616 testa-

241 1655 535 1707 mentum
556 1693 573 1720 ‚
602 1645 855 1723 scriptis
881 1656 1107 1724 postea
1148 1652 1734 1724 comprehendatur
1754 1693 1771 1721 ,
1826 1652 1997 1725 quod
2038 1652 2297 1725 quidem
2327 1658 2782 1711 testamentum
2810 1670 3062 1715 nuncu-

241 1748 525 1825 pativum
549 1749 612 1807 in
643 1746 1027 1824 scripturam
1050 1753 1382 1812 redactum
1408 1759 1640 1811 vocant
1660 1748 1730 1824 2).
1768 1756 1904 1830 Quo
1927 1752 2098 1810 tacto
2126 1752 2536 1810 nihilominus
2558 1760 2854 1812 naturam
2877 1771 3060 1815 suam

237 1840 479 1903 retinet
510 1851 957 1905 testamentum
981 1854 1055 1905 ut
1093 1848 1603 1921 nuncupativum
1625 1845 1695 1922 8),
1737 1847 1979 1907 scilicet
2021 1854 2095 1905 ut
2134 1827 2225 1906 vis
2269 1847 2436 1905 illius
2477 1862 2550 1906 ex
2580 1850 3060 1923 subscriptionis

238 1942 683 2014 signationisve
716 1947 1103 2005 solemnibus
1142 1948 1402 2006 minime
1444 1948 1762 2021 pendeat,
1803 1947 1919 2005 nisi
1957 1948 2007 2005 si
2045 1961 2178 2005 non
2224 1947 2577 2021 probandi,
2621 1950 2731 2006 sed
2767 1950 3057 2008 mutandi

236 2043 601 2102 testamenti
630 2060 824 2104 causa
852 2040 1102 2119 scriptis
1126 2046 1486 2117 consignari
1515 2048 1913 2105 voluntatem
1944 2061 2126 2104 suam
2155 2051 2429 2105 testator
2456 2050 2667 2104 statue
2678 2045 2761 2104 rit
2782 2042 2848 2119 ⁴).

563 2225 591 2298 ς
615 2225 761 2284 662.
792 2221 855 2298 c)
876 2224 959 2282 De
974 2223 1049 2282 iis
1066 2270 1084 2295 ‚
1105 2241 1249 2302 quas
1269 2223 1337 2284 in
1355 2241 1643 2284 coecorum
1666 2225 2014 2284 testamentis
2040 2223 2390 2285 observanda
2420 2234 2559 2285 sunt
2582 2226 2675 2303 (⁴).

319 2424 388 2480 ln
415 2437 759 2484 coecorum
785 2424 1183 2484 testamentis
1200 2468 1217 2495 ‚
1244 2423 1294 2483 si
1322 2424 1579 2497 quidem
1605 2439 1724 2497 per
1743 2399 2293 2495 nuncupationem
2323 2421 2478 2479 flant
2494 2465 2511 2492 ,
2536 2422 2697 2481 haec
2718 2424 3046 2483 observari

231 2530 492 2579 necesse
512 2527 641 2591 est,
677 2526 752 2579 ut
780 2535 1000 2579 coram
1033 2526 1281 2594 septem
1318 2515 1581 2579 testibus
1625 2515 2042 2591 adhibitoque
2081 2517 2402 2576 tabulario
2421 2561 2439 2593 ,
2477 2524 2589 2575 aut
2620 2518 2766 2577 loco
2793 2518 2961 2592 eJus,
2993 2521 3044 2579 si

228 2611 338 2670 ille
359 2629 489 2672 non
509 2615 671 2673 adsit
687 2662 705 2689 ,
731 2622 965 2674 octavo
1002 2622 1163 2674 teste
1181 2658 1200 2692 ‚
1225 2616 1438 2689 palam
1466 2621 1738 2674 testator
1758 2660 1778 2688 ‚
1813 2614 2088 2687 primum
2110 2629 2177 2672 se
2205 2614 2341 2671 sine
2362 2614 2610 2686 scriptis
2640 2614 2802 2672 velle
2822 2616 3043 2673 testari

229 2712 547 2787 declaret,
582 2715 812 2775 deinde
852 2714 1164 2775 heredum
1192 2722 1258 2774 et
1298 2715 1558 2775 nomina
1581 2715 1897 2788 exprimat
1930 2720 1998 2774 et
2031 2714 2342 2789 cujusque
2373 2720 2485 2772 aut
2526 2714 2896 2786 dignitatem
2929 2722 3044 2773 aut

229 2822 574 2881 personam
596 2812 790 2870 certis
817 2807 1058 2870 indiciis
1084 2812 1434 2886 describat,
1462 2817 1602 2869 tum
1629 2826 1786 2869 vero
1806 2854 1821 2878 ,
1852 2825 2020 2883 quae
2049 2812 2131 2868 ad
2160 2826 2688 2884 unumquemque
2716 2816 2828 2867 aut
2854 2810 3042 2869 here-

229 2907 385 2966 dum
414 2917 529 2968 aut
549 2912 1001 2983 legatariorum
1027 2911 1840 2970 ssdeivecommissariorum
1862 2909 2190 2984 pertinere
2220 2910 2371 2969 velit
2388 2952 2406 2977 ‚
2430 2916 2740 2968 accurata
2762 2911 2862 2966 vel
2892 2926 3039 2982 par-

226 3006 390 3064 tium
413 3010 514 3067 vel
539 3025 754 3069 rerum
785 3011 1155 3070 definitione
1176 3016 1439 3069 statuat.
1472 3010 1709 3086 Quibus
1754 3012 1878 3068 rite
1910 3011 2218 3082 peractis,
2270 3025 2439 3083 quae
2471 3010 2559 3066 ita
2606 3005 2816 3068 edicta
2851 3015 3032 3083 sunt,

227 3116 377 3162 cum
407 3105 603 3165 literis
643 3108 936 3165 mandari
985 3122 1101 3179 per
1144 3100 1532 3164 tabularium
1560 3111 1818 3178 oportet
1865 3099 1930 3162 in
1968 3105 2228 3162 testium
2257 3104 2656 3178 praesentia,
2698 3111 2834 3162 tum
2878 3120 3034 3164 vero

222 3201 585 3260 eorundem
615 3203 868 3260 testium
897 3202 1217 3274 ipsiusque
1264 3201 1565 3258 tabularii
1602 3198 2071 3272 subscriptione
2099 3206 2166 3257 et
2195 3199 2636 3271 obsignatione
2684 3199 2920 3257 firmari
2965 3197 3029 3268 ¹).

223 3301 406 3376 Quod
436 3297 485 3359 si
505 3302 642 3375 jam
668 3307 817 3360 ante
838 3302 1110 3359 testandi
1139 3306 1354 3359 actum
1407 3300 1602 3358 literis
1640 3295 2001 3370 consignari
2037 3301 2432 3357 voluntatem
2478 3314 2659 3356 suam
2709 3301 3034 3358 curaverit

223 3400 531 3468 testator,
555 3406 691 3457 tum
712 3402 862 3459 item
894 3399 1266 3460 convocatis
1284 3399 1409 3468 his,
1435 3414 1592 3473 quas
1619 3394 1910 3470 diximus,
1934 3398 2220 3471 personis
2238 3441 2254 3466 ,
2280 3399 2635 3456 recitentur
2653 3411 2690 3453 a
2712 3397 3032 3458 tabulario

219 3495 324 3552 vel
369 3501 598 3553 octavo
626 3502 826 3571 teste,
857 3511 1025 3569 quae
1054 3496 1292 3568 scripta
1315 3501 1495 3561 sunt,
1529 3500 1595 3552 et
1636 3500 1981 3566 postquam
2020 3499 2215 3552 tenor
2242 3508 2469 3551 eorum
2512 3492 2805 3550 omnibus
2843 3492 3028 3552 inno-

216 3586 455 3660 tuerit,
488 3597 627 3649 tum
663 3606 819 3650 vero
847 3586 1169 3663 agnitione
1200 3607 1238 3648 a
1273 3596 1579 3649 testatore
1615 3590 1783 3648 facta
1802 3635 1818 3658 ,
1848 3589 2136 3648 similiter
2166 3590 2423 3648 tabulae
2453 3595 2521 3647 et
2547 3588 3029 3647 subscribantur

216 3695 288 3748 et
316 3684 647 3763 signentur
667 3685 733 3757 ²).
762 3693 1094 3750 caeterum
1120 3692 1290 3764 quod
1310 3691 1604 3751 nonnulli
1625 3695 1858 3763 putant
1873 3685 1943 3763 ³),
1965 3691 2191 3748 eadem
2212 3690 2317 3747 illa
2337 3730 2354 3756 ,
2384 3703 2552 3761 quae
2574 3689 2657 3746 de
2680 3701 3024 3746 coecorum

280 3858 362 3918 ¹2)
396 3862 448 3907 1..
474 3860 553 3909 20.
575 3859 668 3917 89.
687 3864 743 3910 D.
766 3863 818 3910 Ιι.
845 3866 883 3910 t.
1644 3859 1901 3917 scriptura.
1924 3882 1980 3891 —
2007 3855 2113 3902 vid.
2134 3854 2460 3902 Nellelbladt
2479 3855 2512 3901 Ι.
2535 3855 2611 3911 l.s
2643 3850 2722 3899 26.
2738 3853 2848 3899 vid.
2870 3864 3018 3913 supra

273 3920 357 3981 15)
391 3925 444 3969 L.
465 3923 546 3970 21.
570 3936 644 3982 pr.
665 3926 718 3971 C.
744 3926 798 3972 Ιι.
822 3926 861 3973 t.
886 3949 947 3959 —-
970 3924 1130 3973 Gls‘a‘ek
1150 3927 1183 3972 l.
1202 3927 1238 3971 l.
1262 3936 1311 3984 p.
1356 3921 1452 3973 454
1469 3935 1577 3983 sqq.
1643 3922 1671 3977 S
1689 3919 1803 3969 654.
1824 3926 1927 3967 not.
1953 3922 1999 3966 1.
2020 3924 2070 3965 et
2094 3919 2221 3963 intra
2258 3920 2418 3964 locum
2450 3920 2510 3964 de
2531 3915 2872 3974 adipiscendae
2895 3928 3008 3973 pos·

279 3982 363 4042 u)
395 3986 448 4032 1..
469 3984 548 4032 29.
571 3987 626 4033 C.
652 3987 707 4033 Ιι.
733 3989 863 4044 1.-3
882 3986 930 4035 4.
954 3988 993 4034 l.
1016 3988 1137 4035 eod.
1644 3984 1872 4030 sessionis
1898 3981 2170 4029 interdictis
2192 3991 2252 4026 ex
2274 3985 2564 4026 testamento
2585 3979 2723 4037 (Cap.
2747 3977 2844 4034 V.).
2859 3979 3002 4025 —Ch

280 4044 363 4104 15)
393 4048 510 4094 Nor.
538 4047 645 4097 119.
669 4062 716 4099 c.
737 4048 931 4099 9.-Cf.
953 4055 1002 4097 et
1016 4047 1290 4106 Hoeplner
1306 4050 1579 4097 comment.
1643 4050 1694 4091 et
1717 4047 1884 4092 Glcick
1895 4046 2046 4091 Pauci.
2072 4043 2257 4088 xxxv.
2284 4054 2330 4099 p.
2354 4040 2385 4088 6
2404 4054 2512 4101 sqq.

206 4108 238 4163 S
264 4104 385 4156 446.
400 4115 502 4155 not.
527 4111 576 4157 1.
1704 4106 1753 4163 4)
1787 4109 1862 4154 Cf.
1885 4108 2085 4152 omuino
2118 4102 2386 4157 Horas-ker
2407 4116 2481 4162 pr.
2512 4103 2615 4157 jur.
2657 4104 2795 4151 Rom.
2833 4102 2996 4148 Germ.

276 4169 359 4229 16)
393 4172 579 4230 fragm.
603 4175 864 4221 Modestini
882 4185 942 4222 ex
965 4175 1071 4222 Lib.
1084 4175 1165 4221 lll.
1181 4174 1461 4230 regularum
1478 4170 1579 4231 (ap.
1643 4172 1671 4226 s
1694 4166 2061 4218 tvm—otim:
2079 4168 2115 4214 l.
2137 4167 2173 4214 l.
2194 4167 2414 4224 (xxxv.)
2437 4178 2485 4223 p.
2510 4164 2572 4212 29
2594 4178 2700 4225 ΜΝ.
2725 4165 2769 4222 (S
2793 4161 2973 4217 1418.).

201 4233 484 4295 Seleumnq
521 4237 572 4281 iu
607 4237 993 4295 Jurisprudentia
1013 4236 1279 4282 ante-Just.
1302 4247 1351 4293 p.
1374 4231 1462 4281 80¹
1478 4253 1490 4266 ·
1512 4234 1566 4279 in

201 4298 290 4344 ed.
334 4298 487 4343 Berol.
527 4309 577 4357 p.
616 4297 1033 4358 uam-Glak
1072 4300 1105 4345 l.
1149 4298 1185 4344 l.
1225 4309 1276 4355 p.
1317 4294 1412 4344 ⁴08
1454 4306 1563 4354 sqq.
2246 4291 2273 4346 S
2335 4285 2447 4336 662.

204 4360 256 4418 (S
279 4356 465 4415 ¹⁴¹⁶·)·
1718 4416 1779 4475 (⁴)
1811 4416 1865 4464 1..
1881 4412 1930 4463 8.
1951 4416 2004 4463 c.
2025 4414 2120 4474 qm·
2140 4417 2254 4462 cese.
2272 4411 2385 4474 rac·
2406 4411 2664 4471 poss-(Vl.
2679 4412 2959 4469 ffl-l-Not.
2983 4436 3008 4447 -

816 4487 843 4542 s
1711 4544 1760 4600 1)
1796 4483 1918 4589 Ιὲὃ.
1939 4541 1991 4586 C.
2013 4540 2100 4587 cit.
2124 4542 2162 4595 s.
2195 4539 2394 4598 Quibus
2436 4536 2679 4587 omnibus
2718 4549 2789 4585 ex
2822 4538 3012 4585 ordine

281 4607 331 4665 1)
362 4610 390 4664 s
413 4607 491 4657 14.
514 4610 552 4655 1.
573 4609 625 4655 Ιι.
650 4611 811 4657 e.-1..
832 4612 912 4657 21.
930 4622 1003 4670 pr.
1030 4611 1083 4656 D.
1102 4610 1155 4657 Ιι.
1179 4610 1344 4656 t.—1..
1367 4611 1446 4657 91.
1471 4611 1496 4664 S
1520 4607 1569 4653 2.
1640 4606 1923 4664 per-oratis.
1958 4628 2018 4637 —
2052 4604 2312 4649 Mar-ozon
2328 4604 2380 4649 ia
2419 4599 2689 4649 Gmhnani
2717 4607 2767 4648 et
2796 4600 3014 4649 Loehrii

207 4671 266 4717 1..
291 4669 373 4717 26.
397 4673 450 4718 C.
475 4671 594 4719 eod.
1646 4672 1832 4727 Magaz.
1859 4669 1935 4714 lv.
1956 4679 2004 4725 p.
2033 4663 2124 4712 169
2147 4677 2256 4723 sqq.
2702 4722 2710 4731 ι

270 4730 323 4790 2)
358 4736 421 4780 D.
445 4732 769 4781 Nettelbtadc
786 4736 841 4780 D.
864 4735 925 4781 de
948 4733 1576 4793 testamentonuncupativo
1632 4735 1680 4783 2)
1718 4730 2100 4778 Vadatur-exoa
2119 4733 2152 4775 l.
2180 4732 2211 4772 ι.
2241 4740 2289 4786 ρ.
2309 4726 2416 4774 161.
2444 4731 2560 4784 etp.
2585 4723 2676 4772 168
2698 4734 2794 4772 tur.
2821 4728 2958 4782 3.)—

218 4796 271 4842 in
300 4797 591 4853 scripturam
630 4798 844 4844 redacto.
870 4798 975 4844 Hal.
1002 4795 1139 4845 1753.
1168 4821 1228 4833 —-
1250 4797 1326 4843 Cf.
1351 4798 1502 4843 Not.·
1524 4797 1581 4843 0.
1649 4792 1757 4842 173.
2433 4842 2444 4851 x

205 4861 248 4906 Ι.
276 4857 314 4904 l.
330 4859 357 4913 s
375 4856 423 4904 5.
448 4859 493 4915 (ς
513 4856 627 4906 659.
649 4858 699 4904 in
720 4858 793 4913 1.).
1708 4856 1757 4905 5)
1792 4856 1849 4902 V.
1872 4869 1914 4906 e.
1931 4854 2248 4907 Nettetbtadt
2263 4856 2323 4904 de
2338 4858 2447 4903 test.
2467 4862 2683 4910 nuncup.
2698 4851 2747 4899 iu
2768 4862 2862 4900 scr.
2887 4854 2994 4900 red.

291 4917 342 4975 ὅ)
374 4922 433 4966 At
452 4922 557 4968 fleri
595 4927 760 4967 tamen
791 4927 983 4982 potest,
1023 4927 1079 4969 ut
1115 4922 1188 4971 vis
1220 4920 1323 4979 eius
1344 4926 1584 4981 augeatur
1645 4922 1672 4976 s
1694 4918 1772 4969 12.
