3544 5506
953 390 1085 431 CAP.
1127 390 1172 430 1.
1216 389 1290 430 DE
1331 387 1613 430 mansonis
1652 388 1987 437 mutuamus
2025 387 2451 429 mrrmumms.
2986 374 3093 430 177

285 506 391 557 aut
420 498 778 558 infortunio
818 501 1134 572 quodam,
1171 505 1455 563 constat.
1504 499 1586 557 de
1627 513 1707 557 eo
1757 505 1976 557 autem
2023 514 2039 556 ε
2076 499 2368 572 quisnam
2417 498 2496 557 sit
2530 496 2705 570 prior
2756 504 3047 557 mortuus
3072 546 3089 568 ,

287 600 577 673 quisnam
623 598 974 671 posterior,
1022 599 1394 671 ambigitur,
1446 613 1525 657 ex
1571 597 1665 657 his
1710 598 2105 672 potissimum
2158 597 2516 670 praeceptis
2569 612 2671 654 res
2724 597 2847 654 erit
2905 599 3091 657 aesti-

289 699 519 756 manda
548 717 565 753 t
598 697 668 770 1)
700 698 995 770 Impubes
1025 705 1176 757 ante
1209 700 1517 771 puberem
1546 697 1889 757 decessisse
1934 698 2255 771 creditur,
2291 696 2407 754 nisi
2453 697 2503 753 si
2550 696 2945 754 contrarium
2978 697 3088 755 ad-

289 800 600 871 probetur
617 794 686 871 ²).
713 798 776 870 2)
809 795 1039 875 Quodsi
1067 800 1560 858 demortuorum
1585 814 1901 872 personae
1921 798 2171 870 generis
2201 813 2277 856 ac
2304 797 2622 869 sanguinis
2651 796 2894 868 origine
2921 798 3089 856 inter

290 909 355 953 se
382 894 565 952 suere
587 893 1008 968 conjunctae,
1045 895 1415 967 parentibus
1444 894 1859 967 supervixisse
1901 900 2088 952 natos
2108 936 2125 967 ,
2159 893 2267 966 qui
2292 893 2548 966 quidem
2577 893 2930 963 pubertatis
2973 909 3089 951 an-

290 1002 406 1045 nos
435 988 921 1059 compleverunt
942 1029 959 1057 ,
992 984 1277 1047 similiter
1306 988 1649 1047 dicendum
1678 994 1778 1045 est
1803 983 1881 1064 ³).
1911 987 1972 1059 2)
2003 982 2107 1044 Sin
2137 987 2317 1058 haec,
2349 1001 2540 1059 quam
2566 987 2757 1044 modo
2782 986 3054 1045 diximus
3075 1027 3092 1056 ,

288 1084 757 1159 conjunctionis
801 1083 969 1141 ratio
1013 1083 1185 1141 inter
1221 1083 1781 1141 commorientium
1831 1097 2138 1156 personas
2190 1096 2319 1140 non
2367 1082 2733 1148 intercedit,
2784 1097 2904 1140 nec
2937 1097 3091 1141 vero

290 1184 520 1256 prioris
544 1178 707 1240 illius
737 1184 995 1253 regulae
1017 1198 1169 1240 usus
1193 1197 1331 1240 esse
1360 1187 1608 1256 potest,
1643 1187 1987 1255 propterea
2013 1183 2188 1255 quod
2216 1187 2489 1254 uterque
2511 1187 2805 1239 mortuus
2828 1187 2939 1239 aut
2970 1198 3089 1254 pu-

287 1283 400 1342 bes
423 1282 562 1348 suit,
595 1290 709 1340 aut
738 1284 1029 1355 impubes
1049 1326 1066 1356 ,
1093 1289 1231 1341 tum
1261 1298 1359 1353 ea,
1391 1297 1560 1355 quae
1585 1299 1617 1340 a
1656 1290 1864 1342 morte
1902 1284 2000 1341 vel
2040 1277 2376 1354 utriusque
2404 1283 2504 1341 vel
2547 1281 2914 1339 alterutrius
2939 1297 3094 1355 pen-

289 1380 443 1436 dent
463 1419 479 1447 ,
519 1394 691 1436 nunc
729 1378 910 1436 irrita
937 1379 1297 1437 redduntur
1319 1419 1335 1445 ‚
1370 1393 1543 1436 nunc
1566 1385 2039 1437 conservantur
2059 1375 2082 1410 ³
2103 1377 2184 1451 a).
2212 1378 2469 1455 Quoties
2497 1371 2667 1435 enim
2706 1377 2871 1435 ratio
2900 1394 3097 1451 quae-

289 1479 438 1536 dam
457 1521 473 1546 ,
501 1484 612 1536 aut
636 1479 947 1536 naturalis
971 1485 1083 1536 aut
1107 1475 1303 1537 civilis
1319 1521 1335 1545 ,
1372 1479 1638 1551 impedit
1660 1522 1676 1548 ,
1722 1494 1855 1552 quo
1878 1479 2084 1536 minus
2110 1472 2188 1535 ad
2216 1472 2450 1536 exitum
2489 1476 2814 1548 perveniat
2838 1492 2938 1534 res
2962 1517 2978 1544 ‚
3010 1479 3092 1536 de

291 1595 420 1652 qua
451 1579 661 1650 agitur
684 1620 701 1653 ‚
736 1578 849 1636 nisi
881 1579 945 1636 id
987 1579 1226 1651 ipsum,
1272 1574 1412 1651 quis
1439 1574 1717 1651 primus,
1756 1575 1898 1651 quis
1928 1585 2287 1651 postremus
2314 1577 2580 1650 obierit,
2632 1577 2908 1642 sciatur,
2957 1582 3096 1636 tum

291 1690 458 1746 quae
488 1690 564 1731 ex
590 1672 698 1731 illo
726 1674 1150 1748 pependerint
1188 1674 1412 1746 utique
1442 1690 1561 1747 pro
1608 1674 1805 1733 nihilo
1836 1675 2131 1732 habenda
2159 1680 2308 1731 sunt
2328 1668 2407 1748 ⁴);
2441 1673 2618 1744 quod
2656 1671 2912 1744 quidem
2943 1687 3098 1730 con-

291 1778 393 1827 tra
437 1770 503 1825 fit
526 1812 542 1834 ,
570 1783 715 1826 cum
752 1769 815 1825 in
859 1768 937 1827 iis
965 1769 1205 1837 causis,
1252 1783 1419 1841 quae
1466 1775 1532 1828 et
1560 1785 1676 1827 sua
1717 1775 1954 1827 natura
1982 1784 2102 1826 nec
2131 1767 2613 1826 adversantibus
2655 1767 2892 1838 legibus
2915 1767 3093 1826 beni-

290 1868 578 1940 gniorem
622 1868 955 1943 patiuntur
998 1863 1599 1940 interpretationem
1622 1866 1694 1938 ⁶),
1740 1876 1879 1927 tum
1918 1884 2075 1928 vero
2114 1864 2178 1925 in
2224 1863 2330 1937 iis,
2381 1882 2546 1940 quae
2591 1873 2799 1924 morte
2830 1867 3094 1927 alterius

291 1964 609 2037 efficiunt,
652 1972 724 2023 ut
749 1968 940 2037 pleno
956 1964 1104 2039 jure
1130 1964 1312 2024 alteri
1355 1966 1735 2040 adquiratur
1757 2006 1775 2035 ,
1804 1963 1979 2039 quod
2022 1960 2400 2037 imperfecto
2426 1962 2573 2037 jure
2603 1963 2878 2021 antehac
2916 1966 3090 2037 apud

291 2075 437 2119 eum
467 2059 656 2118 suerit
684 2055 762 2135 ⁶).

921 2248 948 2322 S
978 2254 1119 2313 186.
1155 2253 1238 2310 De
1260 2259 1439 2310 morte
1465 2269 1896 2330 nonnumquam
1915 2250 2331 2330 praesumenda
2352 2248 2453 2327 (²¹¹).

372 2448 751 2519 Plerumque
781 2462 953 2505 mors
974 2490 991 2518 ‚
1041 2442 1231 2505 etiam
1262 2446 1538 2506 absentis
1559 2491 1576 2523 ,
1622 2449 1954 2521 probanda
1982 2445 2161 2522 est¹).
2193 2451 2485 2506 Attamen
2524 2464 2560 2506 e
2592 2449 2799 2521 patria
2827 2446 3092 2510 domici-

290 2545 452 2606 liove
495 2547 724 2604 absens
746 2587 765 2616 ‚
797 2546 878 2605 de
920 2561 1053 2619 quo
1077 2553 1143 2604 et
1169 2547 1278 2604 ubi
1301 2554 1625 2616 moretur,
1664 2554 1729 2606 et
1755 2549 2019 2606 omnino
2055 2549 2218 2606 sitne
2248 2554 2603 2623 superstes,
2631 2563 2714 2606 an
2758 2555 3052 2609 mortuus
3071 2594 3088 2622 ,

281 2645 418 2720 jam
443 2647 685 2705 dudum
712 2645 863 2703 nihil
908 2646 1195 2704 auditum
1220 2652 1347 2720 est,
1393 2653 1731 2720 postquam
1762 2662 1885 2705 nec
1923 2662 2042 2720 per
2081 2646 2360 2706 edictum
2403 2647 2624 2705 adesse
2656 2646 2867 2720 jussus
2889 2663 3088 2721 appa-

289 2743 447 2814 ruit,
491 2748 784 2801 mortuus
815 2742 1043 2818 judicis
1089 2743 1406 2801 sententia
1449 2738 1907 2817 pronuntiatur
1934 2741 2005 2815 ²).
2049 2743 2594 2820 Quemadmodum
2633 2748 2850 2802 autem
2882 2749 3089 2804 totum

283 2839 445 2898 istoc
456 2854 792 2897 causarum
809 2854 1008 2910 genus
1030 2855 1105 2898 ex
1119 2839 1269 2914 jure
1291 2842 1575 2898 Romano
1596 2840 1799 2913 repeti
1827 2839 2081 2898 minime
2098 2846 2305 2913 potest
2320 2840 2423 2914 (cs.
2444 2839 2647 2911 inira§
2667 2841 2786 2900 608
2815 2846 2949 2898 not.
2968 2840 3084 2914 4.),

284 2939 373 2996 ita
395 2954 482 2996 ne
505 2940 586 2997 de
616 2953 696 2996 eo
728 2939 986 3011 quidem
1006 2980 1021 3007 ‚
1055 2955 1183 3012 qua
1210 2939 1351 3012 quis
1381 2946 1590 2998 aetate
1613 2955 1730 3013 pro
1752 2947 2011 2999 mortuo
2040 2935 2372 2997 habendus
2401 2940 2513 3009 sit,
2545 2939 2703 2997 certi
2738 2940 3087 3013 quidquam

283 3039 392 3096 iilo
412 3037 561 3112 jure
591 3038 925 3096 definitum
950 3044 1068 3110 est.
1105 3041 1255 3096 Nam
1279 3041 1450 3111 quod
1483 3040 1771 3098 scribunt
1796 3039 1957 3114 juris
1985 3039 2185 3097 nostri
2213 3046 2551 3097 auctores:
2581 3043 2840 3096 centum
2883 3053 3087 3098 anno-

344 3243 398 3303 2)
415 3246 469 3292 L.
490 3243 541 3291 9.
560 3246 587 3300 S
609 3242 659 3291 4.
682 3244 731 3290 in
745 3244 783 3291 1.
804 3246 863 3292 L.
883 3245 961 3293 23.
984 3246 1040 3293 D.
1059 3245 1128 3292 de
1151 3245 1261 3293 reb.
1282 3245 1409 3292 dub.
1434 3245 1658 3304 (xxxiv,
1722 3244 1872 3303 priori
1892 3249 2087 3291 mortuo
2112 3244 2266 3290 trater
2281 3244 2345 3291 ah
2364 3245 2595 3292 intestato
2615 3244 2758 3292 heres
2778 3247 2898 3305 erit,
2923 3253 3086 3304 poste·

281 3304 472 3363 5.)-1..
498 3306 580 3354 26.
609 3320 687 3366 pr.
711 3308 765 3352 D.
791 3308 858 3355 de
874 3312 1021 3365 pact.
1044 3307 1210 3356 dolat.
1233 3309 1418 3367 (xxiii,
1437 3306 1508 3359 4.)
1525 3333 1578 3341 --
1602 3309 1656 3354 L.
1723 3307 1841 3353 riori
1859 3308 2173 3366 substitutus3
2199 3308 2246 3352 in
2268 3318 2323 3351 ea
2342 3313 2501 3353 tamen
2517 3308 2787 3355 hereditate
2802 3311 2951 3355 etiam
2971 3316 3088 3356 ante

283 3368 363 3415 11.
389 3373 416 3426 s
442 3371 486 3415 1.
511 3372 565 3416 1).
600 3369 668 3416 de
699 3374 844 3428 capt.
878 3376 931 3419 ee
960 3371 1187 3427 postam.
1225 3372 1414 3432 (Xth,
1458 3370 1558 3429 15.)
1600 3396 1655 3404 -
1722 3369 1943 3416 defuncti
1984 3369 2066 3415 filii
2106 3369 2307 3415 habebit
2344 3368 2670 3417 hereditatem
2701 3386 2712 3416 :
2746 3372 2794 3417 in
2839 3372 3084 3429 proposita

284 3432 462 3477 Archiv
483 3432 521 3478 f.
545 3431 740 3477 civilist.
760 3433 844 3478 Pr.
864 3447 916 3493 p.
945 3431 1042 3479 399
1064 3457 1124 3466 —-
1148 3429 1262 3481 403.
1723 3436 1889 3477 autem
1913 3432 2226 3489 quaestione,
2257 3431 2336 3476 ubi
2359 3432 2503 3478 simul
2528 3434 2807 3491 perierunt,
2829 3434 2944 3490 quis
2970 3445 3083 3480 cum

345 3495 460 3549 ΞΗ..
477 3491 527 3539 9.
546 3494 796 3551 §ulte-L.
815 3494 891 3542 16.
919 3507 994 3553 pr.
1019 3497 1075 3541 D.
1094 3494 1160 3540 de
1178 3495 1287 3543 reb.
1300 3494 1426 3541 dub.
1445 3493 1460 3549 (
1477 3511 1499 3535 u
1515 3495 1652 3549 Quod
1718 3494 1881 3539 neutri
1922 3494 2073 3540 frater
2108 3499 2352 3550 superstes
2385 3494 2507 3553 fuit,
2532 3495 2669 3553 quasi
2706 3496 2898 3553 utrique
2927 3496 3087 3542 ultimi

281 3557 344 3603 de
368 3556 553 3614 pariter
581 3558 784 3604 mortuis
818 3562 1081 3605 tractamus
1111 3561 1160 3602 et
1190 3558 1238 3603 in
1270 3558 1378 3603 aliis
1410 3558 1651 3614 agitatum
1717 3556 1977 3601 decessisse
2019 3556 2109 3603 sihi
2144 3553 2398 3601 videantur
2418 3559 2439 3601 7
2472 3568 2536 3603 an
2574 3570 2693 3603 vero
2733 3558 2894 3604 neutri
2914 3593 2930 3615 ,
2965 3559 3078 3616 quia

281 3622 355 3664 est
378 3633 390 3663 :
418 3623 473 3663 ut
506 3630 621 3664 ecce
637 3652 652 3674 ‚
674 3620 713 3665 si
739 3625 895 3667 mater
918 3621 1146 3677 stipulata
1171 3625 1244 3665 est
1260 3653 1275 3676 ,
1299 3619 1469 3665 dotem
1493 3630 1517 3663 a
1546 3630 1650 3663 ma·
1713 3619 2014 3677 comparatio
2054 3618 2332 3677 posterioris
2366 3620 2640 3665 decedentis
2672 3632 2728 3665 ex
2753 3620 2883 3665 facto
2906 3620 3080 3679 prioris

280 3681 399 3739 rito,
424 3686 618 3726 mortua
643 3682 742 3727 fllia
770 3683 820 3725 in
840 3682 1155 3729 matrimonio
1173 3716 1187 3739 ,
1208 3681 1299 3728 sihi
1324 3682 1458 3729 reddi
1477 3715 1493 3735 ,
1513 3686 1561 3725 et
1582 3680 1648 3725 si·
1714 3682 1892 3726 mortui
1916 3681 2158 3727 sumitur?
2180 3681 2274 3726 Sed
2298 3681 2518 3736 superior
2540 3682 2782 3728 sententia
2818 3684 2969 3739 magis
2993 3683 3084 3729 ad·

280 3744 385 3788 mul
407 3754 522 3788 cum
544 3743 645 3789 fllia
667 3744 795 3801 perit
819 3759 829 3789 :
856 3756 919 3791 an
940 3745 1000 3790 ad
1019 3742 1250 3790 heredem
1279 3743 1366 3793 [al.
1393 3748 1442 3790 et
1461 3743 1649 3789 heredi·
1713 3744 1953 3789 mittenda
1974 3749 2069 3801 est,
2096 3747 2147 3788 ut
2170 3743 2364 3800 utrique
2383 3742 2522 3789 heres
2544 3747 2608 3790 sit
2632 3761 2642 3791 ι
2669 3756 2782 3790 nam
2800 3749 2848 3789 et
2867 3747 2950 3803 qui
2978 3745 3082 3789 uni·

281 3804 395 3863 bus]
414 3806 586 3850 matris
600 3806 729 3851 aetio
746 3816 804 3850 ex
817 3806 1048 3865 stipulatu
1063 3810 1390 3864 competeret?
1409 3806 1524 3852 etD.
1537 3805 1650 3850 Pius
1712 3817 1823 3850 cum
1839 3805 1993 3851 fllium
2012 3805 2178 3861 habet,
2195 3806 2233 3850 si
2254 3815 2533 3861 supremum
2559 3807 2785 3852 morienti
2808 3806 3080 3864 substituit,

278 3868 561 3925 rescripsit,
603 3879 702 3913 non
744 3879 849 3913 esse
891 3868 1203 3914 commissam
1245 3868 1612 3927 stipulationem
1635 3882 1646 3912 :
1714 3879 1813 3912 non
1856 3868 2046 3913 videtur
2087 3867 2325 3913 inutiliter
2369 3867 2673 3914 substituisse
2695 3901 2710 3924 ,
2743 3873 2791 3913 et
2836 3871 3083 3925 proximus

277 3931 397 3988 quia
419 3933 580 3975 mater
599 3929 727 3974 filiae
750 3941 850 3976 non
872 3931 1159 3989 supervixit.
1185 3933 1241 3988 n)
1266 3932 1319 3977 L.
1341 3931 1423 3978 22.
1453 3931 1507 3976 D.
1530 3930 1649 3975 eod.
1713 3931 1953 3986 adgnatus
1981 3930 2266 3986 intelligitur
2287 3929 2433 3975 etiam
2450 3962 2465 3987 ‚
2486 3930 2572 3989 qui
2606 3931 2736 3976 solus
2770 3934 2869 3985 est,
2902 3931 3084 3989 quique

280 4016 337 4025 -
360 3993 418 4037 1..
442 3988 494 4037 9.
518 3993 544 4046 ς
563 3992 610 4036 1.
633 3990 751 4037 eod.
775 4016 835 4025 —-
855 3992 931 4039 Cl'.
954 3992 1126 4038 Archiv
1160 3992 1195 4039 1.
1229 3994 1320 4039 civ.
1348 3996 1426 4040 Pr.
1465 4006 1512 4051 p.
1537 3988 1651 4037 405.
1714 3992 1958 4038 neminem
1992 3992 2235 4039 antecedit
2267 4007 2277 4037 :
2313 3994 2361 4035 et
2397 3991 2473 4037 hic
2506 3992 2699 4049 utrique
2719 4025 2732 4045 ,
2766 3991 2882 4048 quia
2916 3995 3080 4040 neutri

277 4060 329 4101 et
350 4051 466 4102 404.
489 4055 587 4099 vol.
615 4051 694 4099 17.
717 4077 782 4088 --
802 4054 954 4110 Culus
976 4057 1174 4112 regulae
1195 4057 1505 4113 exceptiones
1538 4058 1653 4100 sunt
1716 4063 1886 4099 eorum
1909 4056 2033 4100 alter
2053 4057 2295 4112 superstes
2321 4053 2412 4098 fuit
2427 4088 2441 4110 ‚
2474 4055 2634 4099 ultimi
2668 4054 2907 4111 primique
2939 4055 3074 4101 obie-

276 4119 327 4173 a)
347 4120 397 4165 L.
421 4115 472 4163 9.
502 4118 529 4173 S
556 4116 604 4161 2.
622 4114 928 4172 eod.-b)1..
951 4114 1028 4162 17.
1048 4118 1075 4171 S
1097 4115 1145 4163 7.
1169 4118 1223 4164 D.
1254 4118 1332 4164 ad
1359 4121 1465 4165 Sct.
1503 4115 1647 4162 Treb.
1712 4121 1846 4161 runt.
1872 4135 1892 4155 n
1921 4118 2027 4162 vid.
2056 4116 2225 4163 Archiv
2261 4115 2297 4162 f.
2331 4115 2422 4159 civ.
2458 4116 2537 4161 Pr.
2573 4128 2620 4174 p.
2659 4112 2750 4162 414
2788 4140 2843 4148 --
2879 4114 2992 4163 418.
3028 4123 3080 4164 et

278 4177 754 4236 (xxxvl,1.)—-Cf.
770 4178 926 4225 Gltielc
944 4179 1369 4239 intestaterbtolge
1391 4184 1417 4238 ς
1434 4179 1482 4227 5.
1497 4192 1544 4237 p.
1568 4177 1646 4225 10.
1713 4178 1953 4225 Gaedclce
1981 4180 2012 4224 l.
2037 4178 2070 4223 l.
2096 4191 2144 4234 p.
2166 4175 2232 4222 90
2252 4187 2359 4234 sqq.
2386 4200 2445 4208 —-
2466 4177 2519 4223 1..
2542 4175 2591 4222 9.
2615 4180 2641 4234 ς
2662 4174 2709 4223 5.
2734 4177 2855 4224 eod.

277 4266 336 4276 -
371 4238 617 4288 caedeke
647 4239 779 4286 inter
810 4240 1014 4297 puberes
1053 4241 1292 4289 roeminae
1329 4240 1648 4300 supervixisse
1772 4237 1820 4294 6)
1840 4241 1891 4286 L.
1912 4238 1992 4286 52.
2014 4240 2039 4294 s
2063 4237 2141 4285 14.
2161 4241 2215 4284 1).
2242 4236 2506 4284 dodonae.
2533 4239 2633 4287 int.
2660 4241 2729 4286 V.
2746 4242 2800 4286 et
2820 4240 3078 4298 U.(xxlv,

277 4304 551 4362 praesumit
573 4313 779 4358 marem,
802 4303 979 4361 quippe
998 4303 1079 4361 qui
1101 4316 1303 4365 corpore
1322 4305 1568 4352 robustior
1585 4303 1648 4347 sit
1714 4300 1905 4356 1.)-1..
1930 4299 1979 4346 8.
2006 4303 2059 4347 D.
2095 4303 2163 4346 de
2185 4300 2294 4347 reb.
2318 4300 2565 4348 dub.—l..
2601 4300 2679 4348 20.
2704 4303 2755 4348 D.
2783 4301 2850 4348 de
2869 4314 2936 4349 m.
2957 4313 3006 4352 c.
3023 4304 3076 4351 d.

277 4366 312 4413 Ι.
337 4368 370 4413 l.
397 4379 448 4424 p.
473 4363 555 4412 38.
589 4376 639 4421 p.
660 4361 724 4411 48
742 4375 850 4422 sqq.
874 4362 1054 4423 p.121.
1712 4361 1937 4421 (xxxix,
1958 4362 2028 4420 6.)

335 4427 438 4487 δα)
462 4426 759 4474 Gaedckel.
777 4429 811 4472 l.
834 4438 882 4483 p.
902 4424 993 4473 125
1010 4440 1117 4486 sqq.
1195 4426 1201 4433 ’
2291 4425 2317 4479 S
2355 4420 2457 4473 186.

335 4489 383 4548 4)
406 4494 454 4549 a)
479 4493 531 4537 L.
552 4488 635 4537 54.
657 4490 711 4536 D.
732 4489 811 4535 ad
827 4489 933 4535 Set.
960 4491 1106 4538 Treb.
1130 4517 1185 4524 —
1213 4492 1263 4537 L.
1289 4487 1367 4538 18.
1389 4502 1465 4549 pr.
1484 4486 1570 4538 etS
1598 4491 1643 4536 1.

275 4553 332 4602 D.
351 4554 423 4600 de
443 4553 555 4599 neb.
581 4550 712 4598 dub.
737 4577 793 4584 -
817 4551 865 4608 b)
887 4551 939 4596 1..
962 4550 1041 4598 16.
1076 4555 1102 4609 ς
1136 4553 1180 4599 1.
1204 4555 1255 4599 L.
1283 4552 1359 4599 17.
1389 4553 1508 4599 eod.
1777 4551 1838 4607 (⁸)
1861 4551 2059 4605 Leyser
2079 4550 2207 4595 med.
2229 4551 2291 4595 ad
2314 4552 2466 4597 Pand.
2492 4562 2623 4610 spec.
2650 4548 2731 4597 96.

335 4618 384 4672 5)
398 4617 451 4663 1..
467 4614 519 4664 9.
537 4628 613 4675 pr.
632 4614 687 4658 D.
709 4614 779 4661 de
802 4612 910 4659 reb.
931 4612 1056 4662 dub.
1077 4616 1366 4673 (Tryphon.
1390 4615 1492 4661 Lib.
1517 4615 1637 4660 xxi.
1781 4612 1826 4669 1)
1851 4613 1966 4658 Nov.
1988 4609 2095 4658 117.
2110 4624 2155 4658 c.
2172 4611 2248 4658 11.
2266 4636 2321 4645 —-
2338 4611 2760 4671 temer-specs&
2779 4616 2828 4657 et
2846 4623 2973 4671 spec.
2992 4609 3075 4661 96.

275 4679 461 4737 Disput.
486 4693 512 4720 «ι
535 4679 627 4734 Qui
649 4675 775 4723 duos
795 4677 1067 4733 impuberes
1087 4679 1211 4724 tilios
1230 4677 1460 4731 habebat,
1478 4677 1540 4731 ci,
1558 4677 1640 4734 qni
1709 4676 1837 4720 med.
1859 4672 1935 4719 10.
1952 4700 2005 4707 -
2023 4672 2096 4720 ci.
2118 4676 2170 4719 L.
2193 4672 2242 4719 2.
2266 4676 2292 4729 S
2313 4673 2361 4722 4.
2386 4678 2440 4721 D.
2461 4679 2579 4721 test.
2601 4675 2908 4735 quemadm.
2928 4687 3079 4734 aper.

272 4752 524 4800 supremus
548 4737 794 4797 moritur,
833 4738 926 4799 [al.
960 4747 1259 4796 moreretur,
1284 4739 1538 4795 moriatur]
1561 4739 1642 4784 Ti·
1704 4738 1887 4798 (ΧΧΙΧ,
1914 4734 2186 4793 3.)-[Cod.
2214 4738 2332 4793 Nap.
2358 4736 2609 4795 tis-1454

273 4804 389 4851 tium
413 4803 677 4851 substituit
702 4818 713 4846 :
741 4802 841 4847 duo
877 4802 1152 4858 impuberes
1175 4803 1317 4848 simul
1342 4803 1389 4847 in
1415 4813 1534 4847 nave
1557 4813 1642 4858 pe·
1769 4801 1817 4856 2)
1836 4800 1910 4845 Cf.
1933 4800 2260 4845 C.A.Haase
2278 4800 2401 4846 uber
2415 4801 2851 4857 Edictailadungen
2874 4813 2924 4845 u.
2946 4801 3080 4846 Edic-

271 4867 470 4914 rierunt.
496 4866 791 4922 Quaesitum
811 4867 901 4918 est,
923 4874 985 4908 an
1009 4863 1273 4911 substituto
1289 4899 1303 4923 ‚
1328 4868 1378 4909 et
1396 4864 1536 4918 cuius
1555 4863 1643 4908 be·
1711 4861 2270 4920 talprocessausserhaib
2290 4864 2339 4910 d.
2362 4864 2508 4911 Conc.
2528 4863 2712 4922 (Leipz.
2735 4862 2896 4921 1817.)
2917 4874 2964 4921 p.
2988 4861 3074 4909 101

273 4931 448 4979 reditas
468 4927 772 4977 deteratur?
794 4926 917 4987 Dixi,
942 4928 979 4971 si
1001 4925 1172 4975 ordine
1194 4928 1293 4974 vita
1313 4926 1649 4985 decessissent,
1719 4950 1778 4957 -κ
1801 4921 1910 4973 104.
1933 4935 1982 4983 p.
2011 4923 2095 4972 111
2124 4948 2183 4958 —-
2209 4922 2318 4973 156.

2632 5038 2753 5095 ’25
