3544 5506
1011 359 1143 404 CAP.
1184 358 1284 404 VI.
1325 361 1401 404 ΒΕ
1440 361 1809 406 maneamus
1848 363 1921 406 m·
1962 360 2353 409 nmmum.
2985 359 3095 418 29⁷

279 483 389 528 eas
432 481 573 537 res,
611 483 779 543 quae
802 476 915 529 aut
943 471 1321 530 nominatim
1352 479 1661 546 exceptae
1701 472 2079 534 dimissaeve
2112 481 2262 534 sunt
2283 474 2381 554 ¹³),
2412 482 2555 544 aut,
2608 478 2671 535 in
2717 479 3095 544 voluntariis

285 566 548 639 quidem
580 560 1217 639 oppignerationibus
1235 612 1251 640 ‚
1285 582 1446 641 quas
1473 565 1818 628 verisimile
1847 576 1972 643 est,
1996 571 2356 631 debitorem
2383 573 2747 646 specialiter
2781 578 3097 651 obligatu-

281 680 423 722 rum
454 681 587 723 non
618 664 806 723 fuisse
831 664 922 736 ¹⁴).
975 665 1063 740 11)
1094 667 1223 725 Alia
1256 669 1450 726 etiam
1477 669 1731 728 ratione
1758 672 2059 741 generale
2089 672 2314 744 pignus
2342 675 2582 746 opponi
2614 677 2777 734 solet
2799 677 3095 755 speciali3

282 777 450 836 quae
471 762 730 833 quidem
751 761 1095 834 disiunctio
1124 779 1327 837 prope
1346 764 1594 823 infinita
1620 772 1718 823 est
1735 807 1751 834 ‚
1785 764 2096 838 siquidem
2119 766 2353 843 speciale
2379 770 2460 827 ad
2488 769 2551 828 id
2574 770 2886 845 refertur,
2918 779 3096 847 quod

280 877 316 921 a
349 868 497 921 toto
534 857 852 920 eximitur.
901 858 1100 935 Igitur
1145 864 1444 923 universo
1484 865 1793 924 debitoris
1826 866 2213 938 patrimonio
2259 868 2349 926 ita
2378 867 2629 942 pignori
2668 872 2979 944 obligato,
3020 885 3095 936 ut

276 961 656 1020 universitas
693 960 1020 1021 bonorum
1066 965 1421 1036 quaedam,
1467 966 1643 1024 velut
1671 963 1918 1037 gregis,
1966 972 2080 1024 aut
2107 966 2369 1028 omnino
2403 971 2685 1029 omnium
2727 974 3091 1046 mobilium,

277 1063 381 1120 vel
408 1062 760 1134 excipiatur
777 1099 795 1130 ‚
823 1059 925 1120 vel
951 1065 1298 1135 separatim
1325 1065 1640 1137 obligetur
1658 1109 1676 1141 ‚
1721 1065 1894 1124 haud
1918 1081 2074 1125 sane
2101 1069 2523 1128 dubitandum
2542 1114 2560 1146 ‚
2590 1072 2742 1145 quin
2768 1088 2842 1132 ex
2871 1089 3095 1149 recep·

278 1157 517 1220 tissima
559 1160 864 1234 loquendi
907 1164 1373 1223 consuetudine
1413 1164 1844 1224 universitatis
1892 1166 2150 1242 pignus,
2184 1173 2514 1242 tamquam
2544 1170 2845 1244 speciale.
2887 1188 3093 1247 oppo-

276 1267 475 1320 natur
503 1260 952 1319 universorum
988 1263 1308 1321 bonorum
1339 1264 1631 1337 pignori,
1664 1270 1739 1322 ut
1785 1265 2094 1337 generali.
2127 1264 2373 1333 Rursus
2416 1276 2669 1337 autem,
2707 1272 2756 1330 si
2806 1269 3087 1345 plurium

276 1370 497 1413 rerum
519 1356 886 1427 complexus
905 1397 923 1429 ,
953 1354 1084 1414 sive
1104 1356 1308 1415 certis
1332 1358 1634 1416 definitae
1658 1358 1784 1416 sint
1811 1360 2143 1432 speciebus
2170 1361 2303 1419 sive
2329 1377 2462 1421 non
2480 1407 2497 1435 ‚
2527 1364 2776 1443 pignori
2803 1365 3092 1439 obligan-

275 1459 413 1530 tur,
447 1455 529 1512 de
560 1454 817 1526 singulis
837 1469 993 1514 vero
1025 1471 1102 1514 ex
1128 1471 1207 1515 eo
1239 1472 1513 1517 numero
1540 1458 1905 1531 specialiter
1931 1461 2250 1532 quaedam
2272 1467 2465 1520 cauta
2492 1470 2643 1522 sunt
2661 1507 2676 1532 ,
2711 1464 2865 1523 nihil
2888 1461 3086 1540 impe—

273 1551 398 1618 dit,
424 1564 559 1623 quo
583 1551 789 1608 minus
817 1550 1004 1623 huius
1029 1567 1292 1625 quoque
1317 1552 1757 1627 disjunctionis
1788 1554 2242 1625 significandae
2280 1573 2357 1616 ac
2387 1557 2817 1619 declarandae
2846 1562 3049 1633 gratia
3067 1608 3084 1636 ,

270 1651 501 1709 eadem
531 1650 637 1708 illa
660 1651 910 1722 generis
953 1657 1021 1709 et
1048 1652 1283 1725 speciei
1316 1654 1515 1712 verba
1543 1653 1971 1714 adhibeantur
2005 1650 2095 1728 ¹⁵).
2121 1652 2314 1734 Cuius
2342 1657 2665 1718 divisionis
2692 1658 2784 1717 vis
2814 1676 2891 1719 ac
2918 1662 3085 1721 ratio

271 1749 370 1805 vel
398 1746 673 1805 maxime
696 1748 1068 1808 continetur
1091 1749 1254 1825 juris
1274 1746 1631 1811 communis
1654 1751 1876 1824 regula
1891 1794 1908 1828 ,
1933 1767 2063 1826 qua
2091 1749 2485 1828 praecipitur
2513 1772 2530 1812 ε
2560 1755 2791 1834 ‘speciem
2818 1754 3087 1835 deroqare

268 1841 462 1918 amm·
492 1839 588 1918 ¹⁸>-

841 2063 943 2102 nr.
979 2068 1035 2103 n.
1071 2066 1250 2116 Quum
1282 2065 1433 2103 101118
1465 2065 1639 2104 nelma
1672 2068 1732 2104 81·
1764 2066 2136 2104 connlwu'tm
2168 2069 2229 2105 n·
2263 2070 2519 2106 ulturum.

639 2256 669 2329 S
710 2254 854 2315 507.
902 2254 951 2331 Ι)
991 2256 1075 2313 De
1108 2253 1423 2334 piqnorum
1463 2254 1891 2317 constitutione.
1937 2255 2281 2336 Arqumenti
2320 2258 2706 2322 adumbratio.

351 2473 710 2550 Antiquitus
735 2476 992 2550 quidem
1022 2478 1191 2535 duae
1224 2483 1408 2536 erant
1435 2492 1655 2535 rerum
1693 2478 1871 2535 velut
1899 2477 2301 2551 obligationis
2347 2478 2593 2540 formae
2629 2500 2646 2537 ε
2693 2482 2925 2542 fiducia
2943 2481 2984 2558 ¹)
3014 2490 3081 2542 et

274 2577 534 2649 pignus,
591 2577 910 2651 huiusque
953 2578 1047 2636 vis
1092 2577 1299 2637 omnis
1325 2576 1392 2634 in
1427 2578 1563 2635 sola
1604 2577 2063 2636 custodiendae
2093 2574 2598 2652 retinendaeque
2629 2584 2722 2640 rei
2768 2589 3085 2655 potestate

267 2674 477 2747 posita
504 2679 681 2744 erat,
729 2674 932 2731 donec
961 2674 1067 2746 jus
1103 2672 1509 2745 possessionis
1551 2672 1943 2745 impertitum
1983 2679 2079 2732 est
2107 2676 2529 2735 creditoribus
2548 2673 2617 2752 2).
2662 2682 3085 2738 Accesserunt

264 2771 572 2843 deinceps
596 2770 760 2829 aliae
788 2771 981 2829 etiam
1015 2785 1237 2828 rerum
1276 2765 1765 2842 obligandarum
1793 2768 2078 2847 formae,
2123 2778 2196 2830 ut
2224 2773 2624 2846 hypothecae
2642 2770 2687 2847 8)
2707 2814 2725 2843 ,
2759 2782 2832 2834 ut
2878 2784 3080 2836 testa-

262 2871 564 2929 mentarii
591 2870 870 2943 pignoris
889 2914 906 2941 ,
928 2876 1003 2927 ut
1023 2884 1249 2928 eorum
1265 2911 1281 2938 ‚
1311 2885 1477 2943 quae
1501 2876 1612 2927 aut
1640 2885 1678 2927 a
1702 2869 1855 2942 legis
1883 2877 1996 2929 aut
2017 2887 2055 2928 a
2081 2874 2489 2945 magistratus
2517 2872 2902 2935 auctoritate
2927 2893 3079 2949 pro-

265 2971 675 3045 ficiscuntur3
706 2970 927 3043 hisque
950 2971 1218 3029 subinde
1261 2965 1454 3028 etiam
1478 2971 1542 3027 in
1570 2985 1707 3028 rem
1753 2970 1926 3030 actio
1960 2972 2175 3030 addita
2204 2979 2302 3031 est
2324 2969 2406 3047 ⁴),
2438 2977 2654 3046 quoad
2700 2976 2960 3048 quidem
2983 2977 3077 3036 rei

265 3067 590 3140 obligatae
636 3073 870 3126 natura
908 3067 974 3125 id
1019 3073 1351 3141 pateretur
1385 3062 1429 3134 (§
1459 3065 1654 3136 522.).
1704 3066 1940 3143 Quodsi
1984 3067 2176 3139 igitur
2201 3070 2284 3129 de
2327 3071 2753 3130 constituendi
2796 3067 3077 3144 pignoris

259 3255 557 3309 Fului-arum
596 3274 759 3310 rerum
799 3263 974 3322 pignus
1013 3263 1097 3310 hic
1135 3272 1331 3322 quoque
1352 3273 1450 3310 non
1473 3275 1532 3311 ex
1552 3265 1637 3312 ad·
1704 3272 1874 3319 opusc.
1901 3273 1951 3320 p.
1969 3258 2061 3308 144
2086 3262 2215 3321 sqq.)
2249 3264 2309 3295 -“
2344 3264 2396 3309 L.
2423 3262 2469 3310 1.
2491 3264 2544 3310 C.
2570 3273 2712 3322 quae
2738 3273 2825 3308 res
2854 3259 2998 3321 piqn.
3024 3265 3077 3307 et

261 3322 562 3382 quindenis,
583 3337 754 3373 verum
778 3338 837 3373 ex
858 3327 985 3382 juris
1002 3327 1266 3373 constituti
1297 3331 1515 3384 tempore
1560 3338 1641 3373 ae·
1703 3327 1818 3381 Arg.
1858 3324 1909 3369 L.
1935 3321 1986 3372 7.
2005 3321 2055 3370 8.
2101 3331 2150 3371 et
2183 3324 2328 3371 Auth.
2362 3325 2716 3382 ayriculeores
2736 3326 2788 3371 C.
2812 3335 2954 3383 quae
2986 3335 3077 3370 res

263 3386 477 3446 stimat-i,
502 3388 629 3442 (scil.
650 3389 777 3435 inter
799 3387 1018 3445 ejusdem
1052 3388 1294 3435 debitoris
1333 3389 1595 3435 creditores
1620 3400 1636 3449 3
1696 3387 1995 3447 pion.(Vlli‚
2018 3383 2287 3445 17.).-cf.
2303 3389 2449 3433 Fritz
2468 3389 2528 3433 ad
2553 3388 2793 3448 Weninq
2816 3388 2875 3433 ll.
2897 3383 3071 3445 ρ.415.

257 3448 361 3493 vid.
385 3453 519 3496 enim
541 3452 568 3506 s
584 3448 696 3498 508.
721 3455 823 3498 not.
851 3448 928 3497 15.
949 3457 1000 3497 et
1029 3453 1057 3506 s
1073 3449 1187 3497 523.
1210 3454 1314 3496 not.
1334 3446 1425 3507 4.).
1442 3475 1498 3483 -
1524 3454 1636 3509 Arg.
1704 3450 1754 3496 in
1779 3448 1818 3494 f.
1839 3454 1886 3495 et
1908 3458 1983 3509 sq.
2010 3473 2066 3482 —
2085 3450 2254 3496 Etvid.
2278 3449 2407 3497 infra
2429 3450 2582 3505 5512.
2609 3455 2709 3496 not.
2734 3448 2785 3498 9.
2871 3507 2884 3520 ·

260 3507 319 3556 Ι..
343 3509 420 3557 15.
444 3512 471 3567 S
496 3513 544 3558 1.
567 3513 623 3558 D.
642 3512 933 3573 depiqnor.
972 3538 1026 3546 —
1065 3515 1116 3560 t..
1145 3511 1221 3559 11.
1241 3514 1267 3567 S
1287 3511 1336 3558 5.
1362 3513 1412 3558 L.
1447 3513 1525 3560 21.
1551 3526 1626 3572 pr.
1759 3510 1837 3568 15)
1862 3511 1973 3558 vid.
1994 3522 2038 3557 v,
2057 3524 2103 3559 c.
2129 3513 2179 3558 L.
2206 3511 2282 3559 11.
2304 3510 2326 3563 S
2350 3512 2398 3560 2.
2421 3513 2473 3559 D.
2500 3512 2596 3572 qui
2615 3517 2730 3570 pot.
2758 3513 2972 3571 inprqn.

259 3570 321 3617 D.
342 3573 561 3631 quipot.
581 3574 641 3622 in
657 3576 803 3634 pe'yn.
825 3574 917 3632 (Cf.
936 3575 1182 3622 Noodtad
1197 3578 1271 3621 tit.
1288 3576 1342 3620 D.
1357 3575 1418 3620 de
1436 3578 1625 3632 pignor.
1757 3572 1837 3631 16)
1870 3574 1921 3619 Ι..
1946 3574 1992 3619 2.
2019 3574 2072 3620 C.
2093 3575 2161 3620 de
2189 3574 2333 3635 piqn.
2392 3598 2452 3607 —
2505 3576 2597 3633 (Cf.
2622 3577 2648 3629 S
2669 3574 2781 3623 518.
2806 3580 2909 3621 not.
2933 3572 2984 3620 5.
3012 3577 3070 3621 et

255 3635 307 3691 s,
333 3638 489 3683 Nunc
529 3636 861 3695 videndum.)
906 3662 962 3671 --
1003 3638 1146 3685 Fritz
1183 3638 1245 3685 ad
1290 3637 1528 3697 Wem'nq
1562 3639 1620 3686 11.
1687 3634 1848 3693 3519.
1872 3639 1977 3684 not.
1999 3633 2072 3695 9.)
2092 3636 2164 3683 Ct'.
2199 3637 2403 3683 omnino
2443 3636 2739 3685 Rosslu'rtl.
2764 3639 2797 3683 l.
2824 3637 3067 3693 imprimis

254 3710 311 3756 p.
331 3696 428 3746 415
442 3711 550 3757 sqq.
576 3724 633 3733 —
655 3696 818 3759 Neque
833 3702 1082 3747 contraria
1100 3704 1172 3747 est
1195 3701 1246 3747 L.
1267 3698 1318 3748 7.
1340 3703 1366 3757 S
1386 3700 1431 3746 1.
1447 3701 1501 3745 D.
1525 3699 1621 3759 qui
1686 3710 1736 3756 p.
1756 3697 1818 3745 15
1839 3710 1912 3757 sq.
1947 3705 1998 3745 et
2026 3712 2075 3755 p.
2101 3695 2163 3744 29
2186 3711 2292 3758 sqq.
2319 3699 2345 3753 S
2370 3698 2418 3748 4.
2464 3725 2518 3744 -ι
2544 3700 2653 3749 vid.
2676 3705 2727 3747 et
2748 3698 2877 3748 infra
2896 3703 2923 3757 s
2940 3698 3058 3747 518.

250 3763 367 3818 pot.
389 3761 449 3807 ln
467 3773 554 3817 p..
581 3763 598 3817 (
619 3774 765 3821 quam
788 3768 920 3810 recte
944 3762 1294 3821 interpretatus
1316 3768 1391 3812 est
1430 3763 1511 3809 W
1510 3768 1618 3809 est·
1692 3765 1801 3809 not.
1825 3759 1876 3808 5.
1898 3765 1949 3807 et
1970 3763 1998 3818 S
2017 3758 2129 3808 519.
2155 3760 2314 3810 not.9.

247 3823 428 3880 plutis
447 3820 530 3870 64.
553 3823 606 3870 in
637 3826 673 3872 f.
718 3849 779 3857 -
816 3825 891 3872 cf.
925 3825 1312 3873 Unterlaolzner
1343 3827 1442 3882 jur.
1484 3825 1608 3872 Abh.
2162 3874 2167 3883 ,

255 3897 308 3943 p.
332 3881 417 3931 74.
438 3890 487 3931 et
504 3885 695 3944 uase»-
711 3886 762 3933 in
785 3888 1100 3945 ephem.1ur.
1122 3890 1249 3937 rut».
1276 3890 1335 3935 r.
1360 3889 1417 3934 n.
1439 3885 1618 3948 p.so.)‚
2268 3860 2294 3915 3
2326 3855 2440 3906 3⁰⁷·

255 3959 318 3994 ac
361 3950 522 3994 multo
556 3951 705 3996 etiam
729 3949 890 3996 minus
911 3951 964 3996 L.
986 3948 1069 3997 54.
1113 3953 1135 4006 5
1179 3949 1227 3997 2.
1273 3952 1326 3997 D.
1366 3949 1435 3997 de
1472 3947 1618 4009 piqn.
1697 3950 1798 4010 '‘t)
1823 3949 1940 4006 Gaji
1961 3951 2072 3997 inst.
2098 3951 2158 4008 ll,
2181 3948 2261 3998 59.
2283 3949 2364 3998 60.
2403 3978 2463 3986 -·
2498 3950 2676 3999 Paulli
2703 3962 2801 3997 rec.
2827 3954 2954 3997 sent.
2980 3952 3042 4012 ΙΙ,

254 4010 275 4065 (
295 4009 609 4058 Βαωηὸαεή
627 4011 771 4058 Arch.
792 4013 830 4058 f.
851 4013 978 4058 civil.
1005 4015 1083 4061 Pr.
1107 4013 1183 4057 lv.
1207 4014 1288 4059 Nr.
1313 4010 1362 4060 7.
1385 4016 1411 4070 ς
1432 4011 1573 4060 2-5.
1602 4012 1619 4070 )
1686 4016 1764 4062 13.
1781 4038 1841 4048 —-
1856 4012 2056 4060 Isidori
2077 4014 2205 4071 orig.
2234 4016 2291 4071 V,
2311 4012 2390 4062 25.
2407 4015 2506 4073 (ap.
2532 4011 2774 4066 Goeleon.
2799 4016 2930 4059 auct.
2958 4014 3046 4061 lat.

255 4096 322 4108 —
347 4073 597 4125 Dissentit.
620 4072 1036 4133 Geseerdinqium
1057 4075 1136 4134 (p.
1160 4072 1223 4121 58
1245 4079 1380 4134 sqq.)
1406 4076 1622 4135 aliosque
1687 4077 1808 4136 ling.
1829 4088 1881 4134 p.
1902 4073 2055 4130 952).
2073 4099 2132 4108 -
2157 4072 2231 4124 Cf.
2254 4076 2310 4122 F.
2342 4080 2392 4125 C.
2420 4072 2653 4124 Com-adi
2675 4077 2730 4120 D.
2756 4076 2817 4121 de
2839 4080 2982 4132 pacto
3004 4076 3059 4123 n-

253 4140 486 4194 ecemus,
514 4136 674 4182 Glzick
703 4137 864 4183 lell.
907 4149 956 4194 p.
995 4137 1090 4185 214
1126 4149 1230 4196 sqq.
1273 4144 1324 4183 et
1359 4140 1621 4187 novissime
1687 4140 1859 4184 duciae
1882 4139 2084 4195 (scripta
2102 4139 2225 4184 min.
2245 4139 2323 4184 ed.
2346 4140 2406 4185 ab
2418 4136 2715 4186 L.Pernice
2740 4137 2849 4184 Vol.
2876 4139 2913 4184 l.
2940 4137 3054 4187 Hal.

251 4197 409 4254 Hepp
431 4197 482 4243 in
506 4199 678 4245 Archiv
699 4198 737 4243 1.
758 4200 888 4245 civil.
926 4201 1091 4247 Praxis
1113 4201 1170 4245 Χ.
1201 4213 1247 4257 p.
1273 4198 1542 4247 295-512.
1567 4207 1618 4248 et
1686 4200 1831 4246 1825.
1854 4196 1903 4246 8.
1930 4200 2011 4245 Nr.
2036 4199 2136 4255 lv.)
2153 4233 2168 4255 ‚
2208 4200 2375 4248 Exere.
2401 4204 2441 4248 Ι.
2466 4204 2493 4258 ς
2515 4198 2576 4245 16
2597 4224 2659 4234 -
2682 4198 2764 4248 21.
2802 4200 2971 4247 Exere.
2997 4202 3056 4247 11.

246 4258 305 4305 in
325 4258 574 4306 Ποινήν-ι
592 4260 826 4307 zeitschr.
853 4261 1103 4308 Rosslzlrt
1143 4263 1262 4309 ibid.
1287 4276 1334 4321 p.
1362 4261 1425 4308 25
1450 4288 1506 4295 —
1532 4261 1614 4311 26.
1680 4263 1706 4317 S
1726 4263 1784 4308 11
1812 4282 1873 4292 -
1895 4262 1976 4308 31.
1998 4284 2053 4293 -—
2074 4261 2274 4309 Mtiller
2312 4275 2352 4309 s.
2402 4261 2693 4312 merbach
2721 4263 2758 4308 l.
2782 4263 2818 4308 l.
2864 4264 2890 4319 S
2911 4259 2961 4309 6.
2996 4288 3059 4296 -

254 4320 379 4379 —-b)
403 4323 561 4368 Etiam
585 4324 921 4369 universorum
946 4324 1185 4372 bonorum
1213 4325 1400 4382 pignori
1425 4337 1618 4383 semper
1681 4325 1750 4370 Η.
1778 4324 1843 4369 Α.
1868 4322 2178 4370 Zachariae
2209 4332 2476 4372 comment.
2523 4327 2584 4371 de
2616 4325 2794 4371 fiducia
2833 4324 3059 4382 <Gothae

248 4381 361 4429 fere
381 4385 542 4430 inesse
563 4386 867 4442 singularum
893 4398 1057 4433 rerum
1081 4389 1274 4446 pignus.
1326 4389 1377 4432 L.
1403 4385 1484 4434 15.
1518 4388 1544 4443 S
1569 4386 1615 4436 t.
1685 4379 1832 4431 1850.
1853 4382 1921 4441 4.)
1948 4398 1996 4443 p.
2024 4382 2229 4431 18-55,

247 4446 309 4492 D.
333 4444 570 4506 depiqn.
606 4472 668 4480 —
703 4447 755 4493 Ι..
782 4448 830 4493 2.
869 4449 925 4494 D.
960 4450 1056 4508 qui
1079 4455 1193 4505 pot.
1233 4448 1288 4495 in
1324 4449 1469 4508 pe'qn.
1509 4449 1616 4506 (Cl'.
1744 4446 1794 4504 2)
1825 4446 2060 4507 Saviqny
2093 4449 2248 4494 Besitz
2283 4451 2309 4505 ὃ
2348 4446 2429 4496 24.
2466 4462 2516 4508 p.
2541 4445 2637 4495 295
2652 4459 2726 4507 sq.
2758 4473 2814 4481 -
2840 4446 2914 4494 Cf.
2948 4449 3060 4496 Bt?-

247 4508 276 4562 S
296 4505 414 4554 518.
444 4514 549 4555 not.
572 4505 782 4563 5.)-1..
806 4509 854 4557 2.
880 4511 931 4557 C.
948 4510 1016 4558 de
1033 4512 1179 4572 piyn.
1202 4533 1265 4547 --
1290 4512 1342 4558 1..
1373 4510 1449 4559 17.
1475 4514 1529 4559 C.
1552 4511 1621 4558 de
1682 4509 1805 4557 chel
1822 4511 1854 4555 Ι.
1874 4512 1907 4557 l.
1935 4521 1982 4569 p.
2006 4507 2037 4557 4
2059 4533 2121 4543 -
2142 4508 2221 4557 26.
2245 4511 2357 4569 (Nr.
2388 4510 2477 4571 ΙΙ.)
2513 4511 2642 4569 (vid.
2667 4515 2716 4556 et
2733 4507 2866 4558 infra
2885 4511 2913 4566 S
2939 4510 3053 4558 520.

245 4568 412 4616 distr.
434 4570 763 4629 piqn.(vl11‚
784 4570 899 4629 28.)
930 4597 989 4609 --
1029 4573 1083 4620 1..
1105 4572 1154 4622 8.
1181 4575 1231 4623 in
1254 4576 1291 4623 f.
1337 4574 1388 4620 C.
1414 4571 1484 4620 de
1511 4585 1617 4622 sec.
1682 4577 1791 4618 not.
1817 4569 1886 4629 5.)

244 4635 408 4690 nupt.
430 4634 511 4693 (V,
534 4631 780 4692 9.)—-Vid.
804 4634 1071 4682 Bachovl.
1093 4637 1128 4683 Ι.
1153 4637 1258 4684 Lib.
1284 4637 1321 4695 1,
1341 4633 1390 4682 5.
1408 4648 1483 4682 nr.
1506 4638 1617 4683 5.-
1744 4632 1792 4689 5)
1831 4634 1934 4682 Cic.
1970 4644 2049 4694 ep.
2093 4637 2156 4682 ad
2210 4634 2313 4682 Div.
2382 4636 2521 4697 xm,
2554 4634 2635 4685 56.
2698 4662 2760 4671 -
2802 4639 2856 4686 1..
2893 4634 2941 4685 4.
2998 4637 3053 4685 D.

247 4697 398 4741 Voet
412 4697 476 4742 ad
493 4697 649 4742 Pand.
676 4697 751 4743 tit.
777 4698 838 4744 de
855 4699 985 4755 pigo.
1010 4698 1037 4752 S
1057 4696 1436 4756 14.-Seuff'ert
1459 4700 1615 4745 Ertlrt.
1681 4696 1749 4744 de
1776 4694 1922 4756 piqn.

245 4755 330 4817 19,
354 4756 437 4804 19.
470 4782 533 4791 —-
573 4759 778 4808 Dissent.
797 4758 864 4806 de
881 4759 1065 4807 Balow
1084 4761 1208 4808 Abh.
1233 4763 1319 4809 ub.
1343 4762 1473 4808 einz.
1500 4763 1615 4809 Mat.
1747 4756 1795 4815 4)
1819 4759 1845 4813 S
1861 4757 1911 4806 7.
1937 4758 1975 4803 Ι.
1996 4756 2065 4803 de
2082 4761 2189 4807 act.
2216 4784 2272 4793 —-
2295 4760 2346 4806 L.
2370 4756 2448 4808 17.
2466 4764 2501 4818 ’ς
2517 4760 2567 4808 2.
2590 4763 2643 4809 D.
2667 4761 2738 4810 de
2763 4769 2912 4820 pace.
2951 4765 2968 4822 (
2990 4766 3062 4823 ΙΙ,

244 4820 297 4867 (1.
324 4822 383 4867 R.
411 4821 469 4867 R.
505 4822 544 4866 l.
571 4821 654 4866 ΝΡ.
673 4821 720 4868 1.
1682 4818 1776 4879 14.)
1796 4846 1844 4855 -
1862 4822 1937 4869 Cf.
1965 4822 2158 4869 Mtiller
2177 4834 2217 4868 s·
2245 4822 2533 4871 walerbach
2554 4826 2589 4872 1.
2615 4827 2648 4871 l.
2670 4826 2696 4880 S
2716 4824 2767 4874 7.
2794 4851 2856 4862 -
2887 4828 3064 4875 Loeltr

309 4884 392 4941 13)
413 4882 526 4930 Vid.
554 4889 606 4929 et
625 4883 679 4930 L.
702 4885 793 4930 ult.
811 4884 867 4930 C.
885 4884 955 4931 de
976 4883 1182 4932 remiss.
1197 4884 1345 4946 χήρη.
1365 4882 1625 4943 (Vllum.)
1687 4885 1817 4943 Mag.
1840 4886 1919 4930 ΙΙΙ.
1937 4886 2019 4932 Nr.
2043 4882 2094 4933 4.
2120 4888 2170 4930 et
2189 4897 2374 4943 praem.
2400 4899 2450 4945 p.
2471 4889 2512 4932 x
2528 4888 2717 4934 -ΧΙΙΙ,
2744 4914 2804 4923 —-
2826 4891 2902 4937 cf.
2928 4890 2980 4937 L.
3005 4889 3055 4938 2.

311 4944 393 5004 14)
412 4947 468 4993 L.
489 4942 639 4994 6-8.
677 4946 732 4992 L.
755 4943 806 4992 9.
831 4957 908 5004 pr.
932 4947 968 4992 D
1011 4945 1238 5007 depleri.
1260 4948 1279 5007 (
1300 4947 1372 4995 Cf.
1394 4949 1629 4996 Sammet
1688 4947 1745 4993 C.
1768 4947 1841 4994 de
1857 4949 2036 5005 pmet.
2055 4946 2202 5007 piqn.
2225 4948 2371 5009 (vill,
2393 4949 2497 5006 22.)

2664 5052 2741 5111 58
