3544 5506
492 292 604 351 1562
1192 304 1344 352 uns
1379 303 1537 347 suc.
1576 303 1694 347 m.
1734 303 1801 347 v.
1840 303 1918 345 nu
1953 300 2380 346 munst-uu
2415 298 2591 343 mns-

486 415 872 480 deferendae
891 414 1406 474 testamentariae
1426 412 1798 472 hereditatis
1815 412 1966 487 jura
1986 415 2377 470 tractantur.
2400 412 2685 486 Quorum
2707 406 2774 464 in
2801 419 3084 466 numero
3111 406 3313 466 etiam

491 513 786 572 habenda
814 517 996 579 sunt,
1030 525 1201 584 quae
1230 511 1311 569 de
1341 509 1786 569 codicillorum
1812 508 1963 582 jure
1993 507 2160 565 tradi
2186 506 2416 564 solent.
2466 507 2675 581 Quae,
2713 504 2862 562 licet
2883 505 2990 561 vel
3028 498 3312 562 maxime

495 609 754 683 propria
785 622 923 666 esse
966 607 1307 665 videantur
1357 608 1716 678 legatorum
1764 599 2483 663 ndeivecommissorum
2501 595 2672 674 iuri,
2700 606 2917 658 tamen
2937 640 2955 666 ‚
2989 614 3147 657 cum
3175 614 3309 657 non

494 709 692 767 modo
744 707 998 780 saepius
1044 706 1348 766 codicillis
1393 705 1708 765 efficiatur
1733 748 1751 775 ‚
1799 711 1872 762 ut
1923 704 2161 763 exitum
2206 703 2488 761 habeant
2526 700 2791 758 ultimae
2845 699 3308 758 detunctorum

498 809 862 867 voluntates
890 806 1173 883 alioquin
1200 807 1373 865 omni
1399 806 1723 865 cariturae
1749 805 1844 872 vi,
1877 819 2104 863 verum
2128 803 2323 862 etiam
2352 815 2580 860 eorum
2598 843 2617 874 ‚
2640 814 2808 873 quae
2835 800 2919 858 de
2942 799 3309 857 hominibus

492 909 593 966 vel
622 907 962 966 heredibus
988 902 1405 965 instituendis
1437 907 1538 965 vel
1574 901 2037 966 exheredandis
2067 904 2341 963 dicenda
2369 908 2518 961 sunt
2529 907 2561 970 ,·
2575 899 2844 974 pleniori
2869 900 3176 958 inserviat
3199 914 3309 958 co·

496 1003 764 1076 gnitioni
783 1004 890 1078 jus
928 1000 1398 1069 codicillorum,
1430 1002 1566 1061 fleri
1594 1017 1724 1060 non
1752 1017 1941 1075 posse
1968 1001 2150 1061 nobis
2170 1001 2378 1058 visum
2402 1003 2531 1064 est,
2575 993 2733 1070 quin
2775 998 2859 1055 ad
2909 1011 3061 1055 eum
3094 997 3307 1054 locum

495 1099 897 1159 referrentur
913 1142 931 1172 ‚
950 1099 1060 1174 qui
1082 1097 1429 1158 universim
1452 1097 1859 1171 praeciperet
1888 1097 1971 1156 de
1992 1094 2513 1157 testamentariae
2535 1089 2957 1154 successionis
2970 1092 3148 1168 iure.

1730 1291 1965 1348 CAPUT
2005 1290 2082 1346 11.

1162 1498 1239 1540 lm
1274 1496 1427 1540 JURB
1464 1496 1899 1539 unumrhrun
1937 1495 2278 1537 »Rucuma
2318 1494 2662 1538 connum.

1266 1667 1293 1739 §
1320 1666 1461 1724 61⁴.
1495 1668 1545 1725 1.
1577 1663 1934 1724 Hereditatis
1963 1664 2120 1724 notio
2147 1674 2318 1743 atque
2335 1665 2573 1727 indoles.

590 1863 916 1921 Hereditas
936 1860 1171 1935 duplici
1207 1862 1519 1935 accipitur
1542 1876 1753 1921 sensu.
1784 1865 1902 1920 Aut
1930 1861 2101 1919 enim
2137 1862 2214 1918 ad
2242 1856 2448 1935 ipsum
2470 1861 2754 1920 refertur
2787 1864 3180 1940 succedendi
3193 1866 3312 1940 jus,

510 1968 623 2018 aut
653 1961 734 2019 ad
753 1975 889 2027 res,
924 1975 1092 2033 quae
1110 2005 1127 2031 ‚
1168 1966 1500 2032 tamquam
1528 1955 1833 2028 materia,
1861 1959 2288 2031 subjiciuntur
2314 1958 2718 2017 successioni.
2750 1963 2822 2017 Et
2841 1960 3046 2033 priori
3071 1962 3314 2033 quidem

507 2075 694 2120 sensu
722 2060 1044 2119 hereditas
1063 2060 1298 2118 dicitur
1323 2057 1587 2117 successio
1607 2057 1674 2115 in
1692 2056 2025 2115 universum
2037 2057 2164 2135 jus,
2184 2056 2335 2135 quod
2364 2055 2660 2134 defunctus
2690 2056 2896 2116 habuit
2924 2059 3007 2134 ');
3039 2061 3093 2118 is
3115 2070 3313 2119 autem

512 2161 595 2218 ad
627 2175 819 2233 quem
850 2157 948 2237 jus
992 2160 1149 2217 illud
1181 2165 1462 2232 spectat,
1513 2158 1879 2232 appellatur
1913 2159 2102 2216 heres
2123 2201 2139 2228 ‚
2170 2160 2346 2216 velut
2376 2159 2570 2217 herus
2599 2154 2672 2231 ²).
2704 2155 2928 2232 anue
2958 2160 3314 2219 hereditatis

511 2260 885 2332 significatio
929 2267 1202 2318 vocatur
1244 2257 1568 2335 subjectiva,
1610 2263 1814 2319 altera
1860 2259 1967 2318 illa
2016 2260 2346 2332 oppositae
2379 2302 2395 2328 ‚
2429 2259 2534 2317 cui
2568 2274 2808 2318 nomen
2855 2267 2957 2319 est
3001 2259 3312 2336 objectione,-

522 2372 715 2429 quam
743 2356 998 2429 quidem
1025 2356 1213 2414 liceat
1239 2356 1645 2428 interpretari
1673 2374 1686 2413 ε
1713 2356 2038 2414 honorum
2061 2355 2464 2429 juriumque‚
2494 2371 2923 2429 quaecunque
2949 2356 3314 2415 deferuntur

519 2454 603 2511 ad
631 2454 934 2511 heredem
960 2493 976 2520 ‚
1021 2447 1498 2511 universitatem
1542 2449 1613 2527 ⁸).
1652 2456 1825 2530 Quae
1852 2452 2229 2511 universitas
2255 2459 2322 2511 et
2363 2451 2642 2512 familiae
2675 2453 2940 2512 nomine
2971 2455 3149 2513 venit
3171 2450 3231 2528 ⁴),
3254 2459 3311 2511 et

510 2568 823 2628 personae
846 2553 984 2612 vice
1013 2547 1301 2623 fungitur
1323 2549 1392 2622 ⁵).

945 2751 1126 2829 5615.
1153 2753 1232 2810 11.
1268 2750 1350 2808 De
1375 2748 1467 2821 iis,
1499 2748 1603 2827 qui
1627 2748 2037 2812 interveniente
2058 2751 2275 2813 haedis
2291 2772 2541 2833 persona
2561 2755 2893 2818 succedunt.

602 2958 690 3015 Ad
704 2957 970 3015 heredes
981 2960 1159 3013 recta
1170 2954 1272 3012 via
1285 2960 1623 3012 transeunt
1632 2953 2085 3013 defunctorum
2099 2956 2269 3014 bona
2279 2997 2293 3022 ‚
2307 2958 2481 3015 unde
2495 2957 2686 3016 etiam
2701 2954 2934 3018 directi
2949 2957 3181 3018 heredis
3201 2973 3310 3018 no·

521 3069 668 3112 men
680 3048 869 3111 hodie
880 3066 1000 3109 usu
1011 3050 1207 3109 venit.
1224 3053 1380 3109 Sunt
1393 3056 1633 3122 tamen,
1658 3050 1888 3124 quibus
1900 3066 2027 3109 non
2041 3049 2171 3110 sere
2184 3052 2561 3111 nisiheredis
2575 3049 3051 3115 interveniente
3065 3071 3315 3129 persona

526 3154 848 3212 bonorum
878 3149 1161 3209 defuncti
1196 3145 1514 3208 successio
1541 3150 1853 3208 defertur.
1881 3153 2053 3226 Quae
2088 3167 2243 3210 vero
2272 3152 2396 3211 hoc
2425 3155 2620 3211 modo
2651 3149 2929 3227 cuipiam
2961 3156 3313 3227 obveniunt,

522 3250 709 3307 variis
752 3248 1055 3306 dicuntur
1091 3247 1482 3314 nominibus,
1527 3242 1671 3307 scil.
1719 3247 2077 3317 legatorum
2096 3288 2113 3314 ‚
2167 3247 2797 3307 fideicommissorum
2818 3293 2836 3324 ‚
2877 3252 3116 3310 mortis
3151 3266 3316 3311 causa

524 3346 891 3418 capionum.
920 3340 1003 3401 Et
1027 3338 1217 3414 legati
1247 3342 1633 3400 vocabulum
1657 3342 1917 3414 proprie
1944 3343 2200 3414 quidem
2230 3349 2477 3416 spectat
2499 3346 2580 3401 ad
2610 3359 2686 3403 ea
2709 3388 2727 3415 ,
2760 3361 2937 3418 quae
2953 3347 3128 3420 juris
3153 3346 3315 3406 civilis

527 3442 943 3513 ejusdemque
965 3438 1210 3511 antiqui
1237 3437 1445 3496 forma
1468 3454 1543 3496 ac
1565 3438 1816 3497 ratione
1840 3434 2115 3511 relinqui
2139 3439 2322 3497 solita
2348 3447 2499 3498 sunt
2521 3439 2590 3512 ¹),
2613 3437 2764 3501 licet
2789 3443 3045 3514 vulgari
3066 3445 3316 3516 quodam

536 3540 836 3613 loquendi
863 3555 983 3596 usu
1028 3540 1108 3596 ad
1150 3552 1407 3596 omnem
1444 3536 1799 3595 referretur
1836 3539 2222 3611 singularem
2255 3541 2755 3617 successionem,
2783 3545 3320 3603 testamentariam

532 3635 702 3697 illam
726 3639 984 3711 quidem
1014 3633 1083 3710 ²),
1113 3643 1178 3695 et
1208 3637 1357 3695 olim
1393 3637 1585 3694 etiam
1612 3635 1802 3694 latius
1842 3645 2096 3710 pateret
2131 3634 2199 3711 ³).
2239 3634 2476 3697 Contra
2509 3655 2667 3698 vero
2706 3636 3322 3701 fideicommissorum

532 3732 626 3795 vis
645 3751 775 3794 non
793 3750 867 3794 ex
893 3734 1082 3793 certis
1101 3735 1443 3791 verborum
1470 3732 1757 3791 formulis
1782 3734 2106 3807 pependit,
2132 3750 2251 3792 nec
2273 3735 2533 3793 omnino
2559 3751 2637 3794 ex
2651 3732 2857 3794 stricti
2877 3736 3052 3810 juris
3077 3739 3322 3802 ratione,

531 3833 643 3892 sed
658 3833 828 3892 bona
847 3832 970 3889 flde
986 3836 1182 3903 atque
1203 3832 1525 3903 aequitate
1547 3830 1742 3901 magis
1765 3829 1908 3886 nixa
1925 3837 2021 3888 est
2043 3827 2107 3901 ⁴).
2124 3832 2285 3888 Sunt
2302 3837 2518 3889 autem
2547 3832 2680 3889 duo
2707 3827 3322 3892 fideicommissorum

534 3948 794 4005 genera.
815 3926 1031 3990 Unum
1061 3946 1293 3990 eorum
1311 3971 1328 3999 ‚
1361 3944 1528 4003 quae
1551 3930 1633 3988 ad
1652 3929 2041 3989 hereditates
2068 3931 2494 3989 restituendas
2523 3927 2870 4005 pertinent,
2896 3933 3323 4007 efficiuntque.

1128 4143 1156 4197 3
1188 4139 1303 4191 614.
1974 4145 2199 4197 sustinet,
2223 4147 2274 4187 ut
2291 4141 2457 4188 multis
2478 4142 2779 4198 argumentis
2796 4140 2926 4196 juris
2943 4143 3109 4190 civilis
3124 4150 3324 4199 compro-

1973 4204 2144 4250 hatum
2164 4209 2252 4250 est.
2280 4205 2383 4262 (ct.
2406 4205 2433 4259 3
2449 4201 2564 4251 609.
2589 4209 2693 4250 not.
2717 4202 2768 4251 δ.
2789 4205 2841 4251 b.
2863 4211 2918 4251 et
2944 4206 3082 4253 infra
3112 4206 3224 4264 Cap.
3253 4202 3304 4247 ΙΥ

599 4266 647 4322 1)
684 4268 736 4314 L.
759 4263 842 4314 24.
862 4267 918 4312 D.
941 4264 1008 4312 de
1028 4267 1099 4313 V.
1113 4267 1230 4314 3.-
1253 4269 1304 4313 L.
1329 4266 1408 4315 62.
1434 4269 1489 4313 D.
1512 4265 1581 4313 de
1600 4267 1845 4324 req.jur.
1973 4268 2104 4314 sect.
2126 4268 2183 4313 ll.
2209 4266 2361 4321 init.).

602 4331 650 4388 2)
683 4332 709 4385 3
729 4328 778 4375 7.
808 4330 845 4375 1.
869 4328 936 4375 de
958 4328 1140 4375 lter-ed.
1182 4331 1332 4387 qual.
1369 4334 1425 4377 el
1464 4328 1638 4385 differ.
1665 4352 1721 4361 —-
1743 4329 1809 4373 De
1833 4340 1912 4375 vo-

536 4393 713 4440 cabulo
733 4392 862 4450 apud
885 4395 1121 4438 nostrates
1135 4393 1467 4439 usitatissimo:
1489 4390 1914 4454 Universalerbe,
2574 4393 2602 4447 3
2636 4387 2752 4438 615.

540 4455 637 4500 vid.
656 4458 808 4514 Huqo
824 4454 944 4499 heut
965 4454 1020 4499 R.
1046 4455 1101 4499 R.
1126 4453 1223 4509 (ed.
1245 4456 1343 4512 Vl.)
1366 4457 1391 4511 3
1415 4452 1523 4501 1⁴3.
1548 4460 1649 4499 not.
1673 4455 1720 4501 2.

601 4515 650 4577 ὅ)
688 4520 740 4563 L.
763 4514 875 4562 208.
899 4517 954 4561 D.
977 4515 1046 4562 de
1070 4516 1140 4562 V.
1166 4517 1218 4564 S.
1240 4517 1321 4573 (ct.
1341 4516 1493 4574 3609.
1517 4519 1621 4562 not.
1648 4518 1696 4563 3.
1716 4529 1784 4577 ε.)
2040 4513 2086 4571 1)
2129 4513 2343 4571 Ulpiani
2363 4517 2436 4562 Fr.
2466 4515 2634 4561 xxiv.
2656 4513 2752 4572 31.

602 4578 652 4635 4)
687 4581 739 4626 L.
768 4577 874 4625 195.
897 4580 924 4633 S
947 4577 992 4622 1.
1017 4579 1070 4623 D.
1096 4577 1162 4623 de
1186 4580 1258 4625 V.
1280 4581 1332 4625 S.
2032 4579 2080 4623 2»
2126 4579 2177 4626 t..
2202 4575 2311 4622 116.
2335 4591 2408 4633 pr.
2433 4580 2486 4625 D.
2508 4579 2578 4624 de
2597 4579 2762 4638 [(39.1.
2788 4603 2851 4612 —
2872 4581 2925 4625 t..
2950 4577 3037 4628 36.
3069 4578 3140 4625 de
3169 4578 3261 4637 leq.
3279 4575 3329 4621 u.

605 4639 653 4696 5>
688 4643 739 4687 L.
763 4642 843 4687 22.
869 4642 921 4687 D.
946 4639 1014 4685 de
1032 4639 1273 4697 fidejuss.
1294 4641 1472 4698 (XLVI,
1497 4641 1686 4697 1.)—1..
1706 4639 1787 4687 51.
1811 4642 1838 4695 S
1862 4643 1911 4689 t.
2034 4632 2082 4687 3)
2117 4642 2170 4686 L.
2194 4640 2304 4686 120.
2332 4642 2388 4687 D.
2409 4642 2476 4686 de
2498 4641 2568 4686 V.
2588 4642 2641 4686 S.

545 4704 601 4748 D.
622 4701 887 4750 delier-ed.
910 4701 1073 4749 instit.
1099 4704 1338 4761 (xxviii,
1356 4702 1425 4760 5.)
1452 4722 1475 4744 u
1500 4727 1554 4739 -
1582 4728 1637 4736 --
1657 4704 1768 4761 quia
1802 4717 1911 4749 cre-
2035 4697 2084 4752 4)
2126 4704 2237 4758 Ulp.
2274 4702 2349 4749 Fr.
2383 4704 2567 4755 XXV.§
2595 4702 2638 4748 Ι.
2660 4703 2862 4757 -θωἸ
2904 4703 3024 4750 inst.
3067 4705 3125 4749 11.
3164 4704 3191 4758 ς
3234 4694 3329 4745 ffl-

544 4765 701 4812 ditum
721 4770 796 4811 est
811 4800 825 4822 ‚
849 4765 1170 4811 hereditatem
1189 4767 1437 4813 dominam
1459 4778 1562 4813 esse
1584 4766 1670 4821 (et)
1690 4766 1910 4812 defuncti
1977 4777 2083 4823 sqq.
2121 4772 2170 4811 et
2192 4768 2217 4820 3
2236 4762 2331 4811 285
2353 4778 2459 4824 sqq.
2483 4789 2541 4799 -—
2561 4765 2588 4819 3
2610 4763 2692 4810 12.
2734 4766 2772 4810 1.
2796 4765 2870 4810 de
2886 4765 3067 4822 fideie.
3089 4762 3262 4810 hered-
3291 4764 3332 4803 et

540 4828 702 4873 locum
716 4828 936 4874 obtinere
958 4842 1074 4872 ».—
1097 4827 1148 4873 L.
1172 4828 1252 4874 3⁴.
1279 4829 1335 4873 D.
1356 4829 1425 4875 de
1445 4840 1497 4875 a.
1520 4843 1568 4876 r.
1592 4827 1644 4873 d.
1671 4827 1820 4883 (xm,
1843 4829 1912 4885 1.)
1980 4827 2244 4886 Theophili
2284 4827 2518 4885 Paraphr.
2544 4827 2606 4881 11,
2629 4824 2709 4873 23.
2729 4828 2757 4881 3
2780 4828 2827 4873 1.
2853 4853 2910 4861 -
2932 4827 3009 4874 Cf.
3033 4830 3086 4874 1..
3108 4825 3187 4875 77.
3209 4826 3259 4870 D.
3275 4820 3332 4867 de

547 4903 571 4930 u
595 4890 844 4937 Hereditas
869 4914 924 4923 —
947 4901 1045 4936 non
1062 4890 1253 4938 heredis
1276 4903 1528 4949 personam
1552 4925 1567 4950 ,
1586 4891 1668 4938 sed
1693 4890 1913 4937 defuncti
1977 4890 2083 4950 leq.
2109 4892 2144 4937 1.
