3544 5506
2861 331 2972 389 579

190 474 390 518 rerum
411 473 762 532 genereres
783 466 879 519 est
898 456 969 534 ³),
994 466 1106 517 aut
1131 459 1259 518 alia
1283 454 1531 516 ratione
1545 453 1616 516 fit
1635 504 1651 530 ,
1675 463 1750 516 ut
1762 457 2006 531 species
2030 504 2045 530 ‚
2073 471 2232 529 quae
2258 456 2601 531 debeatur,
2626 457 2970 517 traditione

190 560 432 617 demum
466 566 781 633 appareat
802 557 872 633 ⁴),
901 567 1013 617 aut
1041 559 1122 617 ad
1147 574 1511 617 mensuram
1550 559 1718 617 tacta
1757 563 1855 615 est
1881 557 2299 616 immobilium
2339 571 2560 614 rerum
2584 558 2962 630 venditio-⁵),

194 665 293 717 aut
315 661 399 717 ad
426 660 634 718 visum
663 665 996 731 gustumve
1020 655 1098 734 ῆς
1129 658 1311 733 cujus
1339 658 1592 731 quidem
1617 656 1863 714 formae
1892 656 2050 715 haec
2065 663 2160 714 est
2181 656 2296 730 vis,
2325 650 2472 713 ‘tum
2488 700 2504 731 ‚
2524 662 2596 713 ut
2616 657 2734 715 sub
2754 658 2979 715 condi-

191 756 347 813 tione
363 754 566 813 emtio
588 770 720 812 esse
745 761 1075 813 contracta
1098 754 1392 811 videatur
1408 749 1477 826 7),
1502 759 1638 809 tum
1658 766 1847 820 vero,
1877 756 1949 808 ut
1967 795 1983 822 ,
2001 752 2117 809 nisi
2141 752 2312 809 aliud
2336 751 2503 809 inter
2524 752 2973 811 contrahentes

192 863 391 914 actum
421 870 561 914 esse
593 861 902 927 appareat
922 895 939 921 ,
979 870 1095 913 suo
1139 854 1402 913 arbitrio
1432 848 1662 911 emtori
1695 851 2063 924 improbare
2106 851 2293 909 liceat
2331 851 2758 909 venditionem
2779 847 2849 925 ⁸).
2882 853 2972 912 Si-

192 955 332 1013 milis
364 960 466 1012 est
481 950 765 1013 venditio
794 956 875 1012 ad
905 955 1170 1012 emtoris
1195 953 1792 1025 comprobationem
1811 948 1887 1025 ⁹),
1910 965 2186 1023 quacum
2211 951 2603 1009 commisceri
2628 965 2755 1009 non
2782 951 2975 1009 debet

192 1055 369 1114 emtio
384 1054 674 1113 venditio
696 1055 777 1112 ad
797 1055 1145 1129 specimina
1167 1053 1478 1113 mercium
1495 1052 1685 1121 facta,
1706 1051 1884 1109 unde
1900 1056 2322 1122 cognoscatur
2337 1093 2354 1121 ‚
2376 1049 2579 1121 qualis
2595 1050 2674 1108 sit
2695 1065 2870 1108 merx
2885 1047 2980 1122 ¹⁰).

193 1157 386 1227 Neque
434 1168 591 1211 vero
623 1154 686 1211 in
715 1169 826 1224 ea,
862 1169 1029 1227 quae
1076 1170 1192 1226 per
1232 1153 1627 1212 aversionem
1666 1151 2071 1211 contrahitur
2121 1150 2438 1224 emtione,
2480 1151 2836 1223 periculum
2880 1158 2975 1209 est

192 1251 529 1309 venditoris
550 1248 645 1324 ¹¹),
681 1256 920 1308 netum
950 1244 1206 1324 quidem
1227 1296 1241 1321 ,
1274 1248 1322 1307 si
1355 1244 1563 1308 obiter
1585 1248 1813 1306 modus
1839 1248 1919 1305 sit
1940 1247 2420 1305 demonstratus
2440 1261 2657 1303 rerum
2688 1248 2978 1306 vendita-

191 1362 315 1403 rum
346 1341 420 1419 ¹²)
444 1389 460 1420 ,
511 1353 958 1420 praeterquam
995 1347 1043 1404 si
1070 1352 1322 1404 certum
1351 1359 1488 1403 esse
1531 1345 1596 1401 in
1637 1343 2053 1401 universitate
2093 1342 2350 1400 vendita
2385 1343 2643 1400 modum
2682 1345 2981 1406 venditor

190 1442 603 1512 asseveravit,
646 1449 984 1515 emtorque
1027 1443 1107 1501 de
1135 1456 1437 1500 mensura
1479 1455 1698 1498 rerum
1727 1438 2020 1496 facienda
2062 1433 2178 1495 sibi
2224 1438 2392 1495 cavit
2417 1434 2504 1512 ¹³).
2542 1441 2872 1497 Caeterum
2915 1448 2980 1499 et

190 1543 372 1615 pactis
399 1537 673 1615 adjectis
695 1586 712 1612 ,
737 1549 801 1600 et
828 1543 1017 1614 culpa
1037 1586 1052 1613 ‚
1093 1546 1158 1599 et
1184 1557 1366 1599 mora
1389 1539 1737 1599 venditoris
1769 1533 1907 1597 fieri
1948 1552 2134 1611 posse
2151 1584 2167 1610 ,
2214 1544 2287 1594 ut
2314 1533 2668 1610 periculum
2708 1540 2982 1599 transfe-

188 1646 353 1697 ratur
380 1640 451 1697 in
476 1641 878 1699 venditorem
898 1683 914 1708 ‚
962 1637 1025 1700 id
1052 1640 1153 1697 vix
1180 1647 1307 1714 est,
1349 1641 1523 1712 quod
1551 1639 1674 1697 hoc
1718 1638 1784 1695 in
1824 1639 1967 1696 loco
1998 1651 2370 1695 moneamus
2401 1631 2492 1710 ¹⁴).
2527 1637 2719 1697 Simili
2754 1646 2970 1698 autem

189 1739 423 1797 ratione
447 1780 464 1807 ‚
496 1746 574 1797 ut
597 1740 689 1797 rei
719 1740 1014 1798 venditae
1043 1741 1396 1812 periculum
1421 1746 1615 1812 atque
1638 1738 2047 1801 incommoda
2065 1783 2080 1809 ,
2114 1737 2204 1795 sic
2244 1737 2437 1796 etiam
2477 1738 2818 1796 commoda
2843 1740 2978 1798 fere

190 1839 259 1896 ad
279 1845 593 1896 emtorem
619 1834 942 1911 pertinent
965 1842 1009 1914 (§
1036 1841 1176 1898 396.
1215 1846 1354 1898 ιιοι.
1379 1841 1437 1897 7.
1466 1839 1550 1909 8.)
1574 1879 1592 1908 ,
1625 1838 1755 1896 sive
1783 1838 2175 1897 extrinsecus
2205 1838 2444 1909 aliquid
2474 1838 2565 1896 rei
2598 1840 2864 1897 accedat
2888 1837 2974 1908 ι·”),

188 1940 274 1995 vel
304 1938 587 2012 pretium
624 1938 762 2012 ejus
788 1946 1103 2011 augeatur
1126 1936 1217 2015 ¹⁶),
1249 1940 1376 1998 sive
1408 1940 1559 2021 quid
1589 1953 1665 1997 ex
1689 1953 1767 1996 ea
1796 1940 1895 1997 vel
1942 1945 2167 2011 postea
2200 1945 2505 1995 nascatur
2534 1981 2550 2008 ,
2582 1939 2838 2012 veliam
2862 1957 2975 1998 na-

188 2039 308 2091 tum
342 2035 577 2103 tuerit,
616 2035 810 2108 idque
849 2032 1231 2095 venditionis
1269 2041 1642 2095 contractae
1681 2042 1979 2108 tempore
2022 2036 2307 2092 nondum
2357 2040 2734 2107 perceptum
2770 2036 2850 2093 sit
2869 2033 2963 2109 ¹⁷).

810 347 949 390 CAP.
996 348 1062 390 V·
1104 347 1180 389 DE
1218 346 1581 389 Ru‘rlomnus
1617 346 1688 387 m·
1728 345 2306 388 rmumunonuws.

188 2256 441 2305 vendideris
461 2260 584 2308 mihi
611 2261 841 2316 fundum,
865 2260 1000 2319 isque
1021 2260 1176 2318 prius,
1198 2271 1345 2319 quam
1360 2272 1539 2308 vacuus
1601 2260 1627 2314 S
1679 2256 1948 2305 ass-359.
1976 2281 2037 2291 —
2069 2257 2205 2314 [Codi
2227 2259 2346 2314 Nap.
2372 2254 2531 2315 1588.]
2559 2283 2620 2294 —
2669 2258 2835 2317 cropp
2858 2260 2890 2305 l.
2932 2259 2966 2307 l.

186 2322 458 2379 traderetur,
470 2323 746 2379 publicatus
769 2323 933 2382 fuerit,
956 2324 1136 2369 teneris
1157 2335 1214 2368 ex
1239 2324 1536 2379 emto.Quod
1601 2333 1650 2380 p.
1672 2318 1764 2366 196
1796 2332 1870 2379 sq.
1908 2322 2008 2367 not.
2045 2318 2123 2366 18.
2162 2322 2212 2367 et
2245 2321 2366 2367 Abh.
2388 2323 2511 2367 xtlt.
2547 2334 2595 2381 p.
2618 2317 2711 2369 208
2734 2324 2966 2380 sq.not.1.

186 2379 401 2430 hactenus
422 2396 598 2431 verum
633 2386 744 2443 erit,
764 2390 818 2429 ut
839 2386 1047 2442 pretium
1084 2386 1333 2439 restituas,
1358 2398 1454 2432 non
1483 2394 1538 2435 ut
1663 2383 1740 2439 10)
1775 2383 1935 2430 Heise
1951 2388 2001 2428 et
2028 2379 2309 2444 croppjur.
2334 2382 2454 2431 Abh.
2479 2383 2515 2430 1.
2554 2386 2635 2431 Νι.
2679 2384 2804 2429 xttt.
2850 2384 2970 2443 ibiq.

184 2445 319 2491 etiam
334 2447 379 2491 id
396 2454 615 2504 praestes
631 2483 645 2499 ,
677 2448 717 2493 si
739 2448 854 2505 quid
880 2449 1032 2504 pluris
1050 2460 1155 2493 mea
1178 2448 1398 2505 intersit,
1422 2462 1534 2497 eum
1600 2446 1824 2503 inprimis
1847 2447 1872 2500 S
1894 2447 1941 2491 3.

186 2516 376 2553 vaenum
397 2510 514 2555 mibi
541 2510 798 2566 tradin—)
821 2515 925 2554 tum
955 2511 1103 2556 etiam
1129 2511 1179 2554 L.
1202 2508 1262 2555 19
1285 2535 1343 2543 -
1369 2508 1446 2558 14,
1479 2514 1533 2559 Ι),
1661 2510 1736 2565 11)
1772 2510 1824 2554 L.
1863 2506 1943 2554 55.
1967 2509 1993 2563 S
2014 2504 2063 2553 5.
2105 2510 2160 2554 D.
2206 2508 2273 2556 de
2295 2510 2396 2556 etr.
2435 2510 2555 2555 emt.
2594 2512 2728 2557 verb.
2756 2528 2767 2558 ε
2793 2523 2908 2559 nam
2930 2517 2970 2559 si

183 2566 233 2615 Ιι.
255 2571 290 2617 1.
315 2570 357 2627 (α
376 2572 540 2619 Lectos
560 2577 717 2618 emtos
737 2571 1048 2631 Aedilis‚cum
1071 2573 1119 2618 in
1144 2574 1221 2618 via
1243 2573 1434 2629 publica
1455 2588 1536 2633 po·
1597 2583 1740 2618 omne
1776 2572 1943 2617 vinum
1966 2593 2026 2601 —
2041 2593 2099 2601 -
2121 2594 2179 2603 —-
2200 2576 2632 2630 quantumcunque
2672 2578 2825 2629 esset,
2867 2588 2967 2622 uno

182 2630 254 2676 siti
285 2640 466 2691 essent,
492 2634 728 2681 concidit.
754 2659 809 2667 —
825 2657 889 2679 -.
911 2660 969 2668 —
990 2634 1166 2690 Quodsi
1191 2646 1349 2692 neque
1370 2637 1533 2685 traditi
1597 2635 1753 2691 pretio
1774 2634 1997 2689 venierit,
2023 2632 2150 2678 idem
2179 2632 2301 2687 juris
2328 2638 2420 2689 est,
2479 2636 2575 2681 uod
2598 2636 2646 2681 in
2671 2638 2872 2682 caeteris
2896 2649 2968 2683 re-

181 2700 349 2753 mi,
381 2707 550 2753 neque
582 2703 745 2743 emtor
775 2698 822 2743 in
847 2708 984 2744 mora
1014 2697 1202 2750 ruisset,
1239 2709 1335 2753 quo
1373 2700 1534 2748 minus
1596 2694 1743 2743 busan
1763 2719 1824 2728 —-
1844 2698 1895 2741 L.
1920 2695 2001 2743 62.
2024 2697 2050 2750 S
2068 2696 2116 2741 2.
2140 2694 2257 2741 eod.
2285 2720 2341 2732 —-
2367 2697 2418 2741 L.
2474 2730 2485 2743 .
2506 2700 2530 2752 S
2551 2694 2597 2743 1.
2625 2700 2678 2744 D.
2703 2699 2758 2745 Ιι.
2778 2703 2816 2745 t.
2857 2700 2970 2758 (vid.

180 2758 493 2816 traderentur,
515 2759 784 2807 venditoris
807 2761 1073 2818 periculum
1096 2760 1204 2805 erit.
1229 2760 1273 2820 (S
1297 2757 1364 2819 1.)
1380 2763 1533 2809 Mate·
1595 2765 1699 2805 not.
1723 2758 1816 2814 6.).
1842 2759 1980 2816 [cod.
2005 2758 2122 2814 Nap.
2149 2756 2310 2816 1586.]

177 2819 241 2863 ria
257 2827 399 2879 emta,
420 2822 470 2868 si
488 2821 624 2868 furto
648 2823 848 2880 perisset
863 2859 878 2882 ,
897 2829 1152 2883 postquam
1174 2823 1351 2868 tradita
1369 2831 1494 2871 esset
1517 2862 1534 2887 ‚
1660 2822 1740 2879 12)
1772 2825 1883 2879 Arg.
1905 2823 1957 2868 L.
1978 2818 2055 2867 15.
2075 2821 2100 2875 s
2120 2817 2196 2866 14.
2222 2822 2275 2867 D.
2299 2821 2368 2867 de
2389 2834 2441 2868 a.
2464 2832 2512 2868 e.
2531 2833 2582 2867 v.
2605 2821 2621 2879 (
2643 2825 2743 2870 xlx
2766 2858 2781 2880 ,
2805 2823 2851 2872 1.
2874 2827 2891 2884 )
2912 2851 2973 2859 ——

178 2884 358 2928 emlotis
377 2895 491 2931 esse
512 2885 733 2943 periculo
754 2918 770 2942 ,
792 2887 1041 2944 respondit
1065 2897 1076 2927 ε
1105 2885 1142 2929 si
1165 2886 1346 2944 minus,
1365 2889 1534 2934 vendi·
1597 2884 1776 2943 Quodsi
1797 2896 1910 2930 vero
1933 2885 1994 2930 de
2014 2895 2072 2929 eo
2092 2886 2346 2941 quaeritur
2363 2920 2379 2941 ,
2401 2889 2565 2931 utrum
2586 2886 2973 2936 demonstrative

178 2943 347 3003 toria»)
368 2948 421 2992 ln
441 2948 631 3006 quibus
649 2949 946 3006 explicandis
968 2952 1114 3006 atque
1141 2958 1253 2992 cum
1277 2950 1534 3006 superiori·
1597 2951 1807 3007 tantum,
1833 2947 1866 2993 i.
1889 2958 1935 2991 e.
1959 2946 2138 3000 obiter,
2164 2948 2333 2992 modus
2360 2947 2576 3002 adjectus
2596 2949 2677 3005 sit,
2700 2961 2762 2995 an
2801 2952 2969 2998 restri-

176 3003 257 3050 bm
285 3009 607 3057 conciliandis
640 3011 760 3056 locis
806 3012 1019 3056 multum
1051 3019 1231 3066 operae
1268 3015 1533 3066 posuerunt
1596 3009 1738 3067 ctive,
1762 3013 1816 3053 ut
1837 3008 1981 3064 aiunt
2002 3007 2186 3062 (⁶112ch
2199 3008 2350 3056 Pand.
2377 3010 2495 3054 xvl.
2520 3021 2568 3067 p.
2595 3007 2676 3056 86.
2699 3017 2801 3057 ιιοι.
2825 3009 2905 3059 54.
2931 3015 2969 3072 ),

177 3064 469 3130 interpretes,
489 3084 708 3131 quorum
728 3073 925 3119 nomina
948 3072 1305 3129 sententiasque
1345 3076 1537 3131 collegit
1599 3070 1729 3118 haud
1764 3070 2089 3116 dubitandum
2116 3105 2131 3130 ‚
2155 3072 2273 3127 quin
2295 3072 2522 3117 adversus
2564 3073 2863 3122 venditorem
2893 3075 2967 3120 ιιι-

178 3129 317 3178 Glsiclc
341 3134 495 3182 Pand.
524 3135 673 3180 xvn.
692 3146 742 3192 p.
766 3132 857 3182 134
876 3160 932 3168 -
949 3131 1057 3180 151.
1082 3158 1142 3166 —
1159 3133 1234 3178 ct.
1259 3139 1309 3179 et
1333 3136 1539 3183 Weber
1599 3133 1769 3178 cienda
1809 3134 1871 3178 sit
1907 3135 2172 3188 responsio.
2209 3134 2284 3178 Cl'.
2336 3132 2645 3186 Putandorf
2676 3135 2865 3182 observ.
2923 3139 2960 3184 1.

175 3192 229 3236 sd
244 3193 559 3251 Κουρίων-ς
573 3193 687 3243 872.
709 3202 811 3243 not.
832 3196 1202 3246 2.—caeterum
1224 3207 1392 3244 eorum
1411 3199 1540 3245 mihi
1595 3206 1679 3243 nr.
1699 3196 1810 3243 132.
1826 3200 1878 3240 et
1910 3206 2053 3251 supra
2074 3191 2230 3251 3346.
2249 3200 2353 3242 ιιοι.
2377 3197 2424 3241 1.

173 3255 402 3308 pmbanda
423 3260 626 3306 videtur
648 3261 907 3318 sententia,
929 3260 1012 3318 qui
1048 3257 1262 3315 priorem
1293 3257 1451 3306 locum
1474 3273 1533 3308 ex
1661 3255 1737 3313 15)
1770 3257 1879 3303 vid.
1918 3263 2020 3302 not.
2045 3255 2076 3301 5
2099 3253 2219 3302 -5.
2238 3291 2254 3314 ,
2273 3264 2374 3304 tum
2399 3258 2547 3303 etiam
2567 3258 2619 3304 L.
2656 3260 2702 3303 2.
2738 3270 2812 3316 pr.
2837 3261 2888 3306 L.
2914 3260 2963 3309 4.

172 3317 379 3366 vitiorum
425 3333 454 3367 a
488 3321 747 3368 venditore
789 3321 1191 3378 praestandos-um
1231 3322 1524 3380 obligatione
1587 3320 1677 3375 §1-
1703 3321 1757 3365 D.
1784 3331 1837 3365 a.
1859 3329 1908 3364 e.
1932 3330 1980 3363 υ.
2026 3318 2170 3374 (XIX,
2197 3317 2263 3378 1.)
2287 3345 2343 3353 ——
2367 3321 2416 3365 L·
2435 3317 2516 3365 69·
2540 3321 2565 3374 S
2585 3318 2633 3366 6·
2661 3323 2713 3367 D·
2756 3322 2824 3368 de
2858 3325 2964 3369 evi-

171 3375 243 3430 (ῦῑ.
268 3383 365 3429 Cic.
384 3385 447 3429 de
466 3383 609 3429 offic.
632 3381 1119 3441 lll,16.)wposteriores
1142 3392 1255 3427 vero
1277 3397 1335 3430 ex
1355 3387 1525 3442 culpae
1586 3382 1748 3428 celon.
1776 3382 1934 3438 (xxl,
1964 3379 2035 3437 2.)
2060 3406 2119 3415 —-
2143 3382 2249 3429 vid.
2280 3387 2330 3429 et
2352 3383 2396 3440 a)
2432 3383 2481 3427 L.
2506 3381 2555 3428 6.
2580 3394 2654 3440 pr.
2679 3384 2733 3431 D.
2761 3396 2815 3429 α.
2839 3396 2890 3431 e.
2914 3398 2961 3433 v.

172 3447 497 3504 custodiaeque
525 3447 846 3504 praestandae
873 3446 1168 3503 obligatione
1207 3448 1524 3505 explicandos
1591 3444 1849 3489 “Tenetur
1869 3455 1926 3489 ex
1951 3448 2081 3489 emto
2105 3446 2344 3504 venditor,
2361 3444 2555 3490 etiamsi
2578 3447 2855 3507 agnoverit,
2872 3450 2972 3494 mi..

171 3511 260 3549 me
277 3515 532 3555 censeant.
563 3509 638 3554 cf.
662 3509 714 3553 L.
740 3505 817 3555 14.
841 3520 914 3565 pr.
939 3510 994 3554 D.
1016 3506 1082 3552 de
1101 3504 1282 3560 furtis.
1306 3509 1493 3565 (XLvll
1509 3545 1523 3568 ‚
1588 3517 1757 3551 norem
1798 3507 1935 3552 fundi
1957 3507 2156 3553 modum
2180 3520 2331 3554 esse.»
2356 3507 2502 3562 Cujus
2523 3508 2722 3565 quidem
2745 3509 2839 3555 loci
2856 3512 2967 3568 pla-

170 3560 229 3620 2·)
251 3589 302 3601 -
325 3572 376 3617 L.
401 3569 487 3617 31.
517 3582 599 3629 pr.
623 3572 677 3616 Ι).
702 3569 769 3615 de
787 3581 839 3615 a.
858 3581 906 3616 e.
929 3582 982 3616 υ.
1013 3568 1030 3625 (
1053 3570 1186 3627 xm,
1216 3568 1279 3626 1.)
1302 3576 1350 3616 ει
1369 3573 1394 3625 S
1413 3569 1523 3618 596.
1591 3580 1682 3613 nus
1719 3574 1866 3626 atque
1900 3574 2094 3625 alvertus
2130 3572 2211 3618 hie
2256 3575 2333 3615 est
2371 3581 2539 3615 sensus
2565 3582 2575 3611 =
2599 3572 2818 3628 quamvis
2859 3584 2959 3619 non

169 3632 258 3673 not.
291 3632 334 3677 1.
368 3635 602 3679 —Voet
622 3633 685 3678 ad
706 3632 759 3681 h.
779 3637 815 3678 t.
840 3634 929 3687 8¹·
957 3656 1008 3665 -
1033 3634 1090 3676 Λι
1121 3631 1170 3676 in
1199 3634 1494 3679 emtionibus
1512 3669 1526 3690 ,
1591 3635 1817 3676 teneatur
1855 3636 2041 3687 emtor,
2079 3633 2120 3677 si
2169 3645 2227 3679 ea
2266 3634 2373 3689 lege
2395 3638 2697 3679 contractum
2721 3634 2800 3692 sit,
2826 3640 2878 3678 ut
2898 3637 2970 3682 ad

170 3699 278 3744 ‘luae
306 3696 395 3742 sub
416 3695 716 3742 conditione
738 3696 1108 3750 contrabuntur,
1141 3691 1530 3743 deteriorationis

170 3753 341 3802 tantum
351 3759 413 3803 ad
434 3763 687 3804 emtorem
709 3763 895 3814 spectat
913 3758 1205 3816 periculum,
1227 3757 1446 3803 interitus
1468 3760 1530 3805 ad

170 3818 452 3867 venditorem
478 3823 539 3866 L.
568 3816 617 3865 8.
644 3831 719 3875 pr.
745 3822 797 3865 D.
816 3819 867 3866 lz.
888 3824 925 3867 t.
953 3845 1010 3854 -
1034 3821 1083 3864 L.
1116 3816 1194 3865 10.
1229 3832 1302 3877 pr.
1327 3821 1445 3866 eod.
1471 3845 1531 3854 -—

168 3874 231 3921 Cf.
251 3879 299 3924 L.
319 3879 369 3927 7.
394 3896 473 3940 pr.
498 3884 563 3928 D.
588 3880 659 3926 de
679 3886 919 3930 etr-,ema
943 3907 1004 3916 —
1027 3882 1079 3928 L.
1101 3877 1149 3927 5.
1172 3883 1225 3928 C.
1248 3881 1300 3930 Ιι.
1323 3887 1360 3930 t.
1384 3889 1432 3928 et
1456 3897 1532 3929 su-

167 3945 241 3992 m
258 3942 283 3994 5
300 3941 411 3990 539.
438 3949 552 3991 ιιοι.
583 3941 662 3990 17.

220 4001 265 4058 3)
296 4005 440 4053 Ι..35.
467 4009 495 4062 3
519 4003 576 4052 5.
603 4010 653 4051 et
681 4003 730 4052 7.
760 4008 815 4053 D.
841 4005 908 4054 de
928 4010 1027 4054 etr.
1059 4011 1183 4053 emt.
1208 4030 1267 4041 --
1287 4007 1338 4052 Ι..
1362 4008 1407 4053 1.
1433 4011 1459 4064 s
1485 4010 1531 4054 1.

167 4060 270 4109 1.5.
290 4068 341 4113 D.
363 4070 416 4115 L.
439 4070 491 4115 2.
516 4070 579 4116 C.
599 4067 650 4113 Ιι.
677 4072 714 4114 t.
741 4069 856 4125 (vid.
876 4074 925 4115 et
951 4071 1001 4115 L.
1025 4069 1075 4114 2.
1101 4073 1151 4113 et
1173 4070 1223 4115 L.
1247 4067 1295 4115 5.
1332 4071 1387 4115 D.
1411 4070 1463 4115 Ιι.
1491 4074 1529 4117 t.

167 4130 206 4170 et
223 4127 387 4178 Hasce
402 4132 573 4190 Culpa
592 4131 643 4175 d.
670 4132 723 4176 tt.
753 4132 807 4176 tt.
834 4130 959 4186 89⁰.
1026 4165 1037 4177 .
1061 4128 1147 4177 451
1174 4133 1317 4189 sqq.).

219 4190 262 4246 ⁴)
291 4191 738 4251 vidaupraszffl.
757 4205 832 4239 nr.
855 4195 902 4240 5.
920 4195 970 4239 L.
986 4143 1065 4239 gi.
1087 4192 1170 4248 32.
1198 4195 1250 4238 D.
1273 4193 1342 4239 de
1358 4197 1528 4240 contr.

164 4258 270 4298 ent.
295 4278 348 4286 —
371 4256 450 4303 cf.
476 4261 534 4302 et
555 4252 713 4309 3357.
737 4261 839 4301 not.
860 4255 892 4301 6
912 4268 1018 4313 sqq.

214 4312 257 4370 5)
286 4317 359 4363 ef.
385 4319 439 4364 L.
466 4317 556 4363 10.
583 4319 610 4372 S
636 4316 684 4363 1.
709 4319 763 4363 D.
788 4317 839 4364 Ιι.
861 4322 899 4364 t.
935 4320 1121 4372 (Caeter
1143 4318 1241 4362 vid.
1268 4316 1445 4363 Noodt
1467 4317 1527 4363 ad

165 4371 207 4419 h.
227 4383 259 4422 t.
280 4380 587 4434 §Similiter
602 4391 653 4437 p.
679 4391 747 4425 m.
768 4378 880 4427 324.
902 4388 953 4426 et
978 4381 1056 4427 W
1055 4379 1259 4435 estplzat
1277 4392 1386 4426 vom
1409 4380 1535 4426 Kaui'

165 4441 246 4485 ete.
264 4443 289 4498 5
306 4439 444 4502 599.)
470 4470 534 4478 -
566 4443 622 4487 L.
644 4439 767 4497 40.s
789 4444 836 4488 2.
862 4445 916 4488 D.
939 4443 1006 4489 de
1026 4445 1125 4492 etr.
1162 4445 1281 4487 emt.
1326 4443 1439 4497 (vid.
1482 4448 1533 4488 et

164 4499 240 4547 Ι.1.
262 4511 362 4550 not.
387 4504 438 4551 3.
460 4505 642 4551 excitt.
670 4510 772 4549 not.
797 4506 939 4563 seq.).
974 4505 1110 4562 [cod.
1131 4504 1249 4561 Nap.
1275 4502 1437 4562 1585.]

215 4563 257 4621 6)
291 4568 341 4612 L.
365 4568 413 4614 1.
434 4580 518 4624 pr.
545 4568 605 4613 L.
629 4563 678 4613 4.
702 4578 777 4625 pr.
802 4573 851 4615 et
868 4571 893 4623 s
927 4570 974 4613 1.
993 4568 1040 4612 in
1062 4567 1099 4612 f.
1127 4568 1180 4612 D.
1205 4566 1255 4611 Ιι.
1278 4569 1315 4614 1.
1340 4569 1532 4623 (Has-se

162 4622 332 4735 krlip.
368 4628 466 4677 455
496 4630 649 4688 sqq.)
669 4651 730 4661 —
750 4631 913 4677 Hee'se
931 4634 980 4674 et
999 4631 1167 4685 Cropp
1198 4628 1298 4684 Jur.
1338 4630 1464 4680 Abh.
1491 4635 1529 4678 l.

210 4748 254 4806 7)
289 4754 480 4810 Cropp.
521 4754 561 4799 l.
601 4754 639 4798 Ι.
662 4750 888 4806 stt-6.

165 4810 271 4921 ’ὦ
292 4817 344 4934 3..
365 4815 431 4864 34
461 4817 491 4872 S
536 4813 593 4861 5.
643 4816 696 4861 D.
739 4813 805 4861 de
851 4819 1021 4866 contr.
1062 4818 1184 4866 emt.
1235 4819 1372 4875 [Cod.
1413 4819 1530 4877 Nap.

212 4935 257 4995 8)
287 4941 397 4988 Vid.
414 4939 612 4988 Landr.
640 4939 721 4986 fttr
742 4939 820 4987 die
840 4941 1027 4988 Preuss.
1052 4942 1249 4991 Staaten
1274 4945 1310 4990 Ι.
1333 4943 1433 4991 Tit.
1454 4944 1533 4989 xl.

1593 3694 1852 3739 minimum
1872 3694 2042 3739 modus
2060 3693 2220 3742 dictus
2238 3694 2531 3751 inveniatur,
2554 3707 2658 3753 seu,
2680 3700 2732 3741 ut
2750 3702 2922 3742 vocant
2948 3732 2964 3754 ‚

1593 3756 1942 3811 modificalive
1962 3758 2113 3802 emtio
2128 3757 2359 3805 contrahe
2369 3762 2465 3814 tur,
2480 3763 2642 3804 tamen
2667 3759 2966 3806 venditorem

1594 3819 1761 3876 utique
1784 3818 2004 3876 obligari.
2029 3818 2123 3865 Nec
2140 3821 2293 3878 igitur
2314 3830 2505 3865 necesse
2526 3825 2618 3878 est,
2645 3825 2695 3866 ut
2713 3824 2797 3865 aut
2815 3821 2961 3879 tyno-

1595 3880 1819 3927 ravern.
1839 3882 2188 3928 substituamus
2210 3894 2299 3941 pro
2323 3882 2589 3939 agnoverit,
2610 3887 2694 3927 aut
2714 3884 2962 3939 vulgarem

1599 3941 1744 3998 hujus
1765 3944 1899 3989 verbi
1923 3942 2326 3998 significationem
2351 3946 2690 4002 immutemus,
2723 3947 2962 4001 quemad-

1597 4006 1797 4051 modum
1828 4010 1876 4050 et
1919 4006 2222 4053 Bar-nubam
2258 4005 2513 4053 Branchu
2552 4007 2712 4052 facere
2747 4007 2966 4054 videmus

1596 4067 1702 4123 (obs
1718 4102 1730 4114 .
1744 4070 1852 4113 Dec.
1870 4068 1903 4112 1.
1918 4082 1962 4114 c.
1980 4066 2055 4113 10.
2073 4082 2121 4126 p.
2133 4067 2306 4125 99.),ει
2318 4070 2470 4114 Corn.
2485 4069 2966 4123 Bynkerslzoelcium

1596 4129 1647 4174 in
1668 4136 1767 4175 not.
1795 4130 1855 4174 ad
1880 4130 1930 4176 h.
1957 4132 1990 4176 1.
2019 4132 2098 4177 ed.
2124 4130 2243 4176 Geb.
2267 4129 2604 4188 Spanyenbsp
2629 4156 2684 4163 -
2715 4132 2781 4189 b)
2805 4133 2857 4178 L.
2881 4131 2963 4180 38.

1596 4203 1672 4248 pr.
1696 4190 1818 4238 eod.
1845 4193 1932 4237 «Si
1955 4194 2174 4239 venditor
2192 4192 2403 4242 hominis
2422 4191 2547 4237 dixit
2565 4194 2830 4248 :peculium
2850 4207 2963 4242 eum

1595 4252 1777 4298 babere
1796 4251 2039 4300 decem—
2059 4287 2075 4313 ,
2098 4256 2200 4300 etsi
2226 4256 2331 4311 plus
2353 4253 2520 4313 babet,
2549 4259 2704 4301 totum
2728 4262 2959 4314 praestat,

1592 4316 1683 4360 nisi
1704 4315 1798 4361 hoc
1822 4321 2095 4373 actum-est,
2119 4330 2174 4361 us
2195 4316 2432 4361 duntaxat
2452 4316 2621 4362 decem
2643 4325 2959 4376 praestarem·

1594 4378 1745 4434 [Caet.
1772 4379 1869 4425 vid.
1896 4380 2012 4426 Cod.
2037 4382 2154 4437 Nap.
2180 4377 2305 4426 1616
2326 4378 2453 4436 sqq.]

1657 4436 1735 4496 14)
1769 4442 1821 4486 Ι..
1847 4444 1893 4486 1.
1920 4455 1992 4499 pr.
2021 4445 2073 4489 L.
2098 4441 2174 4488 11.
2199 4445 2252 4489 D.
2272 4441 2324 4488 Ιι.
2350 4444 2386 4488 t.
2412 4443 2534 4496 (not.
2560 4443 2648 4498 2.).
2671 4468 2731 4477 -
2757 4445 2808 4490 L.
2834 4445 2880 4493 4.
2912 4454 2961 4494 ει

1593 4499 1641 4548 6.
1676 4504 1729 4550 C.
1753 4503 1871 4549 eod.
1894 4503 1977 4557 (cf.
1997 4507 2021 4560 s
2043 4503 2154 4550 362.
2186 4511 2288 4550 not.
2313 4502 2391 4550 11.
2417 4511 2463 4548 et
2485 4504 2511 4558 S
2533 4502 2644 4550 575.
2675 4505 2733 4552 ll.
2760 4519 2837 4556 nr.
2867 4506 2954 4569 5.).

1594 4591 1655 4600 —
1674 4566 1781 4612 vid.
1806 4571 1857 4611 et
1875 4568 2042 4624 Cropp
2068 4571 2099 4614 l.
2124 4568 2155 4612 1.
2181 4568 2261 4613 Nr.
2285 4567 2385 4612 xlt.
2410 4563 2505 4620 57.

1662 4624 1735 4682 15)
1757 4626 1871 4675 L.7.
1892 4641 1965 4687 pr.
1982 4632 2034 4675 D.
2054 4629 2277 4676 late-L.
2294 4626 2340 4676 4.
2362 4631 2388 4684 S
2411 4630 2457 4676 1.
2483 4630 2540 4675 D.
2560 4630 2787 4679 deutur.
2802 4633 2969 4695 (xxll,

1600 4693 1668 4748 1.)
1686 4691 1824 4747 [Cod.
1849 4692 1967 4748 Nap.
1993 4690 2154 4749 1614]

1661 4752 1738 4810 16)
1774 4754 1824 4800 L.
1849 4754 1927 4798 12.
1952 4756 2005 4800 C.
2026 4754 2095 4800 de
2112 4757 2217 4801 act.
2238 4752 2530 4801 emtivend.
2555 4755 2655 4811 (lv,
2678 4755 2778 4813 49.)

1661 4814 1739 4873 17)
1774 4818 1826 4862 L.
1851 4817 1928 4862 13.
1950 4820 1976 4873 s
1997 4816 2074 4863 10.
2096 4818 2148 4862 D.
2167 4815 2233 4863 de
2254 4829 2372 4864 (ιε.
2396 4830 2446 4864 υ.
2471 4819 2594 4874 xtx,
2618 4821 2685 4876 1.)
2725 4846 2780 4852 --
2808 4824 2858 4867 L.
2879 4822 2961 4869 58.

1596 4882 1622 4934 S
1645 4877 1693 4925 8.
1716 4881 1769 4925 Ι).
1795 4879 1861 4924 de
1880 4877 2435 4939 usur.(xxtt‚l.)-1..
2462 4878 2537 4927 15.
2569 4888 2618 4929 ει
2638 4881 2716 4931 16.
2742 4887 2793 4932 C.
2820 4886 2886 4932 de
2910 4898 2962 4934 a.

1598 4954 1653 4990 θ.
1673 4954 1724 4990 υ.
1748 4943 1848 5000 (lv,
1870 4938 1968 5000 49.)
