3544 5506
1203 366 1339 408 cs».
1381 366 1428 408 1.
1470 366 1549 409 mt
1584 367 1740 410 June
1779 368 2182 412 numum-nt.
2984 360 3094 418 47³

269 478 613 554 probabilis
652 478 816 537 adsit
861 474 1242 550 repudiandi
1285 481 1480 537 causa
1498 524 1514 552 ,
1544 493 1751 552 eaque
1791 494 1829 537 a
1864 478 2086 554 judice
2132 481 2255 540 rite
2292 482 2677 541 confirmata
2720 482 2797 558 ⁸).
2854 485 3095 546 Causae

264 589 424 634 vero
446 573 704 647 repudii
732 573 837 631 vel
862 567 1107 643 legibus
1129 571 1432 630 definitae
1456 579 1609 631 sunt
1643 572 1718 648 ⁹),
1750 574 1852 631 vel
1870 574 2104 646 ,iudicis
2128 575 2395 636 arbitrio
2421 578 2918 636 committuntur
2934 624 2952 656 ,
2980 584 3089 654 qui

264 666 525 744 quidem
555 670 637 728 ad
658 665 1066 727 dissolvenda
1089 668 1413 742 sponsalia
1435 668 1781 741 proclivior
1809 683 1947 727 esse
1978 670 2172 728 debet
2192 707 2209 739 ,
2252 686 2400 729 cum
2436 668 2633 732 tristis
2666 679 2863 745 atque
2890 670 3094 736 infor·

263 765 475 830 tunati
496 769 775 843 conjugii
804 769 1046 827 malum
1076 769 1451 841 impendere
1484 768 2012 826 animadverterit
2037 764 2101 842 ¹⁰)
2124 776 2410 844 3‘contra
2440 786 2598 830 vero
2634 776 2913 834 eundem
2943 790 3084 835 esse

263 874 523 942 oportet
547 859 1010 941 religiosiorem
1034 883 1112 927 ac
1148 863 1571 926 difficiliorem
1590 915 1606 940 ‚
1632 863 1683 926 si
1719 868 1980 940 quidem
2019 868 2193 926 aliud
2222 870 2416 928 etiam
2443 875 2843 944 sponsalibus
2865 891 3090 935 acces·

261 965 420 1024 serit
442 965 772 1024 vinculum
791 1006 807 1032 ‚
829 964 1007 1022 velut
1038 963 1421 1022 concubitus
1443 963 1611 1021 inter
1632 979 1941 1037 sponsum
1962 969 2029 1022 et
2055 979 2359 1036 sponsam
2388 963 2486 1040 ιι),
2513 974 2651 1026 tum
2680 970 2875 1029 etiam
2894 971 3088 1045 juris-

253 1059 521 1140 jurandi
551 1064 775 1136 religio
809 1060 893 1133 ¹²).
931 1059 1446 1140 Quotiescunque
1477 1070 1695 1121 autem
1723 1064 2063 1121 voluntate
2086 1066 2189 1121 vel
2220 1065 2560 1138 utriusque
2587 1069 2688 1126 vel
2718 1070 3093 1130 alterutrius

261 1166 730 1238 desponsorum
779 1162 1180 1222 dissolvenda
1229 1168 1381 1222 sunt
1429 1155 1747 1236 sponsalia
1771 1206 1789 1234 ‚
1832 1176 2093 1236 semper
2142 1178 2375 1223 eorum
2419 1180 2771 1227 consensus
2820 1171 3093 1230 accedat

261 1276 526 1321 necesse
547 1267 681 1334 est,
704 1276 984 1334 quorum
1006 1259 1389 1320 auctoritate
1412 1256 1788 1332 colligatum
1808 1265 1907 1317 est
1929 1259 2294 1333 huJusmodi
2319 1261 2651 1321 vinculum
2682 1259 2747 1339 ¹⁸)
2763 1307 2779 1324 .

310 1457 314 1461 ,
343 1483 530 1561 5510.
567 1481 628 1559 C)
650 1480 1096 1541 Matrimonium
1126 1478 1402 1561 quomodo
1439 1478 1840 1549 contrahatur,
1854 1478 2217 1561 perficiatur.
2254 1481 2315 1560 1)
2345 1485 2429 1542 De
2462 1483 2720 1562 nuptiali
2743 1503 3013 1546 consensu

1292 1575 1350 1650 a)
1381 1571 1696 1635 universim
1724 1570 2052 1637 disseritur.

342 1803 425 1861 Ut
459 1804 947 1863 matrimonium
985 1798 1107 1860 rite
1142 1800 1568 1860 contrahatur
1601 1799 2136 1877 perficiaturque‚
2165 1802 2325 1860 haec
2350 1800 2415 1859 in
2457 1818 2663 1860 unum
2691 1813 3088 1866 concurrant

260 1920 526 1964 necesse
548 1911 646 1963 est
669 1923 682 1961 ε
705 1911 772 1962 et
800 1903 1101 1976 nuptialis
1132 1916 1481 1960 consensus
1500 1943 1516 1971 ‚
1545 1899 1608 1958 id
1636 1907 1732 1958 est
1762 1914 1991 1958 eorum
2014 1948 2030 1976 ,
2057 1900 2166 1973 qui
2188 1908 2428 1959 coeunt
2448 1944 2465 1971 ‚
2498 1915 2909 1977 quorumque
2941 1920 3093 1963 auc-

260 2004 513 2065 toritati
545 2019 777 2077 parere
807 2003 893 2062 illi
926 2004 1160 2061 debent
1188 2001 1253 2075 ¹),
1288 2008 1352 2059 et
1378 2001 1541 2074 juris
1579 1995 1950 2059 solemnitas
1970 2044 1986 2070 ‚
2025 2000 2076 2058 si
2108 2016 2235 2072 qua
2261 2009 2359 2059 est
2393 2001 2636 2073 legibus
2670 2003 3085 2076 praescripta.

257 2107 411 2166 Nam
436 2110 512 2160 ut
542 2104 737 2162 etiam
771 2102 978 2161 coitus
1010 2102 1351 2159 accesserit
1371 2142 1388 2173 ‚
1413 2099 1522 2173 jus
1552 2100 1735 2157 civile
1764 2100 2024 2157 minime
2049 2100 2320 2171 requirit
2348 2096 2422 2178 ²).
2467 2103 2542 2158 Et
2573 2116 2920 2161 consensus
2952 2103 3093 2175 qui-

257 2203 404 2260 dem
429 2217 577 2260 cum
608 2219 646 2259 a
685 2202 888 2260 libero
926 2199 1120 2258 animi
1143 2199 1392 2272 judicio
1434 2199 1887 2271 proficiscatur
1917 2199 2216 2271 seriaque
2259 2199 2488 2257 mentis
2516 2195 2910 2271 cogitatione
2939 2216 3093 2261 con-

257 2306 483 2373 ceptus
512 2301 591 2358 sit
618 2298 666 2374 ³)
709 2314 971 2358 necesse
1013 2305 1148 2372 est,
1194 2305 1334 2356 tum
1376 2312 1533 2356 vero
1576 2298 1663 2355 ita
1705 2304 2153 2371 comparatus,
2189 2304 2262 2356 ut
2301 2298 2420 2371 ipsi
2465 2299 2674 2357 inesse
2717 2299 3090 2372 nuptiarum

258 2405 484 2457 votum
506 2399 681 2457 haud
711 2399 1057 2457 difficulter
1087 2403 1403 2471 appareat
1427 2396 1489 2470 (ς
1521 2398 1666 2476 512.
1722 2403 1863 2456 not.
1902 2399 1965 2454 5.
1987 2394 2031 2468 ).
2064 2395 2204 2454 Jam
2232 2411 2393 2454 vero
2421 2411 2543 2454 nec
2573 2397 2638 2453 in
2671 2394 3092 2456 matrimoniis

257 2494 715 2553 contrahendis
739 2496 944 2552 ullum
976 2509 1112 2552 esse
1138 2508 1367 2551 eorum
1397 2507 1783 2550 consensum
1811 2534 1828 2566 ,
1863 2491 1924 2547 in
1949 2505 2226 2565 quorum
2251 2490 2735 2562 intelligentiam
2764 2507 2841 2549 ea
2860 2535 2879 2564 ‚
2917 2508 3087 2568 quae

258 2601 572 2667 aguntur,
621 2595 854 2652 cadere
897 2594 1076 2662 nullo
1121 2593 1313 2649 modo
1356 2596 1659 2663 possunt,
1705 2591 1809 2648 vix
1851 2597 1986 2665 est,
2045 2592 2221 2663 quod
2265 2605 2643 2649 moneamus
2674 2586 2742 2662 ⁴).
2794 2595 3089 2666 Itemque

255 2690 415 2751 illud
434 2737 451 2765 ‚
479 2700 544 2751 et
571 2688 631 2750 vi
656 2698 995 2766 metuque,
1020 2699 1084 2749 et
1103 2693 1254 2750 dolo
1274 2697 1467 2765 atque
1493 2706 1718 2749 errore
1743 2691 2034 2765 impediri
2058 2704 2441 2749 consensum
2462 2733 2479 2760 ,
2507 2696 2773 2747 eatenus
2794 2691 3082 2764 quidem,

255 2800 330 2851 ut
357 2793 531 2871 ejus,
589 2795 698 2867 qui
733 2795 834 2852 vel
885 2800 1149 2854 coaetus
1192 2794 1309 2863 sit,
1346 2794 1445 2850 vel
1488 2807 1710 2850 errore
1759 2792 2090 2857 inductus,
2137 2791 2591 2850 ratihabitione
2637 2798 2952 2863 purgetur
2998 2793 3092 2850 vi·

259 2892 419 2950 tium
444 2889 518 2968 ⁵).
553 2896 625 2950 Et
653 2898 864 2950 metus
888 2887 1148 2965 quidem
1169 2934 1186 2966 ‚
1220 2881 1509 2965 quamvis
1534 2908 1572 2949 a
1602 2892 1978 2964 parentibus
2000 2892 2212 2949 illatus
2233 2937 2249 2960 ‚
2282 2887 2636 2949 dummodo
2658 2889 2803 2948 talis
2836 2890 2946 2965 sit,
2978 2893 3087 2965 qui

256 2988 455 3045 etiam
499 2988 563 3044 in
592 2995 998 3046 constantem
1041 2988 1250 3045 virum
1292 2989 1514 3055 cadat,
1560 2988 1824 3065 omnino
1861 2982 2164 3059 impedit,
2198 3002 2333 3058 quo
2377 2987 2589 3044 minus
2612 2987 2690 3043 sit
2728 2986 3088 3060 perfectum

256 3083 733 3140 matrimonium
791 3081 863 3155 Β).
895 3086 968 3141 At
1016 3098 1174 3141 vero
1202 3083 1333 3141 doli
1380 3097 1510 3140 non
1540 3082 1821 3155 cujusvis
1864 3083 2031 3140 ratio
2078 3081 2380 3139 habenda
2417 3091 2549 3153 est,
2601 3083 2715 3138 sed
2757 3083 2896 3155 ejus
2946 3090 3087 3143 tan-

260 3180 594 3237 tummodo
616 3220 632 3248 ‚
661 3178 770 3250 qui
793 3186 860 3236 et
876 3194 1135 3237 causam
1157 3178 1333 3237 dedit
1353 3173 1412 3253 (§
1435 3176 1616 3250 557.)
1640 3177 2075 3244 matrimonio,
2097 3181 2163 3233 et
2182 3175 2492 3249 ejusmodi
2515 3176 2757 3234 induxit
2774 3191 3081 3251 errorem,

259 3275 656 3349 quiquidem
679 3274 949 3332 honeste
973 3279 1180 3347 potest
1201 3275 1283 3331 ad
1313 3270 1703 3331 matrimonii
1731 3272 2046 3331 rationem
2074 3271 2398 3345 pertinere
2430 3264 2501 3338 ⁷).
2538 3274 2837 3331 Errorem
2867 3278 3085 3333 autem

318 3502 369 3579 ἓ)
400 3516 448 3552 e.
478 3502 557 3552 15.
580 3505 712 3554 xm.
735 3507 1040 3562 temerae:-
1059 3504 1192 3553 med.
1212 3505 1276 3551 ad
1308 3504 1465 3551 Pand.
1500 3514 1637 3563 spec.

321 3582 372 3687 35
393 3565 680 3678 {5222}
705 3632 878 3676 t.-c.
901 3626 981 3676 25.
1005 3631 1064 3675 x.
1088 3628 1404 3686 aejumjur.
1427 3627 1509 3684 (n,
1530 3624 1632 3683 2⁴.)

1697 3501 1804 3549 low
1825 3499 1969 3547 Ebur.
1994 3503 2021 3558 ς
2041 3496 2153 3549 146.
2192 3523 2252 3534 -
2286 3496 2451 3548 Gliick
2480 3496 2636 3547 Pand.
2671 3500 2834 3547 xxiv.
2868 3501 2894 3556 ς
2932 3497 3075 3551 1222.

1698 3562 1997 3683 p‘ggjg‘&
2020 3626 2074 3672 D.
2087 3623 2139 3671 Ιι.
2164 3628 2203 3673 t.
2225 3624 2527 3672 «simulatae
2559 3623 2757 3684 nuptiae
2773 3624 2956 3672 nulllus
2976 3634 3088 3673 mo·-

261 3715 315 3724 —-
341 3704 388 3737 c.
409 3688 462 3738 5.
483 3696 545 3739 x.
569 3692 624 3739 Ιι.
649 3695 686 3739 t.
713 3718 772 3727 —
790 3706 836 3740 c.
854 3692 904 3739 3.
925 3694 982 3737 x.
1005 3690 1076 3738 de
1102 3690 1348 3750 conjuqio
1392 3691 1631 3746 leproso-
1694 3689 1849 3735 menti
1884 3691 2019 3735 sunt.
2042 3702 2068 3730 n

258 3765 397 3799 rum.
419 3754 520 3811 (lv,
541 3754 610 3811 8.)

1755 3749 1807 3799 ⁴)
1841 3751 1895 3798 1..
1921 3746 2000 3796 16.
2023 3750 2048 3805 S
2070 3747 2119 3796 2.
2142 3750 2197 3797 D.
2224 3749 2279 3796 Ιι.
2305 3753 2456 3796 t.—c.
2476 3746 2556 3796 2⁴.
2584 3750 2642 3795 X.
2660 3747 2714 3795 Ιι.
2736 3746 2914 3794 t.-ct.
2944 3749 3088 3806 Ape(

321 3815 400 3872 10)
433 3828 479 3862 c.
496 3814 546 3863 ὅ.
569 3819 627 3862 x.
651 3816 945 3875 deconjuy.
972 3816 1164 3871 [ειη-οε.
1193 3814 1293 3873 (lv,
1316 3810 1384 3870 8.)
1408 3837 1467 3846 -
1491 3813 1633 3861 Voee
1693 3813 1757 3858 de
1780 3825 1914 3858 caus.
1938 3812 2158 3860 matrim.
2183 3815 2371 3861 annuli.
2397 3813 2454 3858 D.
2479 3813 2517 3857 l.
2540 3811 2589 3855 S.
2614 3811 2652 3856 1.
2678 3811 2730 3856 1..
2748 3812 2771 3856 1
2787 3844 2800 3857 .
2817 3822 2866 3868 p.
2889 3807 2972 3858 75.
2997 3809 3080 3859 76.

256 3884 526 3925 comment.
549 3880 611 3925 ad
629 3879 781 3926 Pand.
804 3880 905 3924 Tit.
925 3879 986 3923 de
1008 3877 1277 3934 sponsalib.
1304 3878 1330 3932 3
1348 3873 1628 3931 15.—Ley-

1697 3899 1755 3908 -
1780 3878 1839 3920 At
1861 3885 2033 3920 eorum
2049 3910 2066 3935 ‚
2101 3875 2185 3932 qui
2222 3877 2347 3922 muti
2370 3877 2548 3920 suntet
2575 3872 2708 3918 surdi
2724 3906 2741 3933 ,
2762 3872 3080 3921 matrimonia

254 3951 348 3986 ser
366 3941 558 3986 meditt.
580 3941 642 3987 ad
663 3942 818 3988 Pand.
838 3951 967 3997 spec.
989 3937 1099 3986 295.
1126 3939 1256 3986 med.
1278 3935 1421 3986 4-6,
1442 3935 1619 3984 9-11.
1687 3936 2035 3983 admittuntur.
2057 3944 2104 3985 c.
2130 3936 2210 3985 25.
2234 3938 2294 3984 Χ.
2318 3937 2371 3985 Ιι.
2395 3941 2434 3983 t.

255 4014 382 4059 spec.
428 4001 540 4048 906.
586 4003 714 4049 med.
758 4005 804 4048 1.
843 4003 894 4049 2.
931 4026 987 4035 --
1021 3999 1331 4056 Pufendorf
1350 4000 1456 4045 obs.
1499 4001 1555 4045 T.
1583 4000 1621 4047 1.

1751 3996 1802 4056 5)
1837 4012 1879 4045 c.
1904 3996 1950 4045 6.
1977 3996 2057 4045 21.
2077 4002 2136 4045 x.
2161 3999 2215 4046 Ιι.
2233 4002 2272 4044 t.
2297 4022 2355 4033 -—
2375 4010 2421 4044 c.
2443 3998 2490 4044 2.
2509 3999 2569 4043 Χ.
2589 3995 2658 4043 de
2679 4007 2775 4058 eo,
2816 3996 2913 4056 qui
2940 3997 3075 4047 dux.

256 4065 360 4110 obs.
386 4062 496 4111 162.
518 4066 577 4110 T.
600 4066 675 4110 lv.
708 4065 816 4111 obs.
842 4064 921 4112 27.
960 4089 1019 4097 -
1056 4066 1108 4110 C.
1151 4066 1208 4109 F.
1236 4063 1477 4109 Hommel
1496 4063 1625 4108 Rha·
1690 4062 1745 4109 in
1758 4064 1914 4107 matr.
1934 4060 2033 4117 (tv,
2052 4060 2233 4117 7.)-c.
2257 4060 2307 4109 4.
2332 4064 2391 4107 Χ.
2412 4060 2508 4118 qui
2529 4061 2763 4108 malre'm.
2789 4070 2906 4109 acc.
2928 4072 3074 4116 poss.

255 4129 394 4185 psod.
430 4132 620 4184 quaest.
641 4128 747 4173 obs.
772 4125 886 4174 ⁴00.
912 4145 970 4160 -·-
993 4128 1049 4172 G.
1074 4127 1126 4172 S.
1156 4123 1429 4173 Wiesand
1463 4124 1540 4190 ἓν.
1566 4126 1627 4170 de

254 4189 461 4246 repudio
480 4188 546 4236 ob
570 4194 754 4235 metum
775 4191 892 4236 mali
913 4188 1209 4235 matrimonii
1232 4189 1302 4243 (in
1322 4188 1529 4243 opusc.).

323 4250 402 4305 11)
435 4252 494 4297 J.
520 4252 588 4297 H.
613 4251 870 4299 Boeltmer
889 4252 936 4298 J.
960 4251 1013 4296 E.
1045 4250 1096 4295 P.
1123 4249 1175 4294 1..
1206 4250 1282 4298 lv.
1316 4248 1416 4296 Tit.
1445 4250 1477 4295 l.
1501 4252 1528 4304 s
1547 4245 1629 4296 50.

257 4316 522 4368 -Lqrser
545 4315 675 4360 med.
696 4316 756 4361 ad
777 4313 931 4360 Pand.
953 4322 1086 4370 spec.
1106 4308 1218 4359 29⁴.

327 4374 403 4431 ¹2)
440 4389 484 4421 c.
509 4375 590 4422 10.
618 4375 696 4422 12.
726 4373 804 4424 16.
835 4373 913 4421 17.
946 4376 1006 4420 x.
1037 4373 1091 4419 Ιι.
1115 4376 1155 4420 t.
1190 4398 1251 4409 -
1285 4372 1359 4421 Cf.
1384 4371 1634 4420 Dabelow

262 4437 504 4484 Eberecht
527 4440 553 4494 s
578 4434 689 4484 105.

327 4499 403 4557 15)
439 4502 492 4546 Ι..
514 4497 564 4547 6.
592 4501 645 4546 1..
673 4498 751 4546 10.
774 4501 828 4545 D.
853 4498 909 4545 Ιι.
934 4501 974 4545 t.

889 4594 914 4649 3
947 4591 1059 4641 510.

327 4685 371 4740 1)
408 4685 459 4731 1..
481 4684 531 4730 2.
555 4685 611 4729 D.
634 4682 686 4729 Ιι.
709 4685 744 4729 t.
772 4685 955 4737 (xxm,
981 4681 1051 4738 2.)

320 4748 368 4802 2)
402 4749 457 4794 1..
481 4747 567 4794 50.
590 4748 642 4791 D.
664 4745 732 4793 de
749 4746 1103 4804 rey.jur.-t..
1128 4742 1207 4792 25.
1228 4746 1254 4799 S
1279 4740 1356 4791 13.
1382 4747 1436 4791 D.
1460 4745 1529 4792 de
1541 4746 1638 4793 do·

261 4814 375 4855 nat.
397 4809 495 4855 int.
524 4811 597 4856 V.
620 4812 676 4855 et
703 4809 759 4855 U.
780 4808 966 4867 (xltlv,
990 4807 1255 4865 1.)—Quod
1275 4808 1474 4865 quictem
1495 4810 1638 4865 longe

261 4884 396 4917 secus
420 4878 494 4917 est
514 4870 750 4917 canonico
767 4870 897 4925 jure.
920 4882 966 4916 c.
992 4869 1070 4918 16.
1096 4869 1174 4916 17.
1204 4871 1257 4917 C.
1280 4870 1561 4928 xxvihqu.
1584 4869 1631 4915 2.

259 4945 302 4980 c.
319 4931 370 4980 5.
394 4936 453 4981 x.
472 4932 542 4981 de
563 4932 750 4994 biqam.
775 4944 882 4980 non
903 4932 1078 4983 ordin.
1102 4933 1161 4994 (l,
1185 4933 1345 4992 at.)-
1366 4932 1444 4981 Cf.
1466 4930 1637 4981 Dabe-

1691 4125 1791 4182 (lv,
1818 4121 2337 4177 18.)-Scltoltssher.
2360 4126 2387 4179 s
2408 4121 2489 4169 91.

1752 4184 1804 4243 6)
1838 4187 1891 4231 1..
1930 4182 2009 4230 14.
2045 4187 2100 4233 C.
2133 4186 2186 4232 Ιι.
2223 4192 2340 4235 t.—-
2375 4196 2421 4232 c.
2453 4184 2504 4233 6.
2541 4182 2618 4231 1-1.
2659 4182 2737 4231 15.
2772 4181 2852 4230 28.
2875 4186 3071 4237 x.lt.t.

1697 4271 1752 4281 -
1775 4249 1826 4294 1..
1861 4247 1941 4291 21.
1977 4247 2032 4293 D.
2067 4248 2118 4294 Ιι.
2154 4252 2192 4294 t.
2217 4260 2341 4294 —-c.
2376 4247 2427 4294 3.
2466 4250 2519 4296 C.
2557 4249 2722 4293 xxxi.
2745 4260 2830 4305 qu.
2853 4248 2900 4292 2.
2919 4259 2965 4295 c.
2992 4248 3071 4300 11.

1697 4307 2015 4418 &gaza
2040 4306 2163 4366 imp.
2206 4312 2301 4367 (lv
2329 4344 2345 4371 ‚
2372 4313 2540 4370 1)-
2567 4310 2642 4356 Cf.
2666 4310 2856 4367 Apelt.
2884 4310 2920 4356 l.
2946 4312 3002 4359 D.
3032 4313 3070 4363 l.

1698 4383 1747 4429 p.
1843 4395 1897 4403 —
1971 4402 1982 4414 .

1696 4432 2241 4552 deaegocignbggdsabf
2249 4430 2705 4553 άξξιξχ(13ῗ51)’ῑ
2714 4434 2842 4541 §arg
2853 4437 3076 4557 ,οιῖοδρι-ξῖ

1706 4564 1815 4617 pter
1841 4568 2041 4604 causam
2062 4560 2362 4605 matrimonii
2398 4561 2545 4606 finem
2568 4564 2654 4603 aut
2690 4560 2965 4605 naturalem
2987 4569 3075 4609 aut

1707 4622 1979 4679 legitimum
2004 4633 2198 4678 prorsus
2242 4634 2340 4668 non
2382 4624 2706 4678 attingentem
2744 4621 3075 4671 dissolvantur

1704 4683 1933 4743 conjugia
1972 4684 2063 4728 rite
2101 4689 2351 4730 contracta
2373 4716 2387 4739 ‚
2431 4685 2614 4742 pariter
2644 4681 2985 4730 ethonestatis
3022 4692 3074 4734 et

1702 4747 1884 4804 publici
1901 4744 2024 4800 juris
2047 4746 2174 4791 ratio
2193 4746 2477 4801 impedit.-
2500 4749 2560 4792 At
2579 4757 2692 4791 vcro
2714 4745 2918 4793 dissent.
2951 4750 3072 4794 scri-

1702 4814 1866 4867 ptores
1903 4812 2143 4866 quotquot
2166 4808 2311 4854 modo
2333 4808 2556 4856 consului
2579 4818 2767 4854 omnes.
2793 4806 2894 4863 (Cf.
2940 4821 2988 4856 v.
3023 4824 3069 4857 c.

1701 4867 1975 4926 Hoepfner
1992 4870 2267 4917 Commeat.
2291 4872 2375 4918 ub.
2396 4874 2444 4918 d.
2461 4874 2577 4918 lust.
2599 4875 2622 4927 ς
2643 4868 2690 4917 11
2706 4871 2866 4919 1.not.
2890 4872 2936 4921 1.
2956 4869 3068 4920 6.-

1706 4927 1931 4981 ΤΙιὶῠαυι
1949 4934 2100 4983 Pand.
2124 4934 2149 4989 S
2171 4932 2281 4984 405.
2306 4947 2383 4984 nr.
2408 4931 2479 4994 6.)

2668 5036 2749 5095 60
