3544 5506
1454 304 1834 346 rnooemmr.
2969 298 3039 351 23

238 420 541 486 dinatam)
567 417 971 489 composuit,
1008 433 1081 474 ex
1105 418 1591 476 adnotationum
1620 418 1942 490 farragine
1965 462 1981 487 ‚
2009 434 2165 491 quas
2194 419 2339 476 inde
2372 421 2452 476 ab
2473 421 2692 478 Irnerii
2727 426 3037 496 tempori-

238 520 350 576 bus
386 518 557 590 juris
596 519 983 591 interpretes
1035 518 1430 576 celeberrimi
1485 520 1567 576 ad
1615 520 1719 592 jus
1772 519 2231 577 Justinianeum
2280 522 2825 595 conscripserant,
2873 542 3041 599 quae

237 630 471 684 graeco
502 616 825 673 vocabulo
850 617 1093 686 glossae
1116 617 1478 688 appellatae
1507 623 1656 673 sunt
1688 610 1789 686 ²⁸),
1823 616 2063 688 optima
2095 629 2391 688 quaeque
2427 632 2806 689 excerpens,
2847 628 3042 694 atque

240 727 314 768 ex
334 727 455 769 sua
487 713 683 784 ipsius
722 728 893 785 penu
917 714 1115 770 multa
1146 712 1447 786 adjiciens
1469 755 1483 780 ‚
1519 712 1748 784 quibus
1785 712 1965 769 velut
1986 717 2302 783 perpetuo
2343 715 2805 773 commentario
2836 723 3044 776 totum

242 808 428 881 hujus
455 809 623 883 juris
667 823 901 882 corpus
930 810 1221 866 instruxit
1253 809 1353 876 ²⁹).
1402 812 1601 866 Antea
1635 809 1805 865 enim
1828 852 1844 882 ,
1876 808 2118 865 etiamsi
2152 809 2395 878 glossae
2419 810 2752 869 ordinatae
2792 815 3044 886 vestigia

243 915 603 980 appareant
629 924 759 967 non
787 911 976 981 plane
997 910 1176 966 nulla
1201 912 1277 983 ³⁰)
1298 951 1316 982 ,
1340 909 1504 982 juris
1533 909 1672 965 libri
1703 908 2084 980 plerumque
2126 909 2520 978 singulorum
2549 911 2856 969 duntaxat
2879 915 3043 984 glos-

242 1010 535 1061 satorum
574 1011 890 1077 apparatu
931 1005 1220 1063 instructi
1259 1005 1667 1078 prostabant,
1695 1020 1972 1076 quorum
1998 1004 2251 1076 quidem
2284 1007 2526 1076 glossae
2567 1006 2832 1079 duplicis
2863 1020 3049 1070 erant

247 1101 519 1170 generis,
564 1100 725 1158 aliae
776 1100 1139 1168 breviores,
1179 1101 1438 1171 singulis
1461 1101 1820 1172 scripturae
1844 1100 2024 1158 lineis
2058 1100 2433 1173 interjectae
2471 1102 2663 1166 (unde
2687 1106 3050 1174 ‚tylos-mein·

246 1197 631 1254 ter-lineares
659 1197 868 1254 dictae
888 1245 904 1270 ,
935 1212 1106 1269 quae
1133 1199 1392 1254 Irnerio
1412 1196 1685 1254 maxime
1706 1196 1770 1253 in
1792 1195 2029 1254 deliciis
2052 1196 2243 1254 fuisse
2267 1196 2582 1267 feruntur)
2599 1195 2690 1272 ³¹),
2717 1201 2877 1259 aliae
2905 1220 3047 1275 pro-

248 1299 500 1357 lixiores
526 1340 545 1366 ‚
589 1315 749 1372 quas
779 1300 1046 1370 margini
1075 1314 1402 1372 apponere
1431 1300 1745 1357 solebant.
1780 1298 2165 1369 pervulgatis
2211 1298 2401 1368 igitur
2445 1301 2722 1356 Accursii
2748 1303 3003 1362 scholiis
3025 1350 3043 1380 ,

250 1395 387 1452 fieri
401 1412 538 1455 non
552 1396 785 1469 potuit,
828 1397 980 1468 quin
1014 1395 1342 1468 paullatim
1361 1395 1500 1452 libri
1521 1395 1914 1467 singulorum
1936 1393 2151 1465 glossis
2173 1394 2468 1453 instructi
2488 1394 2621 1453 sere
2635 1398 3067 1460 ascholarium

250 1511 365 1552 usu
387 1497 803 1570 recederent,
825 1501 1018 1568 atque
1030 1511 1198 1552 unus
1212 1496 1316 1553 ille
1328 1495 1742 1553 Accursianus
1757 1501 2105 1568 apparatus
2127 1510 2384 1553 omnem
2404 1495 2542 1563 sibi,
2558 1502 2697 1553 tum
2728 1498 2791 1555 in
2814 1500 3060 1570 scholis,

252 1603 387 1653 tum
412 1596 477 1652 in
504 1595 653 1654 foro
680 1595 1129 1654 auctoritatem
1157 1596 1538 1670 vindicaret,
1563 1596 1800 1669 quippe
1824 1596 1931 1668 qui
1957 1611 2088 1653 non
2110 1596 2443 1667 singularis
2471 1597 2741 1656 hominis
2762 1599 3057 1658 tenuitati

251 1693 715 1764 acquiesceret,
729 1695 838 1750 sed
856 1693 1278 1765 plurimorum
1298 1698 1491 1765 atque
1514 1692 1850 1750 illustrium
1865 1707 2268 1765 quorumque
2272 1693 2432 1766 juris
2452 1693 2873 1767 interpretum
2896 1699 3076 1757 dotes

251 1805 381 1847 una
424 1791 995 1861 complecteretur.
1044 1792 1182 1865 Quo
1231 1795 1448 1846 autem
1492 1789 1711 1846 labore
1756 1788 2024 1859 gratiam
2057 1804 2094 1846 a
2122 1783 2444 1861 plerisque
2471 1788 2651 1847 inivit
2695 1794 3075 1871 Accursius,

252 1886 485 1943 eodem
508 1886 647 1957 ipse
673 1885 740 1941 in
783 1887 1131 1943 multorum
1179 1885 1741 1956 reprehensionem
1771 1885 2022 1953 incidit,
2050 1886 2226 1942 illum
2264 1899 2394 1941 non
2449 1887 2644 1944 modo
2671 1889 2925 1960 Irnerii,
2952 1891 3074 1948 hu-

249 1982 487 2055 jusque
513 1987 908 2039 sectatorum
946 1981 1290 2051 elegantias
1336 1982 1435 2038 vel
1468 1982 1802 2053 abjecisse,
1848 1983 1946 2039 vel
1987 1983 2191 2040 omnis
2236 1984 2484 2053 generis
2524 1984 2818 2042 barbarie
2869 1987 3075 2060 inqui—

256 2098 466 2152 nasse,
484 2097 718 2139 verum
740 2082 933 2139 etiam
954 2083 1125 2155 turpi
1148 2082 1440 2140 socordia
1471 2087 1666 2154 atque
1685 2082 2063 2141 oscitatione
2082 2083 2354 2141 maxime
2373 2083 2538 2142 inter
2553 2099 2620 2142 se
2642 2086 3076 2160 discrepantes

265 2183 611 2238 Doctorum
656 2179 1005 2236 sententias
1048 2181 1408 2251 promiscue
1450 2163 1834 2250 excerpsisse
1862 2222 1877 2248 ‚
1928 2184 2402 2251 conquerentes
2433 2183 2532 2253 ³2).
2583 2183 2722 2253 Ipse
2750 2183 3079 2243 Accursius

261 2277 689 2346 glossatorum
719 2290 947 2346 agmen
972 2275 1213 2332 claudit
1239 2314 1255 2341 ‚
1288 2274 1520 2346 quibus
1548 2275 1922 2345 posterioris
1951 2276 2256 2347 temporis
2304 2277 2595 2333 nonnulli
2617 2277 2779 2351 juris
2829 2280 3075 2350 exposi-

263 2381 440 2434 tores
471 2375 641 2434 t'also
675 2378 1187 2433 adnumerantur
1207 2417 1224 2449 ,
1259 2389 1536 2447 quorum
1569 2374 1826 2447 quidem
1855 2375 2211 2432 sententiae
2235 2381 2430 2446 atque
2453 2376 2787 2447 opiniones
2816 2378 3035 2449 glossis
3060 2422 3078 2452 ‚

262 2480 401 2528 tum
430 2473 512 2528 ab
537 2472 725 2544 ipsis,
761 2477 896 2528 tum
917 2487 953 2528 a
989 2471 1261 2529 librariis
1300 2472 1592 2543 adeoque
1615 2471 1696 2527 ab
1725 2470 2074 2528 editoribus
2106 2471 2335 2543 passim
2388 2473 2729 2544 adspersae
2752 2473 3080 2531 inveniun-

264 2574 381 2624 tur
403 2568 499 2636 32).
526 2570 748 2641 Neque
772 2583 930 2626 vero
952 2567 1460 2641 praetereundus
1491 2566 1705 2624 hocin
1744 2567 1887 2625 loco
1915 2573 2012 2625 est
2033 2566 2321 2637 Magister
2379 2568 2681 2625 vacarius
2710 2610 2726 2637 ,
2784 2585 2862 2627 ex
2905 2570 3084 2628 Italia

270 2667 342 2723 in
372 2669 646 2738 Angliam
681 2668 895 2726 medio
928 2668 1186 2726 circiter
1224 2668 1608 2725 duodecimo
1638 2683 1700 2739 p.
1728 2665 1876 2724 Chr.
1916 2669 2135 2725 seculo
2174 2669 2423 2726 delatus
2445 2711 2462 2742 ,
2494 2669 2599 2726 ubi
2627 2668 2732 2740 ⁴ius
2755 2669 2937 2727 civile
2960 2671 3084 2728 do-

275 2768 411 2825 cuit
447 2784 523 2827 ac
550 2770 712 2843 juris
741 2769 1113 2827 iustinianei
1162 2768 1486 2841 epitomen
1534 2782 1894 2841 pauperum
1925 2768 1989 2824 in
2036 2783 2221 2825 usum
2256 2785 2293 2826 e
2317 2768 2578 2840 Digestis
2606 2776 2672 2827 et
2720 2770 2945 2828 Codice
2974 2785 3081 2828 ex—

273 2872 563 2937 cerptam
586 2907 603 2933 ,
633 2871 701 2922 et
724 2865 808 2922 ad
829 2880 1057 2924 novem
1101 2866 1387 2937 priorum
1414 2864 1653 2922 Codicis
1687 2865 2000 2922 librorum
2040 2865 2267 2922 seriem
2321 2864 2457 2922 t'ere
2493 2865 2860 2938 dispositam
2882 2910 2899 2941 ,
2933 2881 3087 2925 con-

272 2965 445 3025 fecit.
506 2967 621 3042 Qui
669 2966 932 3038 quidem
981 2967 1144 3023 liber
1182 2966 1500 3037 hodieque
1552 2970 1755 3022 exstat
1796 2970 1859 3021 et
1913 2963 2273 3022 utilissimus
2317 2970 2449 3033 est,
2485 2979 2631 3022 cum
2672 2964 2736 3022 in
2791 2966 3089 3024 eruendis

272 3062 861 3134 antiquissimorum
917 3063 1216 3120 Codicum
1261 3062 1421 3119 MSS.
1472 3059 1848 3119 lectionibus
1877 3102 1895 3134 ,
1953 3066 2092 3117 tum
2120 3060 2219 3116 vel
2265 3060 2536 3116 maxime
2578 3062 2659 3118 ad
2711 3062 3085 3119 Irnerianae

274 3159 531 3216 scholae
576 3161 890 3217 rationem
936 3160 1161 3216 melius
1188 3158 1697 3229 cognoscendam
1722 3200 1738 3227 ,
1787 3156 2279 3230 accuratiusque
2328 3156 2639 3229 quidquid
2688 3158 2795 3215 illa
2851 3157 3088 3231 injure

277 3258 674 3318 Justinianeo
708 3302 724 3329 ‚
790 3261 979 3333 quale
1043 3274 1216 3316 nunc
1274 3257 1580 3315 habemus
1619 3303 1634 3331 ,
1694 3256 2142 3315 constituendo
2212 3256 2599 3329 praestiterit
2635 3298 2651 3327 ,
2710 3256 3089 3327 investigan-

278 3360 439 3417 dum
487 3359 585 3430 ³⁴).

428 3488 455 3559 ς
484 3488 580 3543 17.
610 3491 696 3544 De
723 3489 804 3545 iis
829 3530 846 3559 ‚
894 3506 1056 3562 quae
1074 3492 1494 3561 alos-satorum
1519 3503 1708 3557 opera
1730 3527 1750 3558 ‚
1783 3488 1932 3549 juri
1972 3486 2358 3543 Justmianeo
2390 3488 2666 3558 impensa
2685 3528 2703 3559 ‚
2734 3485 2945 3557 effecta

1568 3585 1724 3636 sunt
1745 3583 1839 3648 (¹⁸).

369 3711 582 3781 Neque
598 3724 757 3768 vero
781 3710 946 3767 ullus
974 3710 1038 3767 in
1058 3716 1191 3769 tota
1213 3710 1471 3768 historia
1491 3708 1653 3783 juris
1673 3708 1980 3766 litteraria
2000 3708 2285 3777 cernitur
2305 3709 2483 3767 locus
2506 3709 2665 3768 scitu
2685 3715 2817 3767 tam
2845 3711 3091 3788 dignus,

347 3881 429 3939 28)
476 3882 828 3941 quinctiliani
847 3882 1002 3930 instit.
1025 3887 1208 3930 orator.
1235 3888 1280 3943 l,
1311 3882 1357 3930 1.
1381 3884 1430 3929 in
1451 3887 1575 3930 extr.
1604 3908 1663 3915 ——
1728 3880 1841 3929 270.
1863 3908 1920 3915 —
1937 3883 2011 3928 Cf.
2033 3886 2083 3928 et
2100 3882 2371 3929 Schrader
2389 3883 2419 3928 Ι.
2442 3884 2474 3928 l.
2500 3884 2526 3938 S
2546 3880 2625 3928 48.
2668 3894 2716 3939 p.
2759 3880 2855 3929 2⁴0
2887 3898 2948 3915 —-
2982 3880 3093 3931 242.

282 3943 566 3990 Betthar-di
585 3944 743 3991 herm.
758 3946 857 4002 jur.
874 3946 976 3991 Lib.
990 3948 1026 3993 l.
1048 3950 1074 4003 3
1095 3944 1175 3992 31.
1195 3947 1499 4006 —Savv'qny
1512 3947 1570 3991 T.
1585 3946 1662 3991 tv.
1793 3943 1873 4001 503)
1918 3945 2026 3991 Vid.
2053 3947 2269 3991 Cramer·
2286 3945 2336 3989 in
2357 3943 2594 4003 Huqom‘s
2607 3943 2995 4001 civilist.lltagaz.
3015 3947 3094 3993 ΙΙΙ.

284 4020 336 4065 p.
356 4005 452 4053 5¹4
474 4033 535 4040 —
557 4004 670 4053 525.
1724 4020 1782 4065 p.
1809 4005 1917 4055 1⁴6.
1943 4004 2052 4053 147.
2077 4031 2133 4040 -—
2154 4008 2210 4053 J.
2237 4010 2290 4052 G.
2320 4009 2574 4053 Claussen
2595 4007 2755 4051 denuo
2771 4008 2987 4053 edendae
3007 4013 3096 4055 Ac-

348 4067 433 4125 ⁴29)
478 4070 693 4115 Sar-tius
715 4071 766 4117 in
792 4070 1019 4117 Accursio
1062 4078 1223 4128 (oper.
1263 4072 1396 4117 laud.
1422 4082 1471 4128 p.
1496 4067 1588 4116 136
1608 4094 1669 4106 --
1735 4070 1992 4116 cursianae
2016 4071 2200 4126 glossae
2214 4069 2474 4125 specimen.
2501 4067 2606 4112 Hal.
2626 4064 2806 4127 (1828.)
2829 4069 2876 4116 8.
2902 4094 2961 4102 -
2978 4072 3097 4117 Cae-

290 4129 431 4187 147.)
449 4136 477 4189 3
496 4131 771 4178 7-12.-
789 4133 1023 4190 Saviqny
1065 4135 1123 4180 T.
1148 4134 1207 4179 V.
1233 4147 1281 4191 p.
1305 4131 1399 4179 253
1420 4157 1477 4164 ——
1499 4131 1613 4181 257.
1732 4132 1956 4189 teroquin
1980 4131 2077 4177 vid.
2103 4132 2337 4190 Saviqny
2350 4131 2408 4176 T.
2427 4131 2485 4174 V.
2509 4141 2558 4185 p.
2580 4127 2675 4174 275
2695 4154 2755 4163 -
2776 4131 2888 4180 277.
2913 4144 2959 4190 p.
2983 4130 3097 4180 287.

355 4193 438 4253 30)
487 4194 598 4239 vid.
618 4195 898 4243 Schrader·
926 4196 976 4240 in
1018 4196 1282 4242 Prodromo
1299 4207 1432 4253 corp.
1452 4193 1552 4254 jur.
1574 4198 1668 4244 civ.
1735 4194 1842 4245 (nr.
1869 4197 1947 4247 1.)
1989 4192 2101 4239 288.
2126 4206 2173 4251 p.
2198 4190 2292 4238 297
2323 4205 2394 4250 sq.
2416 4204 2465 4249 p.
2488 4188 2601 4238 548.
2625 4215 2686 4225 —-
2709 4194 2981 4242 Schrader
3001 4198 3036 4243 1.
3059 4197 3095 4243 l.

292 4262 321 4314 g
342 4256 406 4303 43
425 4284 486 4292 —-
502 4255 584 4304 ⁴7.
606 4255 723 4311 (231
749 4283 809 4291 —-
829 4255 942 4303 259.
958 4260 994 4312 ).
1014 4259 1275 4304 -Be'ener
1315 4260 1484 4304 Gesch.
1510 4260 1559 4304 d.
1584 4260 1672 4305 No·
1735 4254 1897 4313 §disin
1921 4255 2017 4300 flne
2035 4257 2103 4312 (p.
2124 4254 2254 4314 245).

298 4322 457 4367 vellen
473 4333 520 4379 p.
546 4320 760 4369 1287.-
777 4320 852 4367 Ct'.
881 4320 1119 4376 Saviqny·
1138 4321 1195 4365 T.
1222 4322 1277 4366 V.
1304 4334 1353 4379 p.
1372 4319 1530 4367 257-
1555 4319 1666 4368 170.
1799 4315 1880 4374 54)
1918 4319 2131 4363 Sar-tius
2163 4320 2200 4365 1.
2241 4320 2274 4364 l.
2317 4328 2365 4372 p.
2405 4312 2466 4360 4⁰
2488 4342 2548 4350 -
2568 4319 2651 4366 57.
2673 4346 2734 4354 -
2772 4320 2846 4366 cf.
2872 4319 3100 4367 Dii-lesen

366 4380 444 4438 251)
484 4386 698 4431 Sar-tius
721 4383 973 4441 inlrnerio
996 4385 1022 4438 3
1040 4379 1088 4428 5.
1112 4383 1227 4428 etin
1246 4384 1359 4441 adp.
1384 4394 1674 4429 monumen·
1739 4380 1931 4426 civilist.
1958 4380 2196 4426 Abbandl.
2218 4383 2254 4426 l.
2278 4391 2324 4434 1».
2352 4374 2447 4423 519
2466 4391 2571 4438 sqq.
2603 4406 2665 4416 -·
2691 4383 2911 4441 lnprimis
2934 4388 3100 4430 autem

305 4449 405 4490 tor.
424 4448 549 4503 operi
570 4448 676 4503 adj.
716 4447 755 4491 l.
800 4446 878 4502 (p.
918 4441 1028 4490 187.
1050 4442 1066 4498 )
1090 4470 1150 4478 -
1174 4444 1272 4493 ctr.
1315 4451 1478 4491 tamen
1520 4448 1573 4491 C.
1618 4448 1675 4493 F.
1742 4442 1843 4489 vid.
1861 4444 1911 4487 C.
1929 4444 1986 4488 F.
2010 4443 2061 4487 C.
2081 4442 2294 4489 lVenck
2313 4440 2538 4496 Magister
2555 4445 2999 4503 Vacarius,primus
3015 4444 3099 4499 ju-

304 4508 559 4555 Wenckii
589 4510 821 4568 Magister
860 4505 1087 4553 vacarius
1122 4519 1173 4565 p.
1201 4505 1313 4556 117.
1353 4533 1413 4541 -
1448 4509 1682 4568 Saviqny
1745 4506 1811 4552 ris
1841 4504 2042 4549 Romani
2066 4504 2115 4549 in
2140 4504 2307 4562 Anglia
2333 4502 2574 4553 Professor
2601 4513 2695 4555 cet.
2721 4508 2848 4564 Lips.
2885 4505 3027 4554 1820.
3050 4505 3098 4554 8.

301 4571 364 4615 Τ.
384 4572 457 4615 m.
482 4584 528 4627 p.
550 4570 663 4618 519.
688 4573 748 4617 Τ.
773 4569 851 4613 lV.
873 4582 921 4627 p.
941 4566 1022 4619 27.
1046 4567 1127 4629 28,
1144 4569 1224 4618 52.
1749 4566 1882 4614 Adde
1900 4569 2128 4624 opuscula
2150 4568 2228 4612 ed.
2247 4566 2467 4612 Steeber.
2482 4581 2529 4627 p.
2548 4566 2816 4617 453—494
2831 4575 2941 4630 etp.
2963 4572 3101 4617 Lxlv

363 4629 443 4689 52)
483 4636 638 4689 Quam
655 4632 859 4692 quidem
881 4632 1088 4678 Aseni-sii
1121 4636 1315 4692 culpam
1345 4636 1539 4690 praeter
1573 4634 1668 4678 Gn.
1735 4643 1810 4688 sq.
1835 4629 2045 4688 praefat.
2069 4629 2286 4676 editoris.
2311 4653 2371 4662 —
2396 4625 2634 4692 Saviqny
2648 4633 2707 4680 T.
2738 4634 2816 4679 lv.
2849 4645 2897 4691 p.
2924 4632 3016 4681 5⁴8
3040 4658 3101 4667 —

300 4695 663 4756 Panzirolum,
686 4694 982 4757 Alcimum,
1011 4695 1282 4750 Ctoaciiaem
1302 4696 1536 4753 aliosque,
1551 4706 1673 4752 quos
1734 4691 1849 4741 366.

297 4760 514 4806 nominat
532 4760 755 4807 Sat-tius
777 4756 867 4802 1.1.
902 4759 928 4812 S
968 4745 1056 4814 12,
1075 4758 1262 4805 diluere
1285 4764 1487 4805 conatus
1509 4763 1585 4803 est
1615 4758 1671 4803 J.
2359 4775 2386 4831 g
2420 4778 2496 4828 ¹7·

303 4822 356 4864 G.
378 4821 700 4870 Heineccius
726 4820 782 4865 in
799 4819 1000 4865 historia
1012 4820 1134 4875 juris
1153 4821 1288 4867 Rom.
1314 4831 1371 4867 ac
1388 4821 1555 4867 Germ.
1568 4819 1670 4865 Lib.

303 4883 332 4930 l.
361 4883 515 4939 3:416.
540 4886 693 4932 not.·.
724 4906 786 4915 -—
811 4884 869 4927 At
892 4882 989 4928 vid.
1008 4882 1244 4943 Saviqny
1264 4884 1321 4930 T.
1348 4884 1404 4929 V.
1431 4895 1476 4941 p.
1496 4880 1589 4930 257
1616 4907 1673 4916 -
1804 4880 2251 4943 (')DeSav1‘qnyl.
2274 4884 2306 4929 l.
2335 4883 2390 4929 Τ.
2420 4884 2499 4931 lli.
2526 4896 2568 4931 c.
2598 4884 2923 4930 XXII—xxv.
