3544 5506
1229 353 1366 397 nar.
1406 351 1497 397 xv.
1537 354 1615 397 nn
1650 353 2100 397 stavrruruus.
2957 341 3067 400 28¹7

239 468 412 543 juris
433 469 648 528 locum
675 467 920 526 habent
948 466 1309 527 interdicta.
1339 469 1478 544 Quo
1505 466 1570 524 in
1591 480 1824 537 genere
1859 466 2176 540 quaedam
2207 463 2482 539 propriis
2501 465 2635 524 suis·
2655 465 2895 538 legibus
2916 479 3068 527 con·

253 564 545 622 tinentur
563 607 582 639 ,
614 558 890 621 maxime
922 577 1000 620 ex
1026 563 1282 620 illorum
1307 576 1616 631 numero,
1646 576 1816 634 quae
1843 561 2224 619 servitutum
2245 607 2262 634 ,
2291 560 2541 619 rusticis
2580 561 3066 625 adhaerentium

256 660 533 734 praediis
556 660 815 717 nomine
842 659 1081 717 dantur
1107 703 1124 730 ‚
1161 654 1326 716 haec
1349 658 1606 731 quidem
1634 672 1652 714 ε
1695 655 1754 730 a)
1781 659 1902 715 Int.
1924 657 2007 714 de
2032 656 2263 715 itinere
2291 661 2574 728 actuque
2608 657 2858 729 privato
2875 655 2920 732 8)
2939 702 2960 735 ,
2983 675 3069 720 ex

254 774 333 817 eo
351 760 749 834 potissimum
769 759 1058 831 pendens
1073 799 1091 830 ,
1116 759 1288 830 quod
1315 757 1659 815 novissimo
1687 771 1860 814 anno
1882 771 2001 829 per
2023 756 2286 828 triginta
2309 757 2392 814 ad
2420 751 2755 815 minimum
2786 758 2921 818 dies
2945 774 3067 821 nec

253 850 350 925 vi,
395 870 520 914 nec
541 858 746 923 clam,
776 869 900 914 nec
927 854 1225 927 precario
1259 853 1569 911 servitute
1606 866 1759 910 usus
1789 852 1870 911 sit
1905 857 2092 909 actor
2112 848 2153 920 ⁴)
2176 892 2193 919 ,
2240 852 2342 908 vel
2373 851 2568 910 etiam
2604 851 2691 920 is,
2730 868 2768 911 a
2796 868 2928 926 quo
2960 855 3068 930 =ius

252 966 439 1009 suum
464 952 571 1009 ille
607 951 782 1009 ducit
804 948 874 1024 ὃ).
916 951 980 1022 b)
1008 953 1132 1009 Int.
1161 950 1241 1007 de
1270 944 1499 1006 itinere
1526 953 1806 1020 actuque
1833 946 2086 1019 privato
2119 946 2502 1021 reficiend05
2539 947 2722 1021 cujus
2755 955 2903 1007 sunt
2924 965 3068 1023 pro-

250 1050 433 1123 priae
472 1051 641 1122 leges
667 1049 788 1108 hae
818 1068 835 1106 ε
865 1056 936 1107 ut
978 1055 1046 1107 et
1071 1048 1285 1106 damni
1318 1046 1532 1106 insecti
1555 1045 1817 1103 nomine
1849 1050 2072 1102 caveat
2101 1050 2282 1102 actor
2300 1086 2317 1119 ,
2352 1049 2416 1101 et
2443 1043 2628 1102 simul
2662 1046 2745 1103 de
2770 1045 2920 1120 jure
2948 1063 3067 1108 suo

251 1148 525 1206 edoceat
564 1146 849 1220 judicem
866 1142 914 1219 ὅ)
934 1189 949 1214 ,
981 1146 1158 1203 unde
1196 1143 1390 1202 etiarn
1432 1143 1528 1200 rei
1572 1140 2086 1215 persecutionem
2124 1139 2250 1198 hoc
2281 1139 2689 1198 interdictum
2732 1143 3067 1204 continere

249 1241 485 1304 dicitur
504 1244 576 1318 ⁷).
622 1254 678 1318 c)
716 1246 1128 1304 Interdictum
1162 1244 1244 1301 de
1275 1258 1443 1316 aqua
1472 1241 1844 1314 quotidiana
1872 1244 1937 1297 et
1965 1239 2204 1297 aestiva
2228 1238 2523 1297 ducenda
2550 1234 2592 1306 ⁸)
2614 1258 2633 1314 3
2658 1254 2789 1313 quo
2806 1242 3065 1313 quidem

249 1360 443 1404 nemo
462 1351 719 1411 utetur,
760 1340 877 1402 nisi
911 1344 1019 1416 qui
1052 1349 1118 1403 et
1139 1341 1247 1416 jus
1278 1356 1486 1416 aquae
1514 1342 1597 1399 ad
1624 1355 1691 1399 se
1718 1339 2045 1413 pertinere
2078 1344 2263 1412 putet
2284 1380 2301 1413 ,
2346 1344 2414 1395 et
2455 1334 2659 1410 priori
2685 1354 2859 1399 anno
2887 1346 3061 1417 toto,

247 1452 363 1502 aut
383 1460 501 1518 per
530 1440 711 1503 binas
753 1450 1028 1502 aestates
1052 1444 1299 1518 priores
1321 1486 1339 1517 ‚
1380 1455 1504 1499 nec
1533 1440 1634 1512 vi,
1669 1455 1791 1498 nec
1830 1441 1996 1498 clam
2018 1482 2033 1507 ‚
2075 1452 2197 1496 nec
2223 1437 2516 1510 precario
2538 1451 2689 1495 usus
2715 1437 2909 1498 fuerit
2932 1456 3065 1500 ser-

247 1544 450 1602 vitute
463 1541 531 1611 ⁹).
567 1543 632 1617 d)
655 1544 1073 1602 Interdictum
1101 1543 1184 1600 de
1201 1542 1348 1600 rivis
1368 1584 1383 1610 ,
1413 1540 1854 1613 aquaeductus
1878 1536 2208 1596 reficiendi
2233 1536 2676 1609 purgandique
2697 1552 2891 1596 causa
2919 1553 3066 1613 pro-

246 1643 526 1716 positum
552 1645 615 1716 ¹⁰)
633 1660 652 1719 3
691 1644 755 1700 in
786 1657 919 1714 quo
942 1685 960 1717 ,
1002 1641 1149 1701 licet
1190 1640 1273 1699 de
1295 1640 1444 1714 jure
1471 1638 1793 1698 servitutis
1821 1653 1956 1697 non
1995 1642 2381 1712 quaeratur,
2416 1642 2482 1694 at
2516 1643 2694 1695 certe
2724 1638 2937 1696 damni
2965 1639 3062 1697 in-

245 1740 398 1801 fecti
427 1757 660 1801 cavere
699 1741 1070 1801 adversario
1102 1754 1366 1800 necesse
1406 1740 1599 1797 habet
1639 1744 1824 1797 actor
1846 1737 1935 1810 11).
1976 1734 2218 1809 Hisque
2250 1731 2600 1794 interdictis
2632 1735 2833 1796 simile
2872 1744 2970 1796 est
3003 1739 3063 1813 e)

241 1842 360 1899 int.
392 1842 475 1899 de
502 1839 682 1899 fonte
703 1880 720 1909 ‚
764 1841 938 1913 quod
969 1841 1226 1913 quidem
1248 1845 1498 1913 spectat
1525 1839 1607 1897 ad
1622 1838 1730 1913 jus
1750 1852 1959 1911 aquae
1981 1832 2374 1896 hauriendae
2391 1834 2482 1912 12).
2517 1839 2855 1896 Praeterea
2870 1838 3062 1898 etiam

243 1941 644 2003 urbanorum
672 1935 1086 2013 praediorum
1109 1954 1305 1998 causa
1330 1935 1651 2011 singulare
1683 1941 1950 1996 Praetor
1979 1937 2320 2009 proposuit
2344 1936 2760 1995 interdictum
2785 1937 2866 1995 de
2891 1939 3063 1997 cloa-

241 2039 336 2098 cis
357 2082 374 2113 ‚
408 2041 544 2100 scil.
581 2036 939 2099 reficiendis
977 2048 1045 2098 et
1075 2039 1421 2112 purgandis
1439 2056 1459 2116 3
1493 2039 1675 2112 cujus
1709 2038 1870 2097 haec
1896 2043 1991 2096 est
2020 2037 2280 2110 propria
2312 2037 2403 2094 vis
2423 2078 2439 2102 ‚
2480 2042 2588 2106 ut,
2643 2037 2948 2109 quoniam
2979 2039 3060 2096 ad

240 2138 564 2210 publicam
585 2139 924 2198 utilitatem
946 2145 1239 2211 spectare
1255 2137 1551 2196 videatur
1572 2137 1941 2195 cloacarum
1966 2135 2234 2193 resectio
2258 2140 2326 2192 et
2345 2133 2645 2206 purgatio
2669 2174 2686 2202 ‚
2715 2133 2840 2192 hoc
2865 2135 3061 2194 inter-

236 2236 414 2296 dicto
442 2253 635 2310 agere
657 2253 739 2296 ne
776 2239 828 2296 is
872 2238 1132 2311 quidem
1161 2237 1614 2310 prohibeatur,
1646 2236 1755 2308 qui
1784 2235 1883 2309 vi,
1917 2236 2083 2293 clam
2112 2240 2226 2291 aut
2273 2232 2568 2306 precario
2589 2274 2607 2299 ‚
2658 2232 2945 2304 quamvis
2978 2235 3060 2292 ab

238 2337 610 2396 adversario
631 2380 646 2403 ,
680 2351 834 2395 usus
856 2336 935 2395 sit
953 2335 1047 2412 13).
1079 2340 1150 2394 ln
1183 2331 1444 2408 reliquis
1474 2336 1665 2408 igitur
1701 2329 1996 2393 omnibus
2032 2328 2237 2391 causis
2286 2332 2376 2389 uti
2420 2331 2752 2404 possidetis
2797 2327 3059 2391 interdi-

238 2441 422 2494 ctum
450 2437 663 2496 locum
697 2436 924 2511 habet,
960 2451 1091 2493 non
1119 2436 1316 2494 modo
1342 2436 1404 2492 in
1430 2434 1770 2507 negativis,
1798 2440 1937 2492 tum
1965 2427 2241 2490 habendi
2267 2425 2675 2490 servitutibus
2705 2431 2768 2500 ¹⁴)
2787 2475 2803 2502 ,
2833 2447 3059 2491 verum

240 2534 445 2593 etiam
472 2536 534 2593 in
562 2531 688 2604 his,
729 2551 898 2609 quae
928 2551 1008 2594 eo
1031 2537 1478 2604 continentur,
1513 2541 1588 2593 ut
1620 2534 1671 2592 is
1690 2575 1707 2601 ‚
1757 2534 1861 2592 cui
1898 2533 2168 2592 servitus
2194 2533 2507 2590 debeatur
2527 2571 2544 2597 ‚
2586 2528 2796 2590 facere
2822 2531 3061 2605 aliquid

236 2631 309 2688 in
337 2629 536 2690 fundo
557 2632 766 2690 alieno
785 2674 804 2707 ‚
831 2646 964 2689 non
989 2628 1274 2690 adhibito
1305 2645 1505 2704 opere
1531 2628 1903 2688 manufacto
1920 2671 1935 2694 .
1972 2624 2170 2701 possit
2201 2629 2294 2699 ι5).
2338 2625 2368 2679 J
2375 2643 2478 2685 am
2508 2640 2665 2684 vero
2690 2624 2752 2698 2)
2775 2628 2948 2700 quod
2975 2629 3060 2687 ad

231 2744 552 2803 personae
593 2730 928 2790 servitutes
971 2731 1200 2789 attinet
1221 2771 1238 2800 ‚
1284 2732 1533 2791 nullum
1564 2726 1891 2803 peculiare
1934 2743 2161 2788 earum
2185 2727 2446 2786 nomine
2477 2720 2804 2800 proditum
2842 2733 2940 2786 est
2966 2727 3059 2787 in-

232 2826 625 2905 terdictum3
656 2831 849 2903 igitur
869 2847 946 2890 ea
965 2874 983 2908 ‚
1027 2846 1194 2905 quae
1230 2847 1451 2890 rerum
1481 2827 1916 2904 corporalium
1945 2829 2323 2903 possessioni
2350 2828 2631 2885 tuendae
2668 2827 3053 2901 inserviunt,

229 2936 303 2988 et
337 2932 826 3003 recuperandae
856 2932 1029 2989 unde
1057 2931 1155 3001 vi,
1195 2937 1259 2990 et
1290 2930 1667 2989 retinendae
1710 2928 2125 3003 possessionis
2165 2925 2537 2992 interdicta,
2584 2921 2650 2983 in
2695 2924 3057 2999 hujusmodi

229 3044 458 3087 causas
479 3028 724 3088 utiliter
751 3032 1330 3089 accommodantur
1356 3025 1426 3105 16)
1449 3076 1466 3100 ,
1495 3036 1561 3088 et
1591 3035 1932 3103 praeterea
1965 3028 2157 3086 etiam
2194 3024 2608 3084 interdictum
2641 3026 2722 3083 de
2760 3040 2935 3098 aqua
2956 3024 3052 3099 ¹⁷).

228 3160 314 3170 —
334 3128 608 3211 Omnino
633 3137 849 3189 autem
877 3125 1163 3189 omnium
1191 3129 1423 3189 horum
1451 3124 1943 3188 interdictorum
1972 3122 2212 3184 utilitas
2244 3140 2325 3184 eo
2350 3119 2672 3191 cernitur,
2701 3129 2777 3182 ut
2803 3131 2868 3183 et
2906 3139 3056 3196 pos-

224 3228 524 3287 sessionis
558 3243 752 3287 causa
795 3228 1213 3301 defendatur,
1253 3237 1320 3289 et
1353 3231 1588 3289 damna
1623 3229 1777 3288 data
1801 3227 2237 3286 resarciantur
2262 3224 2353 3297 ¹⁸).
2391 3228 2604 3297 Neque
2643 3237 2807 3282 vero
2847 3224 3054 3282 solum

221 3327 534 3385 adversus
567 3325 898 3385 dominum
927 3322 1021 3386 rei
1060 3327 1391 3386 servientis
1424 3329 1640 3386 locum
1671 3323 1916 3384 habent
1955 3324 2295 3381 interdicta
2314 3366 2330 3391 ‚
2379 3322 2492 3380 sed
2522 3322 2827 3379 adversus
2856 3335 3053 3394 quos-

289 3516 344 3573 9)
359 3518 408 3565 1..
429 3516 477 3566 4.
504 3521 532 3574 ς
551 3519 632 3568 97.
666 3520 717 3567 in
744 3522 781 3569 f.
802 3521 860 3568 D.
883 3520 952 3568 de
973 3532 1164 3579 usurp.
1188 3522 1325 3582 (xm,
1348 3522 1418 3579 3.)
1440 3546 1498 3556 -
1518 3523 1615 3569 Sa·
1679 3531 1727 3578 p.
1755 3516 1869 3566 555.
1894 3523 2000 3565 not.
2028 3519 2075 3565 1.
2122 3543 2179 3552 -
2223 3518 2297 3565 Cf.
2320 3523 2370 3563 et
2402 3518 2455 3566 1..
2488 3518 2536 3563 5.
2561 3518 2588 3572 ς
2608 3514 2656 3564 5.
2677 3518 2733 3562 D.
2760 3514 2841 3565 uti
2855 3514 3055 3575 possid.

223 3576 394 3638 vlyny·
427 3583 454 3636 S
486 3580 569 3630 46.
594 3596 644 3642 p.
681 3581 791 3631 557.
821 3608 883 3618 —
919 3584 972 3630 C.
1004 3584 1198 3631 Albert
1216 3585 1302 3631 nb.
1328 3586 1424 3632 den
1458 3585 1614 3633 Besitz
1679 3581 1865 3639 (XLlll,
1885 3581 1985 3639 17.)
2012 3597 2036 3624 «ι
2059 3582 2180 3627 item
2206 3580 2480 3636 videamus,
2503 3580 2542 3625 si
2573 3580 2791 3636 projecto
2812 3589 2958 3637 supra
2986 3578 3055 3625 vi·

217 3643 514 3701 nnkorperl.
552 3645 739 3693 Sachen
764 3652 866 3695 etc.
887 3647 975 3692 Nr.
1013 3647 1058 3693 1.
1099 3647 1407 3705 Darstenung
1429 3646 1511 3693 des
1535 3648 1615 3694 in·
1676 3646 1775 3691 cini
1796 3646 1953 3691 solum
1977 3656 2073 3691 non
2090 3644 2201 3700 jure
2224 3643 2393 3689 baberi
2417 3644 2637 3704 dicatur,
2659 3653 2723 3688 an
2742 3642 3056 3687 interdictum

216 3706 491 3753 tei-dietum
513 3707 575 3753 de
598 3708 770 3755 itinere
792 3714 1005 3766 actuque
1026 3709 1231 3767 privato.
1261 3711 1427 3767 Leipz.
1464 3707 1608 3757 1896.
1675 3709 1747 3754 uti
1769 3707 2023 3766 possidetis
2042 3705 2105 3753 sit
2126 3707 2245 3753 utile
2265 3706 2425 3752 altere·
2447 3704 2716 3752 adversm
2738 3704 2967 3750 alterum
2984 3703 3012 3749 t
3026 3718 3050 3744 n

216 3789 284 3798 —
310 3768 390 3813 ef.
415 3780 564 3827 supra
583 3772 610 3827 S
627 3768 740 3819 994.
764 3776 868 3819 not.
888 3770 941 3819 9.
965 3776 1016 3816 et
1035 3771 1165 3817 infra
1189 3777 1295 3820 not.
1318 3770 1398 3819 15.
1674 3768 1727 3826 (l.
1749 3781 1795 3814 e.
1819 3781 1937 3815 num
1961 3774 2008 3814 et
2028 3768 2254 3815 dominus
2265 3769 2493 3815 adversus
2512 3778 2643 3823 eum,
2660 3766 2741 3824 qni
2766 3766 2915 3812 babet
2936 3775 3053 3823 pro-

282 3825 337 3883 8)
365 3831 471 3889 Dig.
489 3833 631 3879 xblll
654 3868 670 3891 ,
709 3832 786 3881 19.
833 3857 890 3867 ——
933 3834 986 3879 1..
1009 3835 1059 3880 3.
1083 3845 1163 3892 pr.
1189 3836 1241 3883 1..
1266 3831 1316 3882 6.
1336 3836 1390 3880 D.
1415 3833 1465 3880 Ιι.
1482 3837 1520 3881 t.
1546 3857 1607 3867 --
1666 3832 1855 3886 jectum
1882 3866 1899 3888 ‚
1929 3835 1977 3877 et
2001 3832 2040 3877 is
2061 3833 2288 3878 adversus
2312 3831 2564 3877 dominum
2591 3861 2606 3884 ,
2628 3829 2698 3874 uti
2719 3832 2871 3885 queat
2903 3828 3057 3874 inter·-

212 3889 438 3945 (Athen
457 3906 507 3948 p.
526 3894 657 3951 103.)
1677 3894 1811 3940 dicto
1836 3896 1857 3939 ⁶!
1879 3897 1894 3947 )
1922 3908 1946 3935 ιι
1971 3894 2027 3940 Et
2062 3898 2135 3940 est
2170 3893 2298 3951 apud
2322 3894 2539 3939 Cassium
2562 3892 2771 3937 relatum
2792 3922 2808 3946 ‚
2838 3889 3058 3949 utrique

286 3950 340 4009 4)
363 3956 417 4000 1..
445 3955 493 4001 1.
512 3957 539 4012 ς
559 3955 701 4004 9-4.
722 3958 780 4004 D.
803 3957 858 4005 Ιι.
885 3962 922 4005 t.
942 3980 1005 3991 -
1027 3956 1217 4006 Caeter.
1243 3958 1339 4004 vid.
1366 3958 1415 4003 L.
1443 3955 1493 4004 1.
1517 3958 1544 4012 S
1563 3954 1613 4005 9.
1678 3967 1799 4003 esse
1818 3954 2033 4015 inutile,
2060 3957 2174 4014 quia
2197 3956 2323 4001 alter
2343 3956 2497 4000 solum
2532 3953 2774 4012 possidet,
2796 3953 2921 3998 alter
2941 3963 3056 3999 cum

215 4015 343 4061 eod.
366 4018 498 4071 (vid.
522 4018 712 4067 Albert
733 4021 767 4065 l.
794 4021 830 4067 1.
854 4022 880 4076 ς
901 4016 982 4066 95.
1004 4023 1055 4064 et
1069 4019 1305 4080 Saviqny
1323 4032 1371 4078 p.
1396 4016 1531 4079 541.)
1554 4044 1616 4054 -
1679 4019 1882 4065 aedibus
1902 4019 2226 4075 superficiem.
2251 4032 2277 4059 π
2300 4016 2352 4072 (i.
2372 4027 2416 4062 e.
2441 4015 2502 4062 ad
2535 4019 2761 4061 nentrum
2785 4025 2923 4071 posse
2945 4026 3057 4071 per-

217 4076 298 4123 Cff.
319 4084 375 4122 et
392 4080 447 4124 1..
470 4083 520 4127 5.
540 4082 567 4136 S
586 4082 636 4127 9.
658 4080 778 4129 eod.
802 4105 855 4114 -
883 4081 1123 4139 Sauriam·
1145 4095 1196 4140 p.
1216 4081 1309 4131 543
1332 4094 1442 4140 sqq.
1678 4081 1836 4126 tinere
1857 4081 2169 4127 interdictum
2187 4113 2201 4135 ,
2223 4080 2454 4137 quoniam
2477 4077 2620 4124 alteri
2651 4075 2866 4135 corporis
2880 4110 2896 4131 ,
2915 4076 3055 4123 alteri

283 4136 337 4194 5)
358 4141 411 4186 1..
433 4140 485 4189 ὅ.
508 4143 535 4196 S
549 4141 727 4192 6-10,
753 4146 803 4190 1..
828 4142 878 4191 5.
898 4147 925 4201 ς
945 4147 994 4191 9.
1023 4144 1074 4191 D.
1096 4145 1150 4191 Ιι.
1174 4148 1209 4191 t.
1231 4170 1289 4178 —
1311 4146 1503 4193 Albert
1522 4144 1556 4189 1.
1576 4144 1612 4190 1.
1673 4141 1801 4197 juris
1823 4144 2059 4200 possessio
2098 4140 2453 4198 imperturbata
2481 4141 2544 4185 sit
2566 4150 2582 4198 ς
2607 4137 2673 4185 cf.
2702 4143 2919 4186 context.
2944 4139 2994 4185 in
3014 4139 3052 4186 f.

213 4202 247 4255 S
268 4197 354 4247 28.
372 4201 456 4250 99.
481 4229 545 4237 -
568 4205 705 4252 Unde
723 4207 896 4264 explic.
921 4208 973 4254 L.
1000 4206 1049 4251 9.
1075 4209 1101 4263 ς
1123 4205 1171 4253 δ.
1191 4207 1352 4266 (verb.
1383 4223 1395 4254 ε
1420 4219 1492 4254 ex
1513 4206 1615 4253 Ιιοι·
1678 4203 1728 4250 h.
1753 4207 1780 4259 S
1800 4209 1850 4249 et
1866 4215 2010 4261 supra
2033 4206 2058 4259 S
2089 4202 2201 4251 243.
2223 4208 2328 4249 not.
2351 4199 2441 4259 8.).

199 4274 416 4322 feruet-e
441 4269 545 4324 est)
567 4269 621 4313 D.
641 4267 709 4315 de
743 4269 936 4315 interd.
971 4265 987 4319 (
1015 4270 1189 4327 XLlll,
1226 4271 1273 4317 1.
1292 4267 1619 4329 )-Savtqny
1747 4264 1826 4322 15)
1846 4269 1958 4323 Arg.
1984 4267 2036 4312 1..
2069 4268 2149 4312 90.
2173 4265 2223 4310 in
2248 4266 2282 4311 f.
2320 4264 2374 4310 D.
2396 4264 2465 4310 de
2485 4275 2625 4310 serv.
2652 4287 2708 4297 -
2732 4263 2808 4309 Cf.
2838 4262 3059 4312 Thibaut

214 4338 274 4385 p.
296 4323 414 4375 541.
440 4354 506 4365 -
530 4329 723 4377 Αῶενί
741 4332 767 4386 ς
789 4328 897 4377 149.
919 4333 970 4378 in
992 4331 1030 4377 f.
1679 4328 1825 4376 Arch.
1850 4329 1886 4373 f.
1913 4328 2105 4374 civilist.
2130 4329 2209 4373 Pr.
2248 4328 2285 4372 l.
2319 4337 2369 4383 p.
2394 4326 2481 4370 111
2514 4350 2574 4358 -
2612 4323 2722 4373 116.
2763 4347 2822 4357 --
2845 4327 3053 4373 Dissent.

275 4385 332 4446 6)
355 4390 408 4435 1,.
429 4390 477 4437 5.
503 4394 530 4447 ς
550 4392 605 4437 11
632 4405 740 4451 sqq.
763 4418 821 4426 -
844 4395 897 4439 L.
920 4391 968 4441 5.
995 4396 1021 4450 s
1043 4391 1092 4440 4.
1118 4396 1173 4443 D.
1195 4394 1247 4441 Ιι.
1274 4398 1313 4440 e.
1682 4390 1913 4449 Savium·
1934 4391 1970 4437 Ι.
1996 4392 2030 4436 l.
2060 4403 2107 4448 p.
2122 4387 2233 4438 558.
2259 4411 2319 4421 —-
2340 4388 2579 4435 Albertl.
2604 4389 2638 4434 Ι.
2669 4400 2716 4445 p.
2740 4385 2852 4434 950.
2875 4389 2979 4435 not.
2999 4386 3056 4436 5.

274 4450 328 4507 7)
351 4452 405 4498 1..
430 4456 479 4501 9.
505 4456 533 4511 ς
554 4455 605 4502 9.
632 4456 686 4502 D.
712 4455 781 4502 de
800 4456 993 4504 interd.
1686 4479 1744 4487 —
1768 4454 1929 4499 Latius
1956 4455 2104 4501 etiam
2140 4451 2444 4510 progreditur
2477 4448 2543 4496 de
2576 4451 2979 4507 Rausclaenplat
2998 4454 3053 4500 D.

274 4510 327 4571 8)
351 4516 456 4574 οὓς.
480 4518 646 4577 ΧΙᾸΙΙ,
668 4518 749 4563 90.
1673 4516 1736 4564 de
1759 4527 1909 4561 onere
1932 4515 2169 4575 probandi
2194 4515 2241 4559 in
2266 4516 2426 4568 negat.
2454 4516 2553 4558 act.
2571 4514 2597 4569 ς
2617 4510 2665 4558 8.
2689 4510 2739 4560 9.

273 4574 328 4631 m
353 4578 406 4623 1..
433 4578 478 4625 1.
503 4582 530 4635 ς
552 4578 633 4627 10.
656 4576 735 4625 19.
761 4577 965 4628 29—36.
992 4583 1044 4628 1..
1069 4578 1119 4628 6.
1150 4580 1206 4629 n.
1230 4581 1281 4628 12.
1306 4585 1343 4628 t.
1734 4576 1812 4636 16)
1832 4580 1884 4624 1..
1909 4580 1956 4624 3.
1982 4580 2008 4633 s
2030 4575 2229 4624 15—17.
2267 4576 2321 4620 ι).
2345 4574 2412 4621 de
2430 4574 2503 4621 vt.
2530 4575 2710 4635 (x1.1u‚
2733 4571 2915 4629 100—
2933 4578 3056 4624 cae-

280 4638 366 4697 10)
388 4642 497 4699 Dig.
521 4644 686 4695 xmu,
712 4641 793 4689 91.
1674 4644 1767 4689 ter.
1792 4642 1891 4687 vid.
1914 4640 2151 4700 Savian
2169 4641 2196 4695 S
2216 4635 2296 4685 45.
2318 4637 2367 4682 in
2386 4637 2423 4683 f.

276 4702 432 4811 ¹3}
460 4702 713 4813 1.939.ἑ,.
733 4701 782 4751 4.
804 4707 861 4753 D.
885 4705 938 4752 h.
963 4708 1000 4752 t.
1017 4730 1072 4739 —-
1094 4704 1303 4764 (Albert
1320 4705 1356 4753 1.
1380 4706 1414 4751 l.
1435 4705 1462 4760 ς
1482 4702 1612 4763 149.)
1741 4703 1896 4813 151371..
1923 4701 1970 4749 1.
1996 4702 2122 4811 3119.
2146 4705 2199 4749 Ι).
2224 4700 2294 4746 de
2314 4708 2460 4756 aqua
2480 4702 2630 4757 quot.
2654 4699 2798 4746 -Ch
2820 4699 3056 4763 Saviqny·

213 4789 273 4799 —-
343 4800 355 4810 .
409 4769 472 4822 ,ς
542 4779 700 4815 .eo.
1711 4799 1724 4811 .
1847 4770 1983 4812 .not.
2040 4800 2053 4813 .

280 4826 366 4885 19)
385 4830 493 4889 nig.
525 4830 705 4889 xmu,
729 4828 809 4877 22.
1673 4778 1707 4825 p
1741 4827 1820 4886 18)
1844 4829 1894 4873 1..
1921 4829 1967 4874 1.
1990 4840 2065 4888 pr.
2087 4828 2143 4873 L.
2163 4827 2213 4871 3.
2235 4824 2261 4878 S
2280 4821 2328 4871 3.
2356 4826 2410 4872 D.
2434 4825 2505 4873 de
2533 4824 2591 4871 11.
2614 4826 2800 4883 actuq.
2828 4826 2966 4884 priv.
2995 4850 3051 4860 -

421 4893 488 4954 ig.
517 4893 667 4938 xun
690 4926 707 4947 ,
745 4893 825 4939 93.
1678 4892 1731 4938 L.
1755 4893 1801 4937 1.
1827 4892 1852 4946 S
1877 4889 1952 4937 11.
1977 4889 2213 4938 eod.—L.
2241 4885 2504 4946 l.pr.898.
2527 4884 2606 4935 97.
2631 4888 2686 4933 D.
2709 4887 2883 4948 deaq.
2904 4892 3040 4948 quot
