3544 5506
506 291 617 350 506
1005 304 1157 347 rus
1195 305 1354 347 spec.
1397 306 1517 349 mn.
1558 306 1647 349 tv.
1691 307 1769 349 nn
1805 308 1962 351 suun
1998 310 2329 355 nomnen
2366 313 2439 354 m·
2477 313 2803 357 ‘tumtun

507 421 633 479 rias
661 416 750 495 ¹²).
779 417 881 491 ΙΙΙ)
906 418 1187 476 Tertium
1221 424 1317 476 est
1334 419 1577 491 jnrium
1603 434 1805 491 genus
1832 421 2144 492 ejusmodi
2162 424 2381 498 ‚·quod
2408 427 2744 500 utriusque
2769 429 2999 501 prioris
3017 433 3197 491 velut
3220 441 3314 493 est

504 520 989 587 adminiculum,
1023 517 1086 575 id
1134 519 1446 589 efficiens,
1486 535 1637 578 cum
1664 526 1739 577 ut
1772 520 2099 580 detinendi
2134 524 2369 583 liberos
2399 524 2682 584 habeant
2711 535 3140 606 potestatem,
3171 538 3305 589 tum

500 630 657 674 vero
683 611 1036 674 interdictis
1070 615 1151 672 de
1179 615 1392 674 liberis
1423 622 1489 674 et
1527 615 1895 676 exhibendis
1923 624 1990 675 et
2017 619 2326 678 ducendis
2361 626 2632 680 utantur
2669 631 2976 695 parentes
3002 627 3310 687 adversus

493 729 952 791 quemcunque
973 757 990 786 ,
1033 729 1232 788 penes
1255 731 1449 788 quem
1474 731 1607 775 non
1638 717 1973 775 voluntate
1996 713 2252 777 iliorum
2271 726 2611 778 morantur
2631 721 2814 781 liberi
2847 719 2890 755 ¹³
2917 765 2935 782 .

951 893 973 935 ἵ
1192 900 1218 973 §
1239 903 1385 962 549.
1416 902 1659 961 Patriae
1676 902 1979 981 potestatis
2000 903 2160 962 notio
2177 911 2350 983 atque
2366 904 2606 968 indoles.

586 1102 794 1161 Patria
820 1108 1106 1175 potestas
1130 1116 1212 1160 ea
1249 1101 1711 1176 complectitur
1729 1102 1915 1178 jura,
1956 1118 2124 1176 quae
2151 1103 2438 1178 patribus
2482 1099 2524 1179 ¹)
2561 1103 2711 1177 iure
2755 1102 2924 1161 civiti
2967 1103 3034 1161 in
3083 1105 3307 1164 liberos

500 1209 902 1277 competunt.
921 1198 1098 1261 Haec
1112 1201 1302 1274 igitur
1328 1197 1526 1260 civilis
1550 1202 1758 1276 patria
1787 1210 2071 1276 potestas
2094 1219 2214 1262 nec
2240 1202 2529 1262 foeminis
2547 1199 2610 1277 ²),
2643 1217 2763 1262 nec
2814 1199 3302 1276 fitiissamilias⁸>,

499 1318 620 1362 nec
644 1303 995 1377 peregrinis
1033 1302 1335 1360 tribuitur
1359 1301 1407 1376 ⁴)
1427 1344 1442 1368 ‚
1474 1303 1636 1361 sicut
1657 1319 1780 1363 nec
1809 1299 2098 1376 patribus
2129 1305 2442 1378 competit
2475 1304 2540 1362 in
2569 1304 2811 1363 liberos
2831 1350 2848 1376 ‚
2890 1306 2999 1378 qui
3031 1321 3166 1365 non
3193 1307 3304 1365 nisi

498 1399 778 1458 naturali
794 1399 942 1472 ,iure
970 1397 1117 1471 ipsis
1147 1397 1474 1471 conjuncti
1500 1405 1687 1472 sunt;
1727 1399 2018 1472 tantique
2045 1400 2198 1457 oiim
2229 1400 2446 1457 habita
2468 1407 2564 1458 est
2583 1443 2599 1469 ‚
2635 1406 2711 1457 ut
2734 1402 3118 1460 adseverare
3139 1402 3306 1460 haud

494 1497 865 1559 dubitarent
886 1496 1158 1557 Romani
1185 1515 1202 1555 z
1230 1498 1363 1556 tere
1390 1499 1599 1557 nultos
1625 1494 1785 1558 aiios
1803 1514 1940 1558 esse
1961 1500 2271 1570 homines,
2298 1501 2616 1573 quitatem
2636 1500 2701 1557 in
2724 1501 2955 1559 liberos
2973 1501 3300 1569 haberent,

502 1600 759 1673 qualem
801 1599 958 1672 ipsi,
1011 1602 1403 1671 potestatem
1435 1595 1503 1671 ⁸).
1539 1599 1740 1670 quue
1782 1606 2113 1672 tamquam
2155 1600 2540 1673 principium
2572 1601 2766 1658 etiam
2806 1600 3149 1658 novissimo
3163 1602 3303 1675 jure

497 1702 823 1754 servatum
851 1701 981 1764 est,
1012 1695 1162 1753 licet
1183 1696 1318 1770 jam
1341 1693 1405 1750 in
1434 1700 1687 1752 tantum
1716 1691 2125 1753 imminutum
2152 1703 2318 1754 esset
2333 1701 2438 1772 jus
2474 1697 2722 1769 patriae
2746 1697 3107 1769 potestatis,
3141 1702 3212 1754 ut
3239 1697 3296 1754 in

490 1794 933 1867 compluribus
961 1809 997 1851 a
1023 1794 1189 1868 juris
1237 1786 1521 1866 gentium
1562 1796 1926 1868 praeceptis
1951 1796 2049 1853 vix
2091 1788 2448 1854 recederet.
2472 1797 2804 1854 Vocantur
2842 1802 3062 1854 autem
3106 1797 3297 1854 filii-ii-

495 1890 966 1950 liaevei'amilias
987 1935 1002 1962 ,
1029 1892 1135 1965 qui
1167 1892 1412 1965 patriae
1436 1893 1736 1965 potestati
1757 1893 2216 1966 subjiciuntur;
2244 1899 2474 1951 contra
2499 1908 2654 1951 vero
2674 1939 2691 1966 ‚
2724 1894 2833 1968 qui
2864 1893 3092 1952 eadem
3116 1892 3291 1952 soluti

499 1998 679 2060 sunt,
706 1992 1067 2051 nominibus
1096 1992 1364 2050 veniunt
1381 1988 1712 2051 hominum
1736 1989 1834 2051 sui
1852 1992 2014 2067 juris
2034 2035 2051 2064 ,
2085 1998 2225 2050 tum
2249 1992 2441 2050 etiam
2492 1991 3289 2066 patrum-matrumvesami-

498 2092 610 2150 iias
637 2089 711 2166 ⁶).
745 2096 1080 2152 Caeterum
1114 2087 1270 2151 nihil
1313 2093 1608 2167 impedit,
1661 2109 1795 2167 quo
1838 2092 2050 2152 minus
2077 2099 2144 2151 et
2179 2090 2401 2151 furiosi
2438 2093 2674 2153 liberos
2701 2092 2984 2152 habeant
3023 2092 3090 2151 in
3129 2098 3287 2166 pote·

493 2196 664 2248 state
688 2183 763 2262 ⁷).

1095 2424 1196 2459 nr.
1231 2413 1268 2459 1·
1305 2425 1367 2460 D!
1403 2423 1715 2473 aequuum
1752 2422 1847 2460 vu.
1879 2421 2166 2458 anunm
2201 2418 2381 2455 unu
2416 2418 2716 2455 rortsnrt.

818 2594 844 2666 §
871 2597 1088 2658 550.1.
1120 2599 1203 2655 De
1227 2597 1453 2657 rationo
1473 2598 1853 2677 acquirendae
1871 2599 2170 2679 potestatis
2202 2598 2268 2670 Δ)
2295 2596 2612 2676 generatim
2646 2593 2986 2674 exponitur.

587 2817 947 2892 Aequiritur
981 2816 1193 2890 patria
1216 2824 1498 2892 potestas
1523 2812 1712 2892 justis
1754 2817 1999 2892 nuptiis
2037 2814 2103 2891 ¹),
2137 2818 2487 2891 adoptione
2507 2861 2524 2893 ‚
2555 2815 3033 2889 legitimatione,
3064 2818 3132 2869 ut
3156 2812 3281 2885 qui-

510 2916 659 2975 dem
680 2930 756 2974 ex
779 2910 1160 2987 pontificum
1185 2910 1580 2974 auctoritate
1602 2922 1840 2974 vocant
1857 2909 1903 2988 ²)
1925 2913 2215 2973 zcivitate
2228 2910 2299 2988 ⁸),
2325 2911 2709 2987 postliminio
2732 2905 2806 2983 ⁴).
2829 2910 3278 2984 Redintegratur

512 3016 778 3075 rescissa
819 3015 1170 3073 liberorum
1211 3014 1609 3087 ingratorum
1652 3014 2169 3087 emancipatione
2200 3012 2288 3088 ⁵),
2335 3013 2402 3071 in
2441 3014 2761 3086 integrum
2794 3011 3179 3069 restitutione
3210 3002 3281 3081 6),

501 3115 790 3188 itemque
811 3110 1198 3188 postliminio
1221 3110 1286 3180 ⁷).
1319 3112 1396 3172 Et
1416 3115 1603 3186 justis
1628 3114 1889 3188 quidem
1915 3114 2153 3187 nuptiis
2173 3129 2304 3173 non
2332 3128 2587 3186 semper
2619 3111 2787 3187 patri
2815 3110 3162 3184 acquiritur
3182 3120 3284 3180 po-

505 3223 741 3277 testas:
771 3233 920 3276 nam
943 3217 994 3276 si
1023 3218 1158 3291 ipse
1196 3212 1278 3275 sit
1320 3214 1759 3276 filiusfamilias
1780 3259 1798 3292 ‚
1834 3216 2019 3275 liberi
2047 3230 2123 3274 ex
2148 3211 2336 3289 ,iustis
2358 3209 2598 3288 nuptiis
2623 3213 2708 3271 ab
2728 3226 2808 3271 eo
2837 3209 3157 3286 procreati
3189 3221 3283 3280 po-

508 3311 725 3376 testati
748 3316 1171 3390 subjiciuntur
1193 3316 1341 3389 avi,
1365 3332 1496 3389 quo
1523 3311 1787 3390 quidem
1823 3322 2086 3375 mortuo
2115 3310 2181 3372 in
2210 3321 2464 3388 patrem
2499 3310 2864 3372 devolvitur
2890 3308 2989 3388 jus
3014 3306 3086 3384 ⁸).
3108 3310 3282 3379 Atque

578 3489 654 3550 12)
686 3493 885 3549 Leyser·
923 3493 1056 3539 med.
1099 3491 1162 3537 ad
1201 3490 1354 3537 Pand.
1378 3503 1455 3550 sp.
1480 3493 1624 3539 xvii.
1650 3502 1719 3538 m.
1736 3489 1789 3538 2.
1815 3515 1872 3525 -
2000 3488 2049 3543 5)
2086 3489 2203 3548 Gaji
2224 3491 2337 3537 inst.
2363 3490 2403 3536 1.
2424 3491 2451 3545 3
2474 3486 2554 3536 55.
2578 3491 2629 3535 et
2650 3489 2676 3542 3
2698 3487 2748 3534 2.
2771 3488 2809 3533 Ι.
2833 3485 2886 3533 h.
2905 3489 2943 3533 t.

510 3554 742 3602 Sti-uben
768 3554 942 3602 rechti.
966 3556 1080 3601 Bed.
1099 3553 1182 3608 ΙΙΙ,
1205 3548 1407 3601 49.-0.
1429 3552 1495 3600 H.
1523 3554 1800 3613 Breuniny
1821 3555 1876 3599 Ι).
2003 3550 2053 3608 6)
2087 3552 2140 3599 L.
2161 3549 2210 3600 4.
2235 3554 2289 3598 Ι).
2310 3551 2361 3599 lt.
2388 3553 2550 3599 t.—1..
2578 3547 2689 3598 195.
2710 3547 2799 3605 32.
2821 3549 2877 3595 Ι).
2901 3548 2970 3596 de
2991 3548 3064 3597 V.
3084 3540 3280 3603 S.—(ct.

511 3629 574 3662 an
598 3622 737 3674 pater
755 3622 980 3663 teneatur
993 3617 1158 3663 tiberis
1169 3615 1230 3662 ad
1245 3617 1520 3662 mercedem
1534 3619 1879 3675 praestandam
1942 3618 1969 3673 3
1984 3612 2099 3662 304.
2123 3618 2227 3662 not.
2250 3611 2319 3672 4.)

510 3684 716 3738 propter
737 3691 911 3737 operas
933 3679 1207 3736 praestitas.
1232 3678 1359 3735 Lips.
1382 3676 1524 3725 1772.
2004 3676 2055 3734 7)
2086 3677 2139 3723 L.
2157 3675 2206 3723 8.
2233 3678 2287 3724 Ι).
2308 3675 2377 3723 de
2394 3674 2495 3737 Itis,
2519 3672 2614 3734 qut
2630 3673 2718 3722 eui
2733 3673 2823 3722 vel
2837 3672 3048 3730 oldut.
3070 3671 3134 3733 (i,
3152 3667 3216 3729 0.)
3238 3691 3284 3701 -

582 3740 662 3799 13)
696 3741 804 3799 Dig.
827 3742 1006 3799 (ΧιΙΙΙ,
1027 3739 1399 3793 30.)detiberis
1418 3738 1736 3788 exhibendis
1753 3738 1876 3786 item
1942 3742 1996 3787 Ι..
2018 3738 2101 3787 20.
2125 3741 2182 3787 D.
2203 3738 2271 3787 de
2286 3740 2355 3786 st.
2379 3737 2517 3785 hom,

513 3802 857 3852 ducendis.—
873 3804 991 3850 Cod.
1014 3804 1138 3859 vm,
1159 3800 1210 3848 8.
1224 3826 1283 3836 —
1296 3803 1432 3857 Quod
1451 3804 1648 3862 quidem
1663 3804 1744 3857 jus
1763 3814 1879 3861 pro-

519 3866 625 3923 prie
644 3872 717 3912 est
734 3867 920 3924 patriae
939 3865 1208 3923 potestatis.
1223 3866 1290 3910 De
1302 3863 1469 3911 matris
1481 3865 1764 3921 autemjure
1778 3865 1877 3911 vid.
2538 3862 2566 3917 3
2595 3858 2710 3909 550.

518 3929 571 3974 Ι..
598 3928 645 3975 2.
669 3929 724 3975 C.
745 3928 799 3974 Ιι.
825 3929 1005 3975 t.—1..
1029 3928 1076 3974 t.
1100 3925 1197 3984 85.
1226 3925 1346 3974 1..3.
1369 3929 1395 3983 S
1415 3924 1467 3975 5.
1487 3928 1540 3973 D.
1558 3926 1610 3975 lt.
1636 3930 1672 3975 t.
1697 3950 1759 3961 —
1787 3927 1879 3986 (Cf.

519 4001 667 4049 supra
688 3996 792 4038 not.
814 3988 884 4049 5.)
2018 3988 2066 4045 1)
2096 3988 2177 4034 Ρι·.
2203 3988 2240 4034 Ι.
2265 3987 2318 4035 h.
2343 3991 2455 4033 t.-
2472 3987 2501 4041 3
2520 3986 2599 4032 19.
2620 3984 2659 4032 Ι.
2682 3984 2751 4032 de
2768 3986 2921 4041 nupt.
2955 4006 3021 4018 -
3050 3979 3124 4030 Cf.
3145 3985 3172 4039 3
3192 3978 3288 4028 m.

1952 4056 2058 4099 not.
2083 4047 2229 4098 5-9.
2252 4055 2302 4095 et
2320 4061 2464 4109 supra
2488 4049 2514 4103 3
2536 4045 2649 4095 517.
2671 4052 2776 4115 not.
2802 4045 2849 4093 1.
2873 4047 2924 4092 2.
3206 4042 3214 4061 “

1117 4113 1144 4167 3
1174 4110 1290 4161 549.
2008 4112 2057 4168 2)
2088 4124 2133 4158 c.
2157 4110 2236 4159 13.
2258 4114 2320 4157 Χ.
2340 4110 2546 4171 quintii
2565 4109 2675 4156 sine
2692 4106 2921 4165 teqmmi.
2945 4107 3047 4164 (IV.
3068 4103 3169 4162 17.)

587 4176 636 4233 1)
658 4176 711 4223 L.
733 4172 848 4222 901.
869 4175 920 4223 in
942 4176 981 4223 Ι.
1004 4176 1062 4222 D.
1084 4174 1152 4223 de
1173 4178 1245 4223 V.
1268 4178 1321 4223 S.
2011 4172 2060 4230 5)
2092 4179 2140 4233 a)
2174 4174 2287 4230 Gaji
2311 4174 2429 4221 inst.
2454 4174 2492 4218 Ι.
2512 4170 2621 4226 395
2647 4196 2704 4206 -
2726 4168 2811 4218 95.
2836 4195 2894 4205 -
2918 4171 2971 4227 b)
2994 4170 3109 4224 Gaii
3129 4170 3239 4215 imt.
3258 4166 3289 4211 1.

586 4239 635 4296 2)
668 4235 793 4295 310.
815 4239 854 4284 Ι.
871 4238 942 4285 de
962 4237 1140 4294 adopt.
1163 4262 1219 4272 —
1243 4239 1296 4284 L.
1322 4234 1432 4284 196.
1453 4238 1547 4293 31.
1571 4238 1628 4284 Ι).
1646 4237 1718 4286 de
1739 4239 1811 4285 V.
1832 4240 1885 4286 S.
1949 4236 1976 4290 S
1994 4234 2058 4283 66
2082 4264 2137 4272 —
2160 4234 2243 4283 ⁷5.
2270 4261 2321 4271 —
2346 4237 2420 4282 Cf.
2442 4236 2511 4282 A.
2536 4234 3093 4292 Bethmann-Holtweq
3109 4232 3224 4278 Diu.
3241 4230 3292 4275 de

526 4322 580 4335 --
597 4302 649 4347 Ι..
679 4298 787 4348 195.
810 4301 859 4345 in
883 4299 919 4346 f.
945 4303 1001 4347 D.
1022 4298 1143 4347 eod.
1167 4300 1253 4357 (cf.
1275 4301 1302 4354 3
1321 4298 1430 4347 179.
1456 4304 1560 4346 not.
1583 4302 1634 4346 3.
1658 4300 1708 4346 d.
1732 4302 1758 4356 3
1775 4300 1888 4349 20⁴.
1949 4310 2124 4346 caune
2143 4299 2448 4357 probatione.
2472 4298 2625 4343 θοι-ο).
2641 4296 2784 4343 1890.
2804 4293 2854 4342 8.
3046 4354 3058 4365 .

523 4371 626 4412 not.
649 4359 699 4409 5.
723 4364 749 4418 3
769 4360 884 4410 2⁰6.
909 4366 1014 4410 not.
1040 4362 1109 4417 1.)
1131 4387 1190 4395 -
1213 4361 1323 4408 vid.
1346 4367 1397 4408 et
1417 4367 1523 4408 not.
1545 4374 1645 4420 seq.
1666 4385 1728 4397 -—
1750 4364 1807 4409 J.
1827 4365 1885 4410 J.
2012 4359 2062 4418 4)
2095 4362 2209 4407 Scit.
2232 4373 2400 4409 eorum
2426 4360 2615 4407 ratione
2650 4360 2914 4407 liberorum
2937 4390 2955 4412 ,
2975 4367 3059 4415 qm
3080 4354 3294 4424 natitant

522 4425 807 4474 Rolhltalm
829 4426 884 4471 D.
908 4424 969 4471 de
990 4432 1211 4471 materna
1248 4428 1488 4485 potestate
1524 4425 1571 4470 in
1615 4425 1792 4471 liberos
1830 4437 1889 4472 ex
1953 4422 2003 4469 in
2025 4424 2323 4481 captivitate.
2365 4425 2419 4472 1..
2464 4423 2510 4468 1.
2542 4422 2597 4468 C.
2618 4423 2687 4471 de
2701 4418 3024 4480 postlimio
3062 4424 3290 4466 reverat-

523 4489 811 4536 Germanor.
835 4488 1021 4545 iegibus
1041 4490 1091 4532 et
1124 4498 1277 4533 more.
1301 4489 1462 4534 Goett.
1486 4484 1628 4532 1779..
1650 4510 1711 4519 —-
1733 4486 1891 4534 Heise
1953 4486 2093 4542 (vm,
2113 4483 2352 4543 ,ξω-ΕΙ.
2381 4488 2432 4531 Ι..
2456 4482 2535 4531 10.
2555 4484 2677 4534 eod.

523 4560 573 4598 et
597 4552 766 4606 cmm»
781 4549 883 4606 jnr.
909 4548 1031 4597 Abh.
1054 4550 1091 4595 Ι.
1115 4551 1199 4595 Nr.
1219 4550 1339 4596 xvi.
1366 4550 1463 4604 (ct.
1487 4552 1512 4604 3
1533 4545 1644 4595 548.
1668 4553 1774 4595 not.
1798 4550 1887 4604 1.).
2012 4545 2063 4605 5)
2097 4549 2148 4593 Ι..
2173 4560 2257 4595 un.
2278 4550 2333 4596 C.
2353 4548 2419 4594 de
2436 4548 2662 4608 inqu-atis
2681 4543 2873 4595 tiber-is.
2894 4544 3034 4602 (vm,
3049 4540 3225 4600 50.)-·
3243 4540 3291 4583 G·

586 4615 635 4669 3)
665 4616 690 4669 3
725 4610 776 4658 ὅ.
801 4613 838 4658 Ι.
863 4611 917 4660 lt.
943 4616 979 4657 t.
1005 4635 1063 4645 —-
1083 4611 1138 4659 L.
1164 4608 1212 4656 4.
1241 4613 1295 4657 Ι).
1318 4612 1371 4657 Ιι.
1396 4616 1433 4657 t.
1458 4635 1518 4645 -
1536 4613 1562 4665 3
1583 4609 1634 4657 9.
1677 4613 1712 4657 i.
1737 4611 1888 4669 quib.
1953 4611 2022 4655 A.
2044 4610 2337 4657 Sclmbertlz
2358 4613 2410 4656 Ι).
2434 4613 2495 4659 de
2517 4608 2931 4667 redintegratione
2951 4606 3204 4667 potestatis
3219 4611 3292 4662 pfl·

523 4676 769 4731 mod.jus
784 4678 896 4729 pot.
920 4674 1134 4721 eolv.-—
1159 4676 1186 4729 3
1205 4674 1256 4719 2.
1280 4675 1314 4719 Ι.
1339 4673 1407 4719 de
1424 4672 1605 4721 tter-ed.
1623 4705 1638 4733 ,
1660 4685 1805 4731 quae
1821 4674 1891 4720 ab
1954 4671 2076 4717 triae
2098 4674 2241 4730 (Lips.
2267 4670 2467 4728 1725.)3
2488 4669 2548 4721 14
2562 4683 2668 4731 sqq.

525 4734 621 4782 int.
665 4735 831 4790 defer.
852 4761 912 4770 —
933 4738 987 4784 Ι..
1025 4737 1105 4783 15.
1147 4737 1201 4782 Ι).
1244 4736 1316 4782 de
1332 4734 1447 4782 suis
1467 4738 1522 4782 et
1539 4735 1678 4796 leqit.
1699 4734 1888 4783 laet-ed.
2013 4731 2074 4789 6)
2115 4735 2141 4790 3
2178 4734 2224 4781 1.
2248 4735 2298 4781 in
2338 4735 2380 4780 1.
2419 4736 2454 4781 Ι.
2492 4733 2640 4793 quib.
2675 4732 2811 4780 mod.
2842 4732 2949 4788 jus‘
2963 4734 3075 4789 poe.
3091 4730 3225 4779 coeo.
3242 4748 3290 4760 -·

523 4799 792 4857 (xxxviii,
820 4796 890 4857 0.)
1959 4796 2014 4842 Ι..
2040 4797 2130 4843 uit.
2153 4798 2209 4844 C.
2229 4798 2298 4843 de
2315 4801 2458 4843 sent.
2476 4807 2619 4852 poss.
2637 4800 2696 4843 ee
2711 4798 2839 4842 rest.
2860 4796 2962 4851 (ΙΧ,
2981 4792 3084 4850 51.)

586 4859 635 4917 4)
673 4860 783 4915 Ulp.
806 4861 883 4908 Fr.
905 4862 965 4907 x.
987 4862 1013 4917 3
1033 4858 1083 4908 3.
1106 4883 1164 4894 -
1187 4858 1416 4921 (caeter.
1455 4860 1522 4906 cf.
1568 4871 1713 4919 supra
1735 4862 1760 4915 3
1784 4857 1892 4908 187.
2023 4857 2072 4916 7)
2106 4856 2200 4915 35.
2226 4861 2261 4906 Ι.
2281 4858 2427 4916 quib.
2452 4857 2591 4905 mod.
2602 4859 2699 4913 jus
2713 4859 2903 4915 potest.
2925 4854 3170 4903 solvitur.

521 4927 627 4971 not.
654 4920 703 4969 ὅ.
722 4920 792 4978 4.)
1697 4951 1702 4957 ·
2020 4919 2070 4977 8)
2107 4923 2181 4969 Ρι·.
2207 4922 2244 4967 1.
2266 4920 2410 4979 quib.
2436 4919 2682 4976 modam
2701 4922 2805 4977 pol.
2824 4919 2957 4966 solv.
