3544 5506
1003 361 1156 404 ⁴1:31³.
1195 361 1284 403 VI.
1326 361 1402 404 1)ss
1439 360 1770 403 mcsuouz·
1808 360 1880 401 1³:⁶1·
1917 358 2346 401 conminuunt.
2964 349 3079 406 599

269 530 295 603 §
317 524 458 582 417.
493 526 570 582 vt
592 532 610 595 )
655 524 737 579 De
755 521 1036 599 ambiquis
1058 519 1397 598 quibusdam
1421 519 1674 597 neyotiis,
1703 519 1859 579 inter
1888 518 2232 577 locationum
2256 527 2312 577 et
2335 517 2773 578 condia-tionum
2797 520 3079 581 aliarum-

1044 634 1149 693 que
1173 615 1608 674 conventionum
1632 612 1848 691 formas
1867 614 2298 694 fluctuantibus.

346 820 526 876 Haud
556 834 708 877 raro
733 818 824 893 fit,
846 825 918 875 ut
942 817 1270 875 dubitetur
1290 818 1371 875 de
1392 816 1831 876 conventionis
1854 817 2121 892 alicujus
2137 825 2395 889 natura,
2420 825 2637 877 utrum
2661 821 2894 880 locatio
2922 837 3079 881 con-

270 913 488 972 ductio
523 914 676 972 inita
705 910 813 981 sit,
858 930 938 971 an
976 913 1038 971 in
1082 913 1253 971 aliud
1295 920 1671 971 contractus
1701 927 1900 984 genus
1946 918 2268 979 transeat,
2294 917 2468 986 quod
2498 923 2711 974 actum
2739 924 2854 976 est.
2880 921 3078 993 quue

274 1016 318 1083 1)
347 1029 494 1071 cum
518 1030 621 1072 res
649 1020 988 1072 versantur
1016 1014 1078 1070 in
1112 1012 1497 1085 obligatione
1521 1055 1536 1080 ,
1592 1015 1687 1072 his
1738 1010 2139 1086 potissimum
2173 1015 2236 1072 in
2283 1017 2489 1075 causis
2520 1016 2636 1074 nt:
2670 1020 2946 1091 primum
2968 1063 2985 1090 ,
3012 1020 3076 1078 in

271 1114 623 1173 villicorum
647 1116 794 1189 ,iure
818 1115 1298 1182 constituendO,
1326 1115 1435 1172 ubi
1462 1116 1561 1173 vel
1587 1115 1859 1173 maxime
1887 1121 2098 1188 potest
2122 1117 2425 1188 dubitari,
2457 1125 2677 1176 utrum
2705 1122 2786 1178 ad
2813 1118 3076 1181 locatio·

272 1216 367 1272 nis
392 1216 835 1274 conductionis
862 1215 1136 1274 sormam
1168 1216 1509 1274 conventio
1535 1212 1875 1273 referenda
1900 1216 1999 1284 sit,
2031 1233 2112 1273 an
2137 1219 2215 1275 ad
2242 1215 2398 1275 illud
2422 1234 2617 1289 genus
2645 1222 3073 1297 negotiorum,

272 1312 500 1383 quibus
522 1314 917 1385 propositum
943 1320 1036 1370 est
1054 1310 1602 1380 contrahentibus,
1624 1318 1696 1369 ut
1714 1307 2066 1370 dominium
2090 1312 2542 1384 constituatur,
2570 1316 2793 1388 velius
2816 1312 2881 1375 in
2912 1334 2983 1376 re
3008 1317 3074 1392 ¹),

272 1413 352 1471 de
380 1430 507 1485 qua
535 1415 792 1487 quidem
825 1430 897 1472 re
924 1409 989 1471 in
1014 1412 1202 1486 patrii
1221 1414 1386 1486 juris
1413 1409 1741 1486 disciplina
1764 1413 1984 1486 quaeri
2011 1407 2408 1485 potissimum
2438 1415 2619 1473 solet.
2651 1416 2909 1486 Deinde,
2931 1430 3077 1475 cum

272 1523 378 1565 res
408 1510 777 1567 aestimatae
799 1511 1150 1567 traduntur
1175 1511 1434 1578 colono,
1473 1515 1546 1565 ut
1568 1504 1853 1581 inprimis
1883 1510 2049 1566 solet
2080 1508 2576 1567 instrumentum
2606 1512 2798 1569 locati
2830 1509 3077 1585 praedii

267 1608 488 1665 usibus
513 1611 897 1667 destinatum
921 1629 938 1684 ς
973 1625 1101 1682 quo
1129 1609 1300 1667 sacto
1329 1625 1432 1667 res
1460 1610 1842 1681 plerumque
1865 1604 1909 1680 ²)
1940 1607 2197 1665 velutin
2228 1614 2540 1666 emtorem
2570 1612 2917 1670 translatae
2942 1629 3079 1671 esse

269 1712 620 1762 censentur
643 1752 658 1777 ‚
717 1713 893 1764 certe
936 1721 1010 1763 ex
1039 1702 1312 1763 Romani
1333 1706 1496 1778 juris
1518 1703 1842 1776 principiis
1871 1699 1916 1777 ³)
1952 1721 1968 1757 τ
2000 1719 2146 1760 nam
2180 1719 2362 1761 secus
2393 1705 2581 1776 patrii
2613 1704 2767 1782 juris
2796 1709 3079 1766 cultores

269 1807 335 1864 in
364 1822 444 1865 eo
466 1814 835 1866 contractus
860 1823 1096 1879 genere
1123 1815 1407 1865 statuere
1448 1809 1656 1865 solent
1678 1854 1694 1877 ‚
1743 1822 1936 1879 quam
1971 1807 2227 1877 quidem
2251 1802 2506 1864 socidae
2535 1816 2937 1867 contractum
2962 1825 3079 1882 ap-

268 1906 519 1977 pellare
561 1911 1041 1962 consueverunt
1064 1900 1127 1973 ⁴),
1159 1898 1446 1975 quamvis
1484 1901 1691 1959 minus
1723 1901 1983 1974 proprie
2007 1898 2077 1973 5).
2110 1897 2302 1974 Quod
2333 1902 2380 1959 si
2405 1917 2559 1960 vero
2587 1903 2673 1960 ita
2698 1905 3075 1963 nominatim

269 2000 708 2069 contrahitur,
747 2007 819 2057 ut
860 2007 1091 2057 eventu
1122 2001 1376 2056 demum
1401 2006 1650 2056 certum
1695 1999 1825 2055 fieri
1861 1998 2055 2071 possit
2078 2042 2094 2071 ‚
2142 2004 2359 2055 utrum
2387 2014 2489 2056 res
2520 2006 2729 2058 emtae
2764 2002 2887 2058 sint
2911 1999 3079 2061 acci-

270 2096 470 2169 pienti
504 2143 519 2168 ,
555 2112 635 2152 an
670 2110 790 2168 pro
836 2112 955 2152 usu
988 2110 1212 2153 earum
1262 2109 1508 2152 merces
1534 2095 1611 2152 sit
1643 2095 2025 2167 praestanda
2055 2139 2069 2165 ,
2106 2100 2241 2150 tum
2270 2096 2442 2152 velut
2467 2110 2543 2152 ex
2566 2097 2935 2156 conditione
2965 2069 3082 2157 aut.

270 2196 510 2252 locatio
539 2202 603 2252 et
627 2193 969 2253 conductio
995 2238 1010 2264 ‚
1067 2202 1178 2251 aut
1205 2192 1398 2251 emtio
1439 2200 1503 2251 et
1545 2194 1826 2252 venditio
1873 2200 2208 2252 contracta
2253 2210 2388 2252 esse
2433 2193 2686 2253 videtur
2707 2199 2776 2264 6).
2804 2199 2876 2269 11)
2907 2201 2985 2256 Ex
3009 2200 3080 2257 iis

269 2298 489 2348 autem
518 2291 1019 2349 conventionum
1049 2289 1292 2359 formis,
1326 2292 1498 2347 unde
1530 2305 1767 2362 operae
1792 2296 2225 2363 praestantur,
2254 2288 2316 2345 in
2341 2291 2782 2360 ambiguarum
2807 2309 3079 2353 numero

274 2386 562 2462 inprimis
585 2397 758 2465 sunt,
786 2406 953 2463 quae
985 2406 1129 2448 cum
1180 2390 1511 2462 opificibus
1542 2390 1846 2447 ineuntur
1869 2390 2325 2447 conventiones
2347 2386 2425 2461 ⁷).
2454 2388 2595 2447 Jam
2620 2406 2774 2449 vero
2793 2393 2843 2450 si
2873 2400 3076 2453 mate-

274 2490 439 2546 riam
470 2498 753 2548 nostram
786 2492 872 2547 ita
892 2491 1142 2563 damus,
1158 2498 1229 2547 ut
1253 2506 1420 2548 nova
1441 2491 1588 2547 inde
1614 2484 1929 2547 confletur
1957 2491 2221 2562 species,
2246 2505 2423 2546 mera
2447 2498 2544 2547 est
2567 2498 2901 2550 contracta
2924 2507 3077 2565 ope-

276 2604 497 2646 rarum
524 2591 757 2648 locatio
799 2590 1149 2647 conductio
1172 2584 1240 2659 ⁸).
1279 2590 1380 2646 Sin
1409 2589 1534 2646 hoc
1557 2590 1748 2647 modo
1775 2589 2199 2653 contrahitur,
2233 2596 2305 2645 ut
2327 2605 2402 2646 ex
2429 2605 2543 2646 sua
2564 2590 2831 2647 materia
2856 2592 3081 2650 artifex

272 2691 548 2762 speciem
574 2685 848 2763 aliquam
877 2690 1057 2747 nobis
1087 2686 1383 2747 exhibeat
1415 2730 1426 2756 ,
1465 2705 1612 2747 cum
1642 2685 1949 2746 materiae
1997 2690 2257 2762 quidem
2292 2687 2639 2746 emtionem
2669 2696 2736 2747 et
2766 2685 3080 2750 venditio-

271 2802 422 2843 nem
449 2828 465 2852 ,
510 2802 746 2859 operae
767 2803 920 2845 vero
955 2787 1340 2845 locationem
1371 2792 1436 2843 et
1462 2782 1957 2844 conductionem
1983 2778 2277 2844 contrahi
2309 2786 2444 2844 aliis
2487 2783 2800 2858 placuerit
2822 2833 2838 2858 ,
2863 2796 3080 2848 tamen

271 2887 694 2959 comprobata
769 2894 863 2944 est
907 2887 1220 2945 sententia
1245 2931 1261 2955 ‚
1311 2887 1521 2959 potius
1560 2902 1695 2945 esse
1748 2886 2095 2944 emtionem
2135 2893 2200 2943 et
2245 2886 2676 2944 venditionem
2720 2888 3070 2946 existiman-

274 2979 435 3044 tium
459 2986 534 3060 ⁹),
564 2989 692 3046 scil.
734 3004 807 3046 ex
839 3004 916 3047 eo
943 2989 1293 3046 emtionum
1323 3002 1579 3060 genere,
1614 3003 1783 3059 quae
1809 2987 1887 3044 ad
1915 2999 2305 3049 mensuram,
2335 2993 2469 3043 tum
2492 3002 2646 3043 vero
2678 2988 2757 3044 ad
2786 3003 3082 3062 compro·

274 3083 600 3142 bationem
647 3085 781 3142 fieri
833 3086 1040 3143 solent
1063 3082 1163 3159 ¹⁰).
1198 3088 1280 3142 Ex
1314 3099 1444 3156 quo
1482 3089 1711 3156 sponte
1752 3088 2063 3157 apparet,
2105 3082 2256 3154 quid
2299 3082 2641 3140 dicendum
2669 3079 2785 3157 sit,
2827 3099 2972 3142 cum
2995 3085 3080 3143 ita

272 3180 740 3256 contrahimus,
768 3188 841 3238 ut
865 3182 1095 3255 partim
1121 3195 1195 3238 ex
1223 3188 1467 3256 nostra,
1497 3179 1729 3252 partim
1756 3193 1833 3236 ex
1861 3179 2070 3237 aliena
2097 3173 2366 3236 materia
2398 3193 2497 3236 res
2537 3178 2752 3251 aliqua
2780 3180 2909 3237 fiat.

875 3421 902 3475 S
933 3415 1043 3465 ⁴17.
1709 3417 1957 3473 praestare
1980 3425 2067 3471 per
2092 3412 2309 3468 judicem
2350 3412 2684 3470 compelletur.
2696 3412 2965 3461 n—Gliick
2986 3414 3021 3461 l.
3044 3415 3077 3461 l.

1711 3489 1760 3535 p.
1784 3474 1872 3522 ⁴91
1897 3477 1946 3521 in
1969 3476 2003 3520 f.
2026 3489 2099 3532 sq.

1774 3536 1824 3596 6)
1853 3541 1922 3584 lta
1942 3551 1969 3584 e
1992 3537 2107 3596 Gaji
2125 3537 2376 3596 disciplina
2405 3537 2547 3592 (inst.
2571 3539 2649 3584 lll.
2688 3539 2715 3592 ς
2750 3535 2860 3585 146.
2881 3538 2898 3596 )
2922 3573 2937 3593 ,
2959 3550 3083 3596 qnae

1712 3602 1860 3648 etiam
1881 3601 1985 3656 ejus
2002 3601 2148 3656 iuris,
2166 3613 2263 3659 quo
2286 3602 2470 3646 utimur
2486 3633 2502 3656 ,
2524 3601 2703 3647 rationi
2723 3602 2941 3659 apprime
2963 3613 3083 3646 con-

1709 3666 1890 3711 veniat.
1911 3663 2099 3709 Caeter.
2124 3664 2188 3709 cf.
2215 3664 2265 3709 L.
2280 3660 2328 3708 8.
2352 3665 2405 3709 l).
2427 3663 2747 3718 depr-neser.
2766 3663 2910 3710 verb.
2926 3661 3047 3720 (xlx
3065 3697 3081 3722 ,

341 3542 389 3598 1)
420 3542 494 3588 ct.
521 3544 808 3602 Gnjiinstit.
834 3546 913 3590 lll.
944 3545 971 3599 S
992 3540 1102 3589 1⁴15.
1131 3544 1180 3587 et
1202 3537 1223 3589 S
1244 3542 1292 3587 3.
1327 3542 1363 3586 l.
1389 3539 1442 3586 Ιι.
1478 3542 1516 3587 t.
1540 3538 1558 3597 (
1580 3538 1647 3585 ef.

276 3604 699 3723 suggaguffi'glenligi
713 3609 894 3718 3723210
913 3680 970 3714 eo
994 3666 1298 3725 potissimum
1329 3665 1646 3722 cogitaverint

279 3731 649 3788 contrahentes,
685 3737 740 3777 ut
771 3733 1041 3792 periculum
1067 3729 1134 3774 rei
1156 3730 1340 3777 locatae
1380 3729 1647 3772 conductor

279 3793 527 3850 suscipiat.
552 3820 606 3827 —
633 3795 742 3842 vid.
772 3794 975 3845 Weber·
996 3794 1057 3839 ad
1078 3789 1445 3846 Hoepfnerum
1475 3792 1500 3846 S
1532 3786 1644 3835 889.

280 3860 383 3899 not.
405 3856 473 3900 ¹⁸⁸.

341 3915 454 3973 5)L.
470 3919 517 3962 3.
541 3920 658 3968 D-lt.
673 3916 959 3974 t.-1,.54.3
977 3914 1296 3962 2.eod.—Cf.
1320 3911 1478 3962 Glic‘ck
1496 3912 1644 3960 Pand.

281 3977 421 4028 xvll.
443 3993 490 4036 p.
505 3978 649 4027 487-
663 3979 1088 4038 495.-[Potlaier‚
1106 3977 1337 4023 traitedes
1347 3980 1563 4036 ebeptels
1577 3976 1592 4029 (
1598 3977 1646 4022 in

279 4052 390 4099 opp.
404 4045 677 4103 ed.Dupin
695 4050 753 4094 T.
775 4048 831 4091 ll.
853 4058 900 4102 p.
924 4038 1376 4087 551—610.—Cod.
1399 4044 1513 4098 Nap.
1541 4038 1644 4086 Lib.

281 4106 359 4151 nt.
383 4107 481 4152 Til.
504 4108 623 4154 vul.
649 4113 699 4154 C.
717 4112 794 4156 lv.
817 4110 886 4153 Du
908 4103 1050 4150 haila
1070 4100 1274 4161 cheptel.
1296 4099 1647 4157 1800—1831.]

342 4169 390 4228 4)
424 4171 542 4217 vicl:
576 4170 921 4218 Miller-maier
952 4167 1162 4213 Grunds.
1186 4167 1271 4211 des
1302 4165 1521 4213 deutsch.
1545 4166 1651 4211 Pri-

279 4241 402 4279 vatr.
428 4233 453 4285 S
473 4233 584 4280 201.
609 4234 704 4289 (ed.
724 4235 755 4280 ⁶.)
778 4235 812 4291 ).

345 4293 391 4354 5)
425 4295 577 4353 Magis
616 4299 747 4342 enim
780 4295 830 4341 id
859 4304 1036 4339 nomen
1076 4290 1156 4336 alii
1179 4295 1455 4338 contractus
1489 4289 1655 4347 generi

280 4357 526 4414 convenit,
546 4358 687 4413 cujus
703 4359 809 4414 jam
827 4359 1039 4402 Romano
1057 4353 1165 4413 jure
1181 4355 1377 4411 vestigia
1391 4357 1651 4410 apparent:

283 4422 337 4467 Ι..
361 4419 410 4467 8.
435 4421 488 4465 C.
510 4421 737 4477 depact.
761 4421 842 4478 (11,
869 4416 935 4476 ὅ.)
963 4418 1045 4462 uSi
1072 4419 1310 4476 pascendo
1343 4427 1513 4474 pecora
1537 4426 1650 4472 par-

282 4485 442 4539 tiaria,
467 4484 499 4529 i.
526 4497 572 4529 e.
595 4490 651 4529 ut
683 4484 840 4529 foetus
877 4492 1046 4526 eorum
1089 4479 1389 4538 portionibus
1415 4514 1429 4535 ,
1472 4477 1651 4536 quibus

283 4547 496 4604 placuit,
545 4547 675 4592 inter
712 4545 963 4591 dominum
995 4546 1045 4588 et
1082 4546 1320 4600 pastorem
1349 4540 1650 4596 dividantur,

283 4611 609 4667 Apollinarem
649 4609 911 4666 suscepisse
950 4604 1236 4663 probabitur
1277 4620 1288 4650 ι
1327 4602 1471 4649 fldem
1509 4607 1651 4660 pacto

1710 3724 1781 3782 5.)
1806 3735 1854 3772 et
1878 3739 2024 3782 supra
2050 3729 2074 3780 S
2101 3723 2212 3772 5⁴4.
2242 3738 2319 3772 nr.
2346 3737 2394 3771 a.

1772 3787 1821 3846 7)
1854 3793 1878 3846 S
1901 3787 1947 3835 4.
1971 3789 2005 3833 l.
2029 3789 2082 3833 Ιι.
2102 3786 2517 3848 t.—-Gesterdin9
2537 3787 2802 3834 lrrthumer
2818 3787 2869 3832 d.
2891 3787 3085 3835 Rechts-

1711 3852 1959 3908 gelehrten
1983 3852 2062 3896 Nr.
2084 3852 2162 3896 lv.

1772 3913 1823 3970 8)
1859 3916 1907 3959 L.
1934 3914 1980 3957 2.
2005 3918 2054 3958 in
2078 3912 2112 3957 f.
2138 3915 2190 3958 o.
2214 3911 2266 3957 Ιι.
2289 3915 2324 3958 t.

1771 3974 1820 4031 9)
1852 3978 1877 4030 3
1918 3974 1963 4021 4.
2000 3977 2035 4020 l.
2076 3975 2130 4020 Ιι.
2175 3977 2213 4021 t.
2274 3974 2373 4031 (cf.
2419 3973 2533 4031 Gajt'
2575 3974 2726 4020 instit.
2769 3975 2848 4020 111.
2884 3976 2909 4029 S
2953 3972 3083 4034 147.)

1711 4064 1770 4072 —-
1797 4040 1843 4083 L.
1881 4038 1929 4084 2.
1962 4041 1987 4093 ς
2020 4039 2066 4083 1.
2099 4038 2152 4083 D.
2192 4039 2244 4083 lt.
2286 4041 2324 4082 t.
2350 4061 2411 4072 -
2436 4038 2489 4083 L.
2530 4035 2608 4082 20.
2647 4036 2699 4082 D.
2739 4036 2807 4084 de
2837 4040 2936 4084 etr.
2960 4041 3085 4087 emt.

1711 4100 1997 4159 (xvtn,1.).

1779 4163 1855 4218 10)
1890 4163 2025 4216 Quod
2070 4161 2265 4217 quidem
2305 4161 2523 4218 inprimis
2567 4162 2749 4216 spectat
2785 4160 2846 4205 ad
2884 4161 3086 4219 periqui

1714 4226 2067 4283 quaestionem.
2092 4224 2405 4279 Quodsienim
2419 4236 2475 4270 ex
2493 4230 2696 4280 utroque
2708 4223 3085 4272 conventionum

1718 4297 1897 4344 genere
1921 4287 2125 4332 mixtum
2142 4293 2213 4330 est
2237 4287 2484 4343 negotium
2502 4321 2516 4339 ,
2542 4287 2579 4331 is
2605 4319 2620 4338 ,
2651 4285 2733 4343 qni
2756 4298 2876 4343 opus
2900 4287 3082 4332 facien·
3172 4317 3175 4322 -

1721 4352 1837 4396 dum
1862 4349 2127 4406 mandavit,
2151 4352 2381 4394 materiae
2406 4349 2694 4406 periculum,
2714 4353 2766 4393 ut
2787 4354 2945 4392 emtae
2965 4350 3084 4408 sibi,

1714 4409 1878 4459 statim
1900 4417 1952 4456 ut
1966 4413 2131 4468 incipit
2151 4422 2291 4469 opus,
2314 4411 2555 4468 suscipere
2572 4422 2764 4456 necesse
2785 4409 2932 4455 habet
2950 4411 3082 4468 (Arg.

1713 4477 1765 4520 L.
1793 4474 1870 4520 13.
1896 4476 1921 4528 S
1944 4473 1989 4520 5.
2016 4476 2071 4519 D.
2106 4474 2158 4522 Ιι.
2195 4474 2272 4531 t.).
2299 4473 2380 4518 Sin
2402 4475 2554 4520 emtio
2577 4478 2766 4519 tantum
2789 4477 2839 4517 et
2864 4475 3084 4520 venditio

1715 4540 1984 4593 contracta,
2029 4548 2128 4584 non
2151 4537 2240 4583 nisi
2262 4545 2314 4583 re
2338 4537 2515 4583 tradita
2535 4537 2682 4595 ipsius
2702 4536 2796 4581 erit
2815 4535 3083 4593 periculum

1715 4601 1758 4657 (3
1777 4600 1887 4648 39⁷.
1912 4600 2057 4657 init.).
