3544 5506
1494 371 1876 414 monaulon.
3023 370 3093 422 15

279 496 415 540 rum
441 497 650 557 opus,
674 484 758 541 ad
783 482 973 541 edicti
999 482 1289 541 ordinem
1324 483 1785 557 compositum,
1815 483 2125 555 siquidem
2159 487 2242 542 ab
2279 486 2350 545 iis
2371 485 2762 561 discesseris,
2805 504 2971 560 quae
3012 492 3094 550 ad

276 581 434 638 sacri
477 581 852 656 publicique
883 579 1045 656 juris
1066 586 1361 653 spectant
1383 582 1702 642 rationem
1723 623 1740 651 ‚
1770 583 2002 641 mirum
2026 584 2266 644 scilicet
2299 585 2364 644 in
2395 586 2656 645 modum
2679 587 2761 646 ab
2787 604 2897 665 ea,
2931 606 3096 663 quae

271 680 624 753 antiquitus
648 680 1004 740 invaluerat
1029 726 1046 752 ,
1073 679 1479 740 dissidentem
1519 676 1620 752 ¹⁴).

1597 877 1769 948 §11.

350 1071 905 1148 Quemadmodum
933 1072 1238 1129 autemid
1268 1071 1382 1129 sibi
1422 1071 1777 1144 imperator
1817 1071 1882 1129 in
1920 1072 2444 1132 reconcinnando
2475 1076 2624 1149 jure
2655 1086 3079 1150 proposuerat

273 1172 558 1246 consilii,
591 1173 869 1244 primum
888 1217 904 1242 ‚
930 1178 1035 1246 ut,
1063 1171 1377 1246 quaejam
1402 1179 1587 1230 erant
1608 1172 1880 1231 diffusae
1914 1180 2109 1246 atque
2134 1175 2454 1248 plerisque
2483 1175 2738 1248 ignotae
2752 1177 2912 1252 ⁴iuris
2935 1195 3078 1252 par-

267 1273 365 1324 tes
382 1311 397 1334 ,
436 1283 514 1325 ac
538 1269 903 1326 necessaria
941 1269 1218 1340 quadam
1248 1268 1496 1325 ratione
1520 1267 2123 1339 constringerentur
2152 1277 2430 1344 apteque
2454 1269 2622 1329 inter
2644 1288 2713 1331 se
2738 1273 3082 1347 conjunge-

264 1369 532 1437 rentur,
578 1378 713 1436 quo
737 1363 979 1421 facilius
1007 1363 1304 1421 omnibus
1332 1365 1415 1420 ad
1451 1364 1600 1436 jura
1636 1363 1977 1421 ediscenda
2027 1366 2363 1437 patefieret
2424 1366 2524 1424 via
2553 1358 2648 1441 ¹⁵),
2687 1369 2951 1443 deinde,
3005 1378 3078 1428 ut

262 1459 477 1518 omnia
496 1459 642 1532 jura
661 1459 783 1517 hoc
805 1460 1000 1517 modo
1020 1461 1296 1517 collecta
1317 1459 1805 1533 compositaque
1825 1460 1978 1531 legis
2001 1461 2129 1518 vim
2150 1458 2436 1521 similiter
2477 1464 2840 1522 obtinerent
2859 1514 2876 1540 ‚
2903 1468 3081 1539 quasi

261 1558 344 1615 ab
364 1558 546 1617 initio
566 1565 781 1617 essent
798 1559 880 1616 ab
902 1559 1040 1631 ipso
1064 1574 1103 1631 p
1118 1557 1357 1616 rofecta
1381 1554 1480 1632 ¹⁶);
1540 1560 1628 1615 ita
1656 1559 2212 1632 compositoribus,
2227 1579 2355 1634 qua
2378 1560 2627 1620 ratione
2648 1565 2906 1637 utrique
2928 1566 3076 1623 huic

261 1660 524 1718 consitio
552 1658 1032 1730 satisfacerent,
1059 1659 1467 1735 peculiariter
1488 1661 1806 1732 quaedam
1832 1662 2121 1733 pracepit
2139 1661 2310 1721 hunc
2333 1663 2393 1721 in
2422 1664 2718 1722 modum:
2752 1672 2824 1722 ut
2846 1681 3072 1738 super-

257 1774 460 1818 vacua
484 1766 683 1832 atque
708 1760 791 1816 ab
817 1774 934 1816 usu
961 1765 1207 1816 remota
1238 1764 1628 1831 resecarent,
1649 1757 2024 1830 imperfecta
2052 1761 2408 1832 replerent,
2446 1768 2511 1820 et
2538 1763 2587 1821 si
2612 1779 2740 1836 qua
2767 1765 3073 1822 emenda-

254 1855 430 1913 tione
446 1871 614 1928 opus
641 1854 829 1924 foret,
848 1855 1014 1913 hanc
1036 1855 1429 1927 susciperent
1450 1868 1584 1912 non
1608 1854 1928 1912 titubante
1945 1854 2159 1913 animo
2207 1851 2298 1931 ¹⁷),
2314 1864 2671 1930 praeterea,
2686 1865 2759 1915 ut
2774 1860 2948 1917 nulla
2972 1875 3074 1919 re-

254 1955 632 2025 pugnantia,
652 1969 774 2012 nec
792 1953 991 2012 simile
1006 1953 1358 2027 quidquam
1385 1968 1499 2011 seu
1523 1954 1754 2010 iterum
1777 1953 2057 2026 positum
2072 1955 2136 2012 in
2152 1955 2246 2014 his
2264 1958 2435 2016 libris
2448 1958 2866 2028 inveniretur,
2895 1979 2920 2006 «ι
2944 1960 3061 2019 nisi

256 2054 415 2115 forte
461 2058 567 2115 vel
619 2064 888 2130 propter
925 2055 1296 2114 divisionem
1313 2100 1329 2126 ,
1387 2055 1487 2113 vel
1535 2061 1801 2129 propter
1845 2057 2266 2129 repletionem
2286 2101 2304 2133 ,
2357 2062 2456 2117 vel
2503 2068 2768 2133 propter
2817 2061 3062 2132 plenio-

254 2167 386 2209 rem
403 2154 772 2224 indaginem
788 2153 915 2211 hoc
933 2152 1268 2224 contigerit
1291 2174 1317 2202 ιι
1350 2146 1412 2220 ¹⁸)
1428 2193 1443 2210 .
1485 2151 1706 2208 Omnia
1727 2156 1946 2208 autem
1962 2167 2037 2210 ex
2055 2153 2247 2226 ipsius
2262 2157 2576 2214 sententia
2599 2170 2734 2213 esse
2751 2155 3055 2227 perfecta.

253 2258 387 2323 post
412 2268 578 2327 opus
611 2253 978 2310 absolutum
1009 2250 1396 2318 declaravit,
1421 2247 1586 2309 haec
1622 2251 1880 2323 quidem
1916 2251 2270 2324 subjiciens
2300 2272 2315 2308 ε
2363 2276 2390 2304 ιι
2440 2254 2496 2311 Si
2545 2254 2696 2326 quid
2740 2256 3060 2324 autemin

246 2359 420 2411 tanta
435 2353 660 2425 legum
674 2353 1137 2425 compositione
1156 2393 1174 2425 ,
1187 2366 1355 2425 quae
1376 2352 1456 2408 ab
1476 2351 1783 2409 immenso
1806 2350 2116 2409 librorum
2136 2368 2408 2412 numero
2426 2355 2703 2412 collecta
2719 2358 2838 2427 est,
2859 2353 3058 2414 simile

247 2447 511 2507 forsitan
528 2464 685 2506 raro
701 2449 1070 2506 inveniatur
1089 2493 1105 2518 ‚
1128 2447 1455 2505 nemohoc
1471 2446 1602 2503 vitu
1613 2447 1972 2518 perandum
1992 2447 2306 2506 existimet
2323 2492 2340 2518 ,
2360 2451 2469 2508 sed
2490 2450 2768 2522 primum
2796 2448 3052 2522 quidem

238 2543 662 2602 imbecillitati
693 2545 1012 2602 humanae
1030 2545 1155 2603 hoc
1170 2543 1491 2601 adscribat
1512 2585 1528 2616 ‚
1551 2541 1783 2599 deinde
1797 2540 1979 2611 sciat,
2009 2543 2182 2615 quod
2188 2544 2538 2603 similitudo
2566 2545 2635 2600 in
2658 2544 3049 2617 quibusdam

234 2647 304 2699 et
328 2641 427 2699 his
446 2642 832 2700 brevissimis
850 2643 1154 2699 adsumta
1178 2657 1305 2697 non
1330 2641 1585 2697 inutilis
1599 2644 1718 2714 est,
1739 2646 1804 2697 et
1837 2655 1957 2698 nec
1982 2641 2142 2699 citra
2172 2648 2463 2701 nostrum
2487 2642 2894 2716 propositum
2924 2643 3048 2703 hoc

233 2737 644 2797 subsecutum
684 2756 700 2794 t
726 2742 848 2796 aut
861 2738 1029 2796 enim
1044 2732 1142 2796 s‘ta
1165 2739 1272 2795 Iex
1299 2736 1668 2793 necessaria
1691 2740 1862 2810 erat,
1898 2740 1972 2793 ut
1997 2736 2268 2794 diversis
2297 2739 2504 2797 titulis
2526 2742 2789 2811 propter
2817 2755 3058 2804 rerum¹

225 2842 659 2911 coquationem
686 2837 1006 2908 applicare
1029 2853 1167 2893 eam
1186 2835 1557 2907 oportuerit,
1582 2839 1700 2890 aut
1717 2849 1865 2892 eum
1875 2834 2102 2906 fuerat
2114 2836 2257 2893 aliis
2280 2837 2542 2895 diversis
2562 2836 2912 2911 permixta,
2944 2841 3050 2899 im·

219 2936 512 3008 possibile
553 2939 697 2992 erat
716 2948 855 2992 eam
875 2946 996 3003 per
1014 2936 1235 3002 partes
1269 2930 1544 2999 detrahi,
1576 2944 1655 2984 ne
1676 2933 1870 2985 totum
1914 2928 2414 3000 confunderetur
2454 2928 2547 2996 ¹⁹).
2579 2964 2647 2973 —
2677 2934 3052 2993 Contrarium

228 3040 444 3092 autem
469 3034 712 3107 aliquid
735 3036 803 3090 in
829 3030 945 3087 leoo
962 3029 1173 3086 codice
1188 3029 1469 3099 positum
1492 3023 1740 3084 nullum
1762 3026 1878 3083 sibi
1902 3026 2118 3086 locum
2132 3028 2501 3100 vindicabit,
2544 3045 2660 3086 nec
2678 3032 3048 3109 invenitur-3

224 3127 287 3184 si
304 3129 451 3201 quis
473 3127 690 3185 subtili
698 3125 909 3182 animo
930 3122 1166 3180 diversi
1167 3122 1312 3177 tatis
1332 3120 1614 3176 rationes
1639 3119 1936 3177 excutiet-⁰
1951 3120 2063 3176 sed
2083 3123 2174 3177 est
2184 3120 2429 3192 aliquid
2452 3136 2684 3178 novum
2705 3125 3048 3198 inventum,

224 3224 326 3278 vel
332 3224 565 3279 occulte
578 3222 885 3294 positum,
915 3217 1085 3291 quod
1102 3216 1537 3273 dissonantiae
1556 3216 1881 3287 querelam
1926 3215 2208 3273 dissolvit
2227 3220 2290 3272 et
2309 3218 2502 3274 aliam
2541 3223 2844 3278 naturam
2870 3222 3053 3281 indu-

226 3315 319 3370 cit
341 3357 359 3384 ,
386 3312 742 3376 discordiae
758 3313 925 3383 fines
948 3308 1350 3380 effuqientem
1365 3331 1390 3358 ιι
1420 3302 1510 3381 ²⁰).
1559 3306 1772 3366 Melius
1795 3312 2011 3365 tamen
2030 3308 2200 3365 haud
2215 3308 2404 3367 dubie
2427 3324 2501 3366 ex
2521 3318 2737 3371 mente
2760 3315 3044 3373 consilio-

230 3427 353 3484 que
380 3413 797 3486 imperatoris
826 3425 990 3483 opus
1037 3407 1151 3466 sibi
1193 3408 1651 3465 demandatum
1694 3405 2043 3479 perfecturi
2081 3415 2268 3466 erant
2309 3409 2766 3481 compositores
2785 3456 2801 3487 ,
2836 3415 2884 3472 si
2918 3432 3049 3474 non

230 3509 492 3568 nimium
520 3508 903 3568 festinanter
931 3507 996 3563 in
1021 3503 1261 3562 medias
1291 3502 1471 3575 quasi
1515 3517 1618 3561 res
1649 3502 1981 3561 irruissent
2002 3547 2018 3573 ,
2061 3518 2272 3578 neque
2314 3504 2377 3563 id
2419 3504 2532 3563 sibi
2571 3509 2845 3567 maxime
2876 3511 3047 3570 laudi

227 3605 553 3664 duxissent
576 3620 655 3663 ac
689 3604 932 3677 gloriae
952 3646 968 3673 ‚
1002 3608 1075 3659 ut
1109 3616 1246 3658 rem
1280 3604 1380 3657 tot
1403 3598 1722 3671 tantisque
1751 3599 2077 3658 laboribus
2101 3602 2408 3673 repletam
2437 3617 2628 3674 quam
2677 3603 3044 3668 brevissimo

226 3708 525 3777 tempore
573 3701 981 3761 absolverent
1016 3695 1105 3763 ²¹).
1161 3699 1316 3757 Hinc
1352 3695 1590 3756 scilicet
1637 3699 1706 3754 fit
1730 3740 1747 3769 ,
1799 3704 1873 3755 ut
1895 3698 2058 3772 juris
2086 3700 2460 3759 Justinianei
2504 3700 2645 3759 libri
2677 3719 2806 3762 non
2839 3707 3039 3764 modo

283 3929 359 3987 u)
407 3933 482 3977 De
500 3929 744 3977 librorum
762 3930 813 3974 et
835 3926 1084 3972 titulorum
1114 3921 1263 3970 totius
1289 3919 1414 3977 juris
1441 3914 1600 3965 civilis
1665 3929 1751 3965 nes
1772 3928 1813 3968 s.
1839 3923 2134 3970 emblemata
2156 3921 2440 3971 Triboniani
2464 3934 2593 3968 nunc
2607 3928 2809 3982 vocant,
2828 3924 2927 3970 vid.
2947 3926 3036 3973 Jo.

220 3992 516 4040 lastinianet
545 3991 719 4039 ordine
746 3990 946 4048 eiusque
968 3988 1160 4034 ratione
1189 3997 1247 4031 ex
1270 3982 1486 4041 professo
1502 3982 1602 4039 egit
1663 3981 1789 4029 Jac.
1820 3985 2222 4033 Wissenbackiz·
2238 3987 2534 4033 emblemata
2557 3985 2863 4044 Triboniani‚
2878 3992 2927 4031 et.
2945 3990 3034 4038 Jo.

222 4056 360 4101 Eub.
383 4051 692 4112 Gipltanius
711 4053 763 4099 in
780 4052 1065 4099 oeconomia
1081 4047 1363 4104 iuris.Frcf.
1387 4042 1525 4091 1606.
1548 4043 1596 4090 4.
1668 4044 1847 4100 Wybo
1876 4048 2199 4095 'tribonianus
2223 4049 2285 4095 ab
2309 4045 2680 4093 emblematibus
2723 4047 3040 4098 lVissenba-

224 4116 761 4167 -tneordinecodicis
778 4115 989 4172 cf.Au9v.
1004 4109 1417 4168 Henr.0ber9de
1428 4108 1599 4153 ordine
1663 4106 1775 4153 chii
1797 4108 2057 4168 liberatus,
2093 4123 2205 4156 cum
2245 4108 2398 4167 praef.
2414 4109 2470 4154 J.
2494 4110 2551 4153 G.
2590 4105 2881 4156 Helneccii.
2929 4112 3036 4160 Hal.

217 4191 316 4237 quo
335 4181 745 4226 constitutionum
767 4178 918 4224 codex
940 4186 1085 4234 quem
1102 4175 1151 4219 in
1166 4170 1496 4230 corporejuris
1510 4169 1599 4216 ba-
1666 4165 1806 4216 1756.
1826 4169 1880 4217 8.
1903 4197 1957 4204 -
1976 4172 2051 4218 ct.
2075 4170 2450 4230 Spamoenberq
2470 4171 2504 4215 l.
2532 4171 2566 4216 t.
2588 4182 2637 4227 p.
2655 4169 2750 4218 237
2770 4183 2876 4231 sqq.

218 4240 392 4287 bemus
410 4243 715 4301 compositus
738 4241 824 4293 sit,
844 4238 1128 4298 praesertim
1140 4235 1299 4294 quoad
1316 4245 1398 4280 eos
1423 4233 1599 4291 libros,
1732 4230 1809 4288 18)
1833 4234 1886 4279 C.
1933 4234 2068 4282 haec
2108 4245 2252 4293 quae
2291 4233 2598 4279 necessario
2619 4235 2647 4290 s
2680 4232 2727 4280 2.
2756 4260 2811 4267 -
2834 4236 2886 4281 C.
2926 4239 3035 4284 Deo

218 4305 400 4360 quibos
413 4304 557 4351 bodie
577 4305 785 4352 utimur.
807 4303 969 4349 Goett.
997 4296 1112 4347 1851
1161 4299 1214 4345 E.
1239 4294 1317 4345 G.]
1663 4298 1812 4340 auct.
1837 4298 1862 4350 S
1882 4296 1931 4352 9,
1952 4294 2091 4342 10.-
2116 4298 2168 4342 C.
2192 4305 2398 4341 summa
2423 4295 2450 4348 ε
2469 4291 2515 4340 1.

1726 4353 1805 4412 w)
1829 4357 1894 4402 De
1910 4358 2321 4413 geminationibus
2345 4357 2394 4402 in
2407 4354 2523 4410 ,iure
2540 4358 2843 4405 Justinianeo
2868 4360 3035 4407 obviis

848 4429 875 4483 ς
895 4422 968 4472 11.
1662 4416 1758 4463 vid.
1785 4418 2085 4475 pardulphi
2103 4419 2313 4474 Pratev'i
2331 4418 2747 4474 Jurisprudentiae
2761 4422 2951 4468 mediae
2975 4425 3035 4469 li-

1662 4477 1736 4526 bri
1756 4481 1837 4527 tv.
1862 4479 2033 4538 (bugd.
2060 4479 2203 4528 1561.
2224 4480 2272 4528 8.
2299 4486 2346 4527 et
2370 4482 2420 4526 in
2444 4482 2648 4529 ottonis
2667 4483 2894 4530 thesauro
2912 4484 3033 4539 juris

278 4549 361 4609 15)
392 4553 445 4600 c,
464 4555 578 4601 Deo
601 4555 851 4606 auctore,
869 4551 896 4605 ς
917 4547 962 4594 1.
1000 4548 1125 4593 —C.
1148 4544 1299 4594 cordi
1318 4545 1471 4592 nobis
1494 4549 1519 4603 s
1541 4543 1591 4592 3.
1659 4541 1797 4589 Rom.
1825 4543 1882 4589 T.
1911 4544 1988 4589 tlt.
2027 4555 2074 4601 p.
2098 4542 2182 4591 511
2213 4556 2300 4604 sqq
2323 4544 2393 4601 )1.
2414 4566 2474 4575 —-
2495 4546 2554 4591 F.
2594 4545 2776 4591 Blume
2798 4545 2858 4591 de
2882 4548 3036 4604 gemi-

278 4614 357 4671 16)
388 4617 442 4662 c,
462 4619 577 4663 Deo
600 4619 853 4674 auctore,
877 4614 903 4667 S
920 4609 1030 4657 6.7.
1046 4610 1158 4655 -Ο,
1188 4611 1356 4654 Tanta
1376 4612 1401 4664 s
1421 4607 1501 4655 20.
1657 4607 1784 4651 natis
1804 4610 1855 4650 et
1871 4605 2136 4666 similibus,
2154 4619 2278 4666 quae
2306 4608 2356 4652 in
2379 4605 2484 4667 Dig.
2508 4608 2843 4667 inveniuntur,
2857 4611 3029 4667 capiti-

278 4677 352 4734 17)
389 4680 442 4725 C.
462 4679 608 4725 haec
622 4687 772 4736 quae
786 4673 1132 4728 necessarios
1150 4671 1199 4718 2.
1218 4671 1234 4727 (
1261 4687 1285 4713 ιι
1308 4671 1593 4725 adjicientes
1656 4666 1763 4713 bus.
1789 4668 1896 4714 Jen.
1920 4665 2059 4715 182⁰.
2078 4665 2125 4714 8.

211 4743 404 4800 quidem
430 4747 479 4788 et
505 4740 839 4786 detrabentes
854 4771 869 4785 ,
892 4736 988 4782 imo
1006 4739 1056 4781 et
1076 4738 1319 4780 mutantes
1340 4733 1487 4779 verba
1511 4745 1593 4778 ea·
1720 4729 1801 4787 20)
1823 4731 1875 4776 C.
1896 4733 2100 4789 Tantag
2114 4728 2192 4789 14,
2222 4729 2432 4780 l5.-Cf.
2448 4735 2565 4779 Nov.
2588 4728 2698 4779 158.
2720 4757 2781 4766 -—-
2801 4732 2854 4777 C.
2877 4734 3032 4779 eor-di

212 4806 527 4859 rum,ubiboc
549 4804 634 4848 rei
654 4798 979 4848 commoditas
996 4797 1211 4853 exigeret
1224 4796 1592 4853 »).—C.Tanta
1660 4791 1810 4839 nobis
1832 4795 1857 4849 3
1880 4792 2045 4840 4.-υ,
2067 4794 2207 4841 ωΙιν
2225 4797 2261 4841 1.
2287 4799 2320 4843 l.
2344 4809 2394 4854 p.
2409 4794 2524 4852 192,
2542 4792 2651 4841 195.
2667 4820 2728 4827 —
2751 4792 3034 4846 Hufeland

206 4870 233 4921 3·
251 4868 658 4915 itt-caumata
674 4859 907 4919 reipubl.
926 4857 1125 4916 §⁴.—-C.
1143 4859 1295 4906 cor-dt
1317 4856 1511 4914 nobiss
1540 4854 1585 4903 ὅ.
1659 4854 1742 4901 ub.
1768 4858 1817 4903 d.
1842 4856 2157 4912 cigenthuml.
2185 4859 2380 4906 Geistd.
2409 4860 2466 4904 R.
2495 4860 2547 4903 R.
2565 4858 2647 4902 Nr.
2665 4859 2723 4903 11.
2748 4868 2799 4914 p.
2822 4854 2910 4905 154
2922 4869 3028 4915 sqq.

202 4956 251 4964 —
274 4934 337 4978 ne
355 4928 616 4988 ejmmodi
664 4923 1080 4980 correctionibus,
1102 4932 1222 4979 quas
1253 4918 1593 4978 interpolatio-
1728 4918 1806 4975 21)
1829 4921 1984 4978 Huqo
2005 4920 2133 4966 civil.
2158 4920 2346 4980 Magaz.
2370 4922 2427 4968 V.
2448 4933 2499 4980 p.
2523 4921 2602 4964 xx
2624 4944 2684 4952 —
2700 4920 2862 4964 xxllt.
