3544 5506
523 354 594 408 54

522 473 724 531 trario
743 515 759 541 ,
807 480 918 532 aut
944 489 1120 533 mera
1142 476 1558 534 desuetudine
1585 471 1654 549 ⁸).
1699 476 1913 547 Neque
1938 489 2094 534 vero
2123 481 2366 534 tantam
2399 490 2537 534 esse
2564 478 3112 535 consuetudinarii
3158 479 3331 551 iuris

521 573 995 644 auctoritatem,
1020 580 1094 632 ut
1119 576 1331 646 legum
1384 577 1483 633 vel
1535 574 2091 647 praeceptionibus
2137 575 2235 631 vel
2268 573 2794 647 prohibitionibus
2825 574 3195 647 simpliciter
3209 579 3328 636 dc-

521 674 708 737 roget
725 710 741 737 ,
768 677 804 724 ‘e
836 667 1157 740 principiis
1180 684 1372 741 supra
1403 664 1457 747 (S
1500 670 1605 727 58.
1630 674 1767 726 not.
1823 667 1949 741 11.)
1985 668 2289 740 expositis
2318 675 2546 741 sponte
2568 675 2764 742 patet.
2791 673 3125 729 Praeterea
3148 674 3319 730 aliud

522 764 711 821 etiam
739 773 835 823 est
856 808 874 841 ‚
897 769 1072 840 quod
1100 767 1350 826 differat
1369 769 1537 825 inter
1562 766 2040 826 consuetudinis
2058 767 2162 839 jus
2180 810 2195 836 ,
2224 774 2416 840 atque
2445 765 2598 825 illud
2616 808 2633 836 ‚
2668 769 2839 842 quod
2858 785 2930 827 ex
2960 770 3203 843 scripto
3232 787 3305 829 ve

519 860 629 917 nit.
665 864 816 918 Nam
851 877 1031 930 cum,
1077 878 1244 935 quae
1268 877 1397 920 non
1428 879 1466 919 a
1484 861 1876 935 judiciorum
1915 862 2363 920 observatione
2414 861 2739 935 proiectae
2762 863 2887 921 sint
2910 865 3314 923 consuetudi-

516 973 630 1016 nes
652 961 709 1034 (§
742 960 870 1031 40.)
890 1003 905 1028 ,
932 974 1047 1017 eae
1079 976 1157 1018 ex
1178 961 1346 1018 vitae
1389 961 1802 1033 quotidianae
1849 960 2514 1034 commerciorumque
2534 977 2651 1019 usu
2683 968 3060 1034 nascantur,
3086 979 3165 1022 ac
3187 966 3314 1037 pie-

516 1069 789 1127 rumque
815 1055 1173 1114 arctissimis
1220 1056 1510 1114 locorum
1540 1056 1766 1114 tinibus
1807 1056 2420 1114 circumscribantur
2450 1058 2497 1133 (§
2516 1059 2618 1116 57.
2658 1064 2792 1116 not.
2838 1056 2924 1131 4.)
2945 1101 2961 1128 ,
2986 1060 3308 1132 sequitur,

514 1158 587 1210 ut
607 1155 831 1212 eodem
854 1156 998 1213 loco
1044 1155 1300 1212 minime
1330 1150 1625 1213 habenda
1655 1156 1734 1214 sit
1757 1155 1972 1228 scripti
2002 1155 2161 1229 juris
2193 1171 2268 1214 ac
2292 1155 2828 1214 consuetudinarii
2857 1156 3211 1227 ignorantia
3231 1154 3276 1231 ς)
3297 1204 3312 1229 ,

515 1267 635 1310 nec
657 1255 1037 1327 plerumque
1063 1255 1143 1311 ad
1159 1254 1389 1327 judicis
1413 1254 1688 1312 officium
1720 1254 2041 1327 pertineat
2062 1299 2076 1327 ,
2109 1269 2295 1313 nosse
2331 1255 2853 1331 consuetudines,
2886 1255 3116 1328 quibus
3133 1256 3196 1312 in
3212 1256 3316 1329 ju-

514 1348 785 1407 dicando
822 1356 1041 1406 utatur
1066 1346 1133 1420 ⁷).
1168 1352 1376 1424 Quare
1394 1396 1410 1422 ‚
1438 1346 1491 1406 si
1518 1365 1621 1407 res
1662 1350 1751 1407 ita
1780 1351 2062 1421 postulat
2079 1391 2095 1419 ,
2155 1348 2450 1421 probatio
2480 1350 2784 1421 exigenda
2811 1351 2930 1408 erit
2953 1351 3034 1407 ab
3052 1366 3133 1409 eo
3155 1391 3172 1419 ,
3199 1351 3311 1424 qui

516 1449 598 1506 ad
627 1449 1101 1506 consuetudinis
1132 1448 1239 1522 jus
1283 1456 1590 1521 provocat
1636 1446 1723 1521 ⁸),
1776 1463 1895 1506 nec
1950 1448 2167 1520 utique
2188 1463 2225 1504 a
2247 1447 2464 1521 judice
2486 1450 2807 1520 expectari
2827 1449 3050 1520 debet,
3083 1456 3156 1506 ut
3179 1449 3317 1522 ipse

513 1549 828 1623 exploret,
899 1563 1137 1606 verane
1163 1548 1273 1615 sit,
1327 1565 1409 1606 an
1460 1549 1616 1607 falsa
1660 1547 2040 1619 litigantium
2072 1547 2366 1618 allegatio
2395 1543 2463 1619 ⁹).
2514 1552 2844 1606 Caeterum
2874 1548 2938 1605 in
2983 1544 3322 1621 permultis

516 1645 630 1702 sibi
662 1647 989 1705 dissimiles
1032 1663 1167 1705 esse
1209 1648 1749 1706 consuetudinarii
1798 1647 1959 1720 juris
2009 1653 2075 1704 et
2125 1645 2273 1704 facti
2314 1647 2757 1719 allegationes,
2798 1662 2927 1704 non
2961 1654 3087 1717 est,
3141 1650 3321 1721 quod

514 1744 900 1803 dubitemus.
925 1749 956 1804 J
965 1747 1161 1804 udicis
1184 1748 1420 1804 etenim
1452 1755 1580 1820 est,
1631 1762 1765 1805 non
1788 1747 1982 1805 modo
2007 1746 2419 1819 suppeditare
2441 1747 2932 1804 consuetudines
2952 1790 2968 1818 ,
2992 1762 3152 1819 quas
3184 1746 3320 1819 ipse

517 1843 801 1915 cognitas
825 1844 1052 1918 habet,
1086 1845 1433 1920 iisdemque
1460 1862 1571 1904 sua
1600 1853 1831 1920 sponte
1859 1845 2291 1918 injudicando
2318 1845 2442 1914 uti,
2476 1861 2699 1903 verum
2736 1846 2924 1903 etiam
2961 1845 3320 1904 testimonia

516 1958 891 2016 expromere
907 1944 1069 2017 juris
1084 1942 1631 2004 consuetudinarii
1650 1962 1725 2005 ex
1750 1952 2041 2004 actorum
2072 1945 2544 2003 commentariis
2556 1944 2819 2016 aliisque
2839 1944 3168 2001 literarum
3183 1959 3321 2001 mo-

516 2041 867 2110 numentis,
900 2056 1067 2113 quae
1093 2045 1150 2098 ei
1181 2043 1260 2099 ad
1310 2058 1570 2100 manum
1604 2049 1753 2100 sunt
1772 2060 1790 2118 ;
1838 2042 2008 2100 unde
2049 2040 2299 2113 saepius
2325 2040 2394 2097 iit
2420 2086 2435 2113 ,
2457 2047 2532 2097 ut
2558 2040 2665 2112 qui
2705 2039 2809 2112 jus
2831 2038 3317 2098 consuetudinis

517 2139 830 2215 allegant,
875 2140 1186 2212 probandi
1215 2141 1352 2215 ejus
1380 2158 1571 2201 causa
1596 2142 1882 2216 judiciali
1913 2140 2352 2199 testificatione
2374 2145 2662 2198 utantur.

1275 371 1427 413 PARS
1466 370 1608 413 GRK.
1650 370 1767 411 Lm.
1799 368 1844 408 1.
1886 367 1961 409 DE
1998 367 2169 409 sulus
2218 368 2519 411 romnus.

1592 2359 1617 2430 S
1667 2360 1761 2415 40.
1812 2358 2235 2415 Observantia.

598 2544 685 2600 Ad
709 2543 1106 2601 efficiendam
1151 2543 1625 2601 observantiam
1669 2559 1804 2602 non
1841 2544 2125 2616 indigere
2165 2560 2374 2619 neque
2412 2551 2671 2604 actuum
2709 2543 3070 2616 frequentia
3108 2558 3319 2615 neque

514 2639 821 2711 temporis
851 2638 1120 2696 decursu
1144 2637 1433 2710 plerique
1472 2638 1853 2710 opinantur,
1910 2647 2252 2713 propterea
2294 2642 2470 2715 quod
2519 2642 2713 2699 tacito
2750 2637 3122 2713 eorum‚qui
3150 2636 3317 2711 ejus-

513 2735 659 2793 dem
688 2734 812 2793 sint
854 2732 1315 2806 universitatis,
1348 2740 1540 2805 pacto
1579 2733 1818 2792 nitatur
1871 2735 2273 2795 observantia
2317 2733 2382 2809 ¹).
2427 2737 2546 2795 Sed
2593 2734 2745 2793 nihil
2772 2740 2867 2793 est
2889 2748 3157 2801 causae,
3197 2746 3316 2790 cur

514 2836 970 2892 conventiones
989 2834 1214 2890 tacitas
1234 2881 1248 2904 ‚
1279 2834 1508 2906 quibus
1558 2834 1723 2892 inter
1749 2836 2174 2894 universitatis
2220 2836 2508 2893 membra
2547 2836 2695 2909 jura
2726 2833 3242 2902 constituuntur,
3276 2847 3314 2889 a

514 2934 763 3006 reliquo
782 2933 931 3007 jure
959 2949 1033 2992 ex
1061 2933 1277 3006 scripti
1311 2948 1545 3004 genere
1572 2950 1941 3007 separemus
1960 2979 1975 3005 ‚
2004 2936 2178 3008 quod
2208 2950 2247 2992 a
2268 2937 2668 3007 privatorum
2696 2933 2961 2991 arbitrio
2985 2946 3063 2989 ac
3086 2933 3317 2989 volun-

511 3039 645 3091 tate
683 3033 1144 3105 proficiscatur.
1190 3038 1425 3092 Contra
1477 3049 1631 3093 vero
1668 3035 2114 3094 observantiae
2143 3034 2530 3092 vocabulum
2555 3074 2572 3102 ‚
2599 3032 2648 3090 si
2696 3032 2952 3106 quidem
3000 3031 3083 3088 de
3123 3030 3316 3104 hujus

513 3229 678 3275 Germ·
721 3231 747 3285 S
783 3227 891 3275 122.
932 3235 1036 3276 not.
1060 3230 1108 3275 b.
1139 3255 1199 3263 —-
1220 3229 1495 3287 Hoepfner
1512 3235 1561 3277 et
1584 3231 1789 3279 Weber
1821 3232 1872 3277 in
1935 3229 2275 3278 observantiae
2296 3229 2433 3284 (Hal.
2454 3226 2594 3276 1775.
2618 3225 2734 3285 4.),
2753 3225 2975 3284 inprimis
2994 3225 3127 3271 Sect.
3151 3225 3312 3271 lidii.

510 3296 825 3338 commentar.
848 3291 908 3338 ad
924 3294 1040 3337 inst.
1066 3290 1183 3348 358.
1208 3295 1256 3338 in
1278 3293 1312 3340 f.
1334 3300 1381 3340 et
1402 3300 1503 3340 not.
1524 3292 1872 3342 15.—-Scltoe-
1935 3292 2169 3339 -Gltick
2194 3293 2255 3337 ad
2277 3289 2524 3342 Heuseld.
2549 3287 2678 3348 387.

512 3363 635 3399 man
655 3355 687 3400 l.
710 3355 746 3410 l,
767 3366 816 3411 p.
836 3352 898 3399 40
922 3360 1023 3399 not.
1047 3355 1088 3399 ¹⁶.
1104 3356 1433 3403 —Welclcer
1454 3358 1604 3403 Recht
1620 3390 1635 3412 ,
1660 3358 1797 3402 Staat
1818 3369 1871 3401 u.

2004 3352 2062 3412 9)
2096 3355 2302 3400 Dissent.
2323 3356 2502 3412 Lanqe
2533 3346 3113 3409 Begrtlndungslebredes
3125 3345 3316 3391 Rechts

513 3415 673 3461 Strafe
699 3428 749 3472 p.
778 3413 891 3462 513.
925 3422 1024 3461 not.
1058 3417 1298 3462 t.—Cum
1314 3418 1439 3473 ,iuris
1462 3419 1691 3476 pontificii
1727 3430 1872 3476 prae·
1934 3420 1960 3474 S
1982 3416 2058 3464 16.
2082 3421 2133 3463 et
2167 3414 2379 3462 Pucltta
2401 3428 2448 3472 p.
2471 3412 2754 3461 toti—112.
2780 3413 2926 3470 (Cap.
2947 3412 3024 3457 lx·
3048 3411 3086 3466 ).
3110 3410 3170 3453 At
3192 3420 3317 3453 vero

514 3484 651 3534 cepta
672 3478 733 3523 dc
755 3478 1038 3535 quaestione
1062 3481 1307 3537 proposita
1340 3482 1434 3527 sibi
1456 3493 1551 3526 non
1575 3481 1884 3527 consentiant

516 3539 669 3595 (che.
688 3537 739 3586 5.
761 3541 857 3586 1).1.
882 3536 993 3585 c.7.
1013 3541 1158 3586 1).Χ1.
1188 3539 1289 3588 (3.9.
1315 3544 1371 3588 Χ.
1399 3542 1672 3598 lz.1.junct.
1695 3555 1738 3588 c.
1763 3539 1812 3588 8.
1836 3546 1884 3587 et

514 3598 593 3647 11.
614 3602 672 3647 X.
697 3603 989 3648 eod.—vid.
1016 3601 1227 3649 Pucltta
1249 3617 1298 3661 p.
1324 3603 1611 3651 184-190.
1635 3617 1711 3651 nr.
1730 3604 1884 3660 2.—)

516 3663 690 3709 merito
714 3664 804 3710 hac
827 3665 875 3709 in
900 3676 952 3708 re
975 3665 1220 3722 sequimur
1242 3667 1324 3721 jus
1348 3669 1489 3714 civile
1505 3699 1516 3712 .
1539 3668 1789 3714 -Caeter.
1817 3667 1883 3713 ci*-

514 3726 765 3772 Kloetzet·
785 3728 818 3773 Ι.
841 3739 885 3772 c.
908 3728 934 3782 (3
955 3726 1085 3773 22-
1101 3725 1181 3773 28.

575 3786 623 3846 5)
659 3790 735 3835 Pr.
762 3791 799 3835 l.
816 3788 902 3845 §5-
934 3790 985 3835 C·
1010 3793 1111 3839 deo
1133 3794 1355 3836 auctore
1387 3790 1474 3846 (de
1491 3793 1729 3846 concept.
1751 3789 1817 3836 Di
1853 3789 1885 3845 .)

513 3851 943 3907 §.10.-1..32.in
969 3852 1005 3898 f.
1033 3857 1085 3901 D.
1103 3853 1155 3900 Ιι.
1181 3853 1357 3899 t.-Cf.
1381 3854 1432 3899 L.
1460 3855 1504 3900 1.
1529 3856 1554 3910 ς
1578 3854 1625 3898 1.
1647 3855 1701 3899 D.
1726 3853 1795 3899 de
1825 3866 1886 3898 n-

513 3916 831 3974 terroqator.
847 3915 1095 3963 actionib.
1119 3917 1215 3972 (xl.
1237 3916 1301 3973 1.)
1327 3932 1352 3957 ιι
1383 3916 1769 3972 interrogator-iis
1791 3927 1880 3959 au-

511 3979 611 4021 tem
645 3978 913 4023 actionibus
952 3975 1110 4026 hodie
1152 3990 1260 4024 non
1300 3978 1536 4037 utimur,
1581 3978 1693 4034 qnia
1735 3989 1880 4023 nemo

510 4038 717 4093 cogitur,
740 4045 852 4085 ante
874 4039 1117 4094 judicium
1141 4041 1200 4086 de
1223 4051 1311 4086 suo
1327 4042 1440 4096 jure
1462 4039 1649 4096 aliquid
1675 4051 1878 4096 respou-

512 4095 937 4159 dere3ideoque—
953 4100 1009 4150 in
1035 4102 1445 4151 desuetudinem
1469 4100 1739 4148 abierunt.
1764 4115 1794 4146 ι)
1821 4126 1874 4135 -

513 4158 720 4207 Nov.89.
745 4175 789 4208 c.
820 4161 1167 4213 15.—Dissent.
1198 4165 1460 4213 Clu-‚cuia
1481 4163 1807 4213 Sclavee'tzer
1822 4165 1882 4210 de

514 4222 829 4269 desuetudine
861 4227 1013 4273 libell.
1044 4229 1278 4285 singular.
1311 4230 1469 4288 (Lips.
1494 4224 1637 4275 1801.
1660 4224 1730 4284 8.)
1753 4242 1800 4275 c.
1820 4230 1879 4274 111

515 4285 954 4333 -Ὺ.-Ηιὶὸηεν
980 4291 1014 4334 l.
1037 4291 1071 4336 1.
1103 4303 1150 4348 p.
1178 4288 1287 4337 159.

586 4342 644 4403 6)
680 4348 979 4405 Volkmar·§
1002 4349 1062 4396 ⁴5
1082 4377 1130 4384 -
1151 4351 1374 4399 57.—cf.
1400 4353 1515 4399 infr.
1539 4354 1583 4408 S.
1606 4350 1688 4399 50.

576 4404 632 4464 7)
665 4409 773 4456 Vid.
800 4416 849 4455 et
871 4412 1085 4458 Puclata
1108 4426 1154 4470 p.
1186 4413 1297 4461 955.

1946 3479 2065 3526 nibil
2087 3480 2197 3525 inde
2218 3478 2470 3535 dignitatis
2503 3477 2622 3534 iuris
2640 3473 3066 3524 consuetudinario
3088 3469 3316 3516 detrahi-

1947 3548 2047 3596 tur,
2068 3541 2198 3600 quod
2220 3539 2457 3598 probandi
2477 3541 2581 3593 ejus
2599 3550 2720 3584 onus
2738 3540 3020 3594 plerumque
3052 3532 3317 3578 incumbat

1948 3603 2249 3662 litigantibus
2270 3636 2285 3660 ‚
2308 3614 2407 3647 non
2428 3601 2585 3658 magis
2604 3635 2620 3660 ‚
2642 3611 2789 3661 quam
2808 3599 2905 3654 iuri
2951 3596 3080 3654 apud
3103 3598 3316 3666 exteros

1949 3672 2086 3725 nato,
2106 3665 2243 3719 cujus
2260 3664 2430 3710 itidem
2453 3664 2673 3722 probatio
2695 3663 2757 3709 ab
2776 3662 3169 3729 allegantevexigi
3190 3659 3318 3704 solet

1951 3729 2053 3785 (cf.
2084 3726 2287 3777 Weber·
2309 3728 2340 3772 l.
2367 3727 2443 3783 1.).
2473 3728 2743 3779 Praeterea,
2767 3734 2879 3768 cum
2902 3732 3000 3768 non
3024 3724 3093 3765 ita
3115 3730 3315 3765 necesse

1949 3791 2125 3837 habeat
2150 3789 2333 3847 judex,
2374 3800 2515 3835 nosse
2547 3785 2917 3834 consuetudines
2940 3816 2956 3842 ,
2995 3792 3150 3839 quam
3184 3782 3312 3851 leges

1950 3853 2068 3899 scire
2097 3854 2230 3910 (not.
2251 3848 2301 3897 7.
2321 3853 2336 3907 )
2353 3885 2368 3903 ,
2391 3862 2686 3908 consequens
2707 3849 2853 3893 etiam
2874 3850 2950 3891 est
2967 3877 2984 3900 ,
3008 3848 3063 3889 ut
3084 3844 3314 3889 similiter

1942 3917 1986 3961 ei
2011 3917 2070 3962 de
2093 3913 2367 3969 hujusmodi
2387 3915 2731 3970 allegationum
2772 3910 2974 3956 veritate
3015 3906 3139 3951 fides
3188 3904 3281 3976 fiat
3296 3941 3312 3964 .,

1941 3990 2089 4036 quam
2131 3976 2192 4021 de
2235 3976 2348 4021 iacti
2372 3975 2752 4033 quaestionibus.
2799 3973 2929 4027 Quae
2958 3978 3077 4013 vero
3117 3978 3312 4038 praecr-

1941 4041 2141 4098 piuntur
2167 4036 2489 4092 :judicantis
2506 4034 2937 4096 esse‚e.tp10rare
2955 4028 3312 4077 consuetudi·

1942 4113 2058 4163 nes,
2090 4101 2359 4157 similiaque
2381 4099 2451 4155 (L.
2472 4096 2521 4145 3.
2546 4102 2572 4156 ς
2592 4096 2639 4145 0.
2662 4099 2715 4143 D.
2741 4096 2809 4142 de
2829 4092 3000 4141 testib.
3024 4092 3173 4147 (xxii
3197 4124 3214 4148 ‚
3237 4089 3309 4147 5.)

1945 4165 2057 4210 Nov.
2087 4162 2194 4211 100.
2219 4164 2322 4219 pr.)
2348 4194 2363 4219 ‚
2386 4173 2443 4207 ea
2467 4173 2578 4207 cum
2600 4171 2657 4205 ex
2682 4158 2921 4217 probandi
2947 4156 3109 4201 torma
3134 4154 3315 4200 Roma·

1944 4238 2121 4273 norum
2139 4226 2331 4285 propria
2352 4256 2368 4280 ‚
2386 4227 2576 4269 nostrae
2594 4225 2709 4267 vero
2727 4219 3047 4265 dissimillima
3072 4217 3310 4272 explicari

1945 4294 2165 4347 possunt,
2205 4293 2309 4332 tum
2349 4297 2460 4330 vero
2481 4287 2543 4331 ad
2584 4296 2663 4329 eas
2681 4293 2849 4328 causas
2873 4279 3065 4336 reterri,
3099 4277 3188 4323 ubi
3209 4290 3308 4325 nou

1945 4352 2167 4408 ignorare
2190 4355 2339 4405 atque
2361 4348 2649 4403 investigare
2670 4341 3042 4390 consuetudines
3064 4351 3180 4385 vere
3199 4352 3310 4409 per-

1937 4415 2061 4458 tinet
2083 4413 2143 4458 ad
2159 4412 2336 4468 judicis
2357 4407 2587 4454 officium.
2618 4407 2745 4464 (vid.
2760 4417 2885 4464 quae
2899 4406 2960 4448 de
2982 4401 3134 4448 hoece
3145 4402 3308 4449 officio

586 4467 642 4528 8)
676 4472 728 4516 L.
753 4468 799 4519 1.
822 4473 876 4518 C.
905 4474 958 4520 Ιι.
983 4476 1019 4518 t.
1068 4476 1300 4523 “praeses
1320 4477 1614 4536 provinciae,
1630 4473 1873 4534 probatis
1935 4474 2062 4521 infra
2086 4475 2136 4521 in
2158 4475 2388 4520 contextu
2407 4469 2749 4527 docebuntur.)

516 4529 618 4592 lu’s,
651 4544 775 4590 quae
794 4533 1412 4594 —i‘requenter-—servata
1432 4544 1597 4584 sunt.»
1622 4561 1683 4570 —-·
1704 4540 1772 4584 A.
1805 4539 1868 4583 D.

519 4592 722 4640 Weber
738 4596 859 4642 uber
881 4600 960 4645 ‹iie
982 4599 1232 4646 Verbindl.
1258 4614 1346 4647 zur
1378 4601 1775 4656 Beweisfuhrung
1803 4598 1870 4644 im

1996 4597 2042 4654 1)
2062 4595 2331 4650 Horacker
2351 4592 2505 4651 princ.
2526 4528 2783 4647 jfir‘fofiom.
2800 4591 2963 4637 Germ.
2983 4589 3009 4643 3
3027 4585 3142 4636 197.
3155 4590 3216 4636 11.
3249 4614 3302 4621 -—

514 4655 827 4712 Civilprocess
851 4661 910 4718 11,
931 4661 1707 4709 3—N.Borstub.Beweislustim
1725 4661 1871 4707 civit·
1936 4660 2094 4708 Glticlr
2116 4661 2176 4706 ad
2200 4654 2445 4718 Hellseld.
2471 4651 2578 4712 384
2601 4656 2651 4701 in
2673 4655 2773 4701 f.—
2801 4649 2993 4708 Ejus&
3030 4652 3308 4708 Einleitung

515 4729 706 4774 process
737 4721 763 4774 S
778 4717 827 4765 5.
860 4723 1185 4768 —Caeterum
1199 4722 1260 4768 de
1284 4725 1440 4770 forma
1459 4737 1515 4771 ac
1534 4726 1721 4771 ratione
1743 4734 1857 4781 pro-
1919 4720 1969 4766 in
1987 4723 2073 4768 das
2093 4721 2317 4768 Studium
2340 4720 2424 4767 des
2442 4720 2583 4765 Rom.
2626 4715 2948 4764 Privatrechts
2970 4712 3063 4767 86.
3085 4725 3136 4771 p.
3160 4709 3306 4759 37.—

516 4779 662 4825 bandi
684 4780 810 4835 ,iuris
829 4785 1235 4831 consuetudinarii
1261 4786 1359 4831 vid.
1385 4789 1475 4835 Jo.
1500 4788 1638 4834 Voet
1655 4787 1706 4833 in
1724 4796 1852 4831 com·
1922 4783 2160 4831 Giinther·
2180 4784 2335 4841 princ.
2360 4783 2457 4839 jur.
2483 4781 2620 4827 Rom.
2638 4779 2815 4826 noviss.
2838 4775 2930 4834 56.
2950 4782 3054 4822 not.
3077 4787 3127 4822 a.
3152 4771 3174 4823 S
3195 4772 3304 4821 1⁴6.

513 4847 664 4888 ment.
699 4846 761 4890 ad
793 4845 942 4891 Pand.
979 4849 1018 4906 l,
1043 4844 1090 4893 5.
1123 4850 1148 4903 S
1180 4845 1241 4892 52
1265 4873 1322 4879 —
1344 4846 1422 4896 35.
1449 4848 1653 4895 -Diet.
1679 4850 1857 4893 Herm.
1924 4847 2053 4892 u.—
2080 4846 2207 4902 .(Cf.
2248 4842 2577 4893 Kemmcrt‘clt
2614 4843 2668 4888 D.
2691 4843 2752 4888 de
2784 4840 2972 4898 probat.
3013 4837 3309 4885 consuetud.

513 4904 850 4952 Kommericlt
886 4907 991 4956 Lib.
1022 4910 1083 4957 de
1113 4910 1395 4967 probatione
1429 4910 1791 4958 consuetudinis
1813 4913 1863 4954 et
1925 4907 2054 4956 sect.
2078 4910 2104 4964 3
2127 4905 2174 4955 4.
2196 4905 2264 4963 5.)
