3544 5506
2946 367 3056 421 215

239 492 398 535 num
421 477 560 536 vice
586 491 717 536 non
747 479 1021 549 cedunt,
1048 474 1168 537 nisi
1196 493 1365 551 quae
1388 479 1477 538 ita
1498 495 1649 538 cum
1676 480 1824 553 ipsis
1868 479 2132 557 iunctae
2158 490 2274 543 aut
2311 489 2463 541 sunt
2490 490 2606 541 aut
2643 483 2909 546 fuerunt
2929 528 2947 558 ,
2981 496 3058 547 ut

241 577 440 636 totius
482 574 578 637 rei
621 585 689 638 et
733 579 914 638 notio
951 586 1019 639 et
1063 594 1298 638 nomen
1327 594 1403 638 ex
1431 580 1551 638 ista
1591 582 2050 656 conjunctione
2091 579 2410 642 efficiatur
2434 580 2518 654 ²),·
2560 584 2625 643 in
2666 588 3055 649 moventium

238 689 397 734 vero
418 677 886 735 accessionibus
921 683 987 735 et
1037 690 1155 735 eae
1182 677 1507 735 interdum
1533 678 1892 746 habentur,
1932 695 2101 752 quae
2138 679 2428 739 cumillis
2451 695 2584 740 non
2609 683 2959 744 cohaerent
2994 694 3059 747 et

237 777 430 847 longe
452 772 716 835 diversis
741 772 1173 850 subjiciuntur
1200 777 1564 836 nominibus
1586 774 1655 849 ⁸).
1692 780 1765 836 At
1797 779 2099 838 latissime
2117 784 2343 851 patent
2383 794 2602 838 rerum
2639 781 3056 844 immobilium

236 870 656 940 accessiones,
684 887 958 944 quarum
986 871 1050 929 in
1074 887 1349 931 numero
1369 880 1438 931 et
1459 868 1725 932 mobiles
1745 888 1852 932 res
1873 882 2049 941 sunt,
2081 881 2146 933 et
2170 875 2523 935 immobiles
2548 922 2564 948 ,
2600 883 2665 934 et
2685 877 2836 950 jura
2869 894 3057 952 prae-

237 963 358 1026 diis
383 968 836 1035 cohaerentia,
867 975 1007 1026 tum
1035 967 1263 1044 etiam,
1291 983 1459 1042 quae
1484 969 1580 1027 his
1609 965 1757 1043 ipsis
1782 971 2156 1030 exercendis
2182 966 2535 1030 inserviunt
2555 968 2624 1046 ⁴).
2661 977 2736 1032 Et
2765 977 2809 1041 1)
2828 973 3058 1034 aedium

235 1070 391 1122 sunt
414 1063 485 1136 1)
516 1077 620 1124 res
637 1065 933 1132 mobiles,
963 1077 1390 1139 quaecunque
1410 1065 1509 1124 vel
1534 1065 1816 1125 insertae
1845 1074 2046 1140 atque
2090 1067 2373 1126 inclusae
2394 1073 2546 1128 sunt
2581 1069 2919 1146 aedificiis,
2955 1075 3057 1132 vel

237 1155 367 1218 alio
400 1159 627 1233 quovis
662 1162 855 1220 modo
883 1175 1033 1220 cum
1060 1160 1183 1220 illis
1209 1203 1227 1231 ‚
1261 1160 1600 1238 juncturae
1639 1167 1859 1221 tamen
1887 1163 2142 1222 ratione
2188 1165 2363 1223 velut
2407 1170 2720 1244 perpetua
2744 1167 3057 1242 nulloque

236 1256 585 1332 interjecto
604 1255 814 1332 spatio
849 1261 1203 1319 cohaerent
1227 1258 1304 1335 ⁵),
1339 1261 1438 1320 vel
1466 1257 1759 1334 perpetui
1783 1277 1936 1321 usus
1972 1262 2176 1335 gratia
2210 1259 2294 1322 ibi
2331 1259 2555 1323 haberi
2596 1265 2802 1325 solent
2820 1308 2838 1341 ‚
2864 1261 3056 1340 siqui-

235 1360 386 1418 dem
443 1354 727 1432 ipsarum
774 1356 1032 1420 aedium
1079 1375 1310 1430 causa,
1365 1376 1497 1420 non
1548 1375 1777 1420 eorum
1803 1405 1819 1433 ‚
1869 1361 1979 1435 qui
2026 1377 2136 1421 eas
2188 1361 2579 1439 inhabitant,
2633 1373 3054 1438 comparatae

234 1462 391 1514 sunt
416 1453 492 1528 θ).
521 1459 860 1516 Praeterea
896 1455 962 1530 2)
1002 1462 1070 1515 et
1093 1457 1354 1530 praedia
1380 1452 1589 1516 vicina
1614 1457 2000 1532 aediumque
2028 1460 2093 1517 in
2133 1475 2321 1518 usum
2349 1466 2724 1534 comparata
2750 1461 3055 1522 accessio-

234 1555 424 1614 nibus
462 1568 686 1613 earum
729 1557 1247 1615 adnumerantur
1270 1554 1336 1622 7).
1379 1556 1477 1630 11)
1507 1561 1924 1617 caeterorum
1966 1559 2378 1631 praediorum
2409 1559 2472 1617 in
2511 1554 2979 1619 accessionibus
3015 1576 3055 1621 e

241 1650 582 1710 mobilibus
630 1651 888 1723 quidem
934 1654 1125 1712 rebus
1170 1653 1552 1726 plerumque
1592 1667 1709 1712 eae
1754 1659 2004 1712 tantum
2048 1660 2239 1730 sunt,
2284 1669 2452 1728 quae
2491 1661 2669 1714 terra
2714 1660 3052 1732 tenentur,

235 1742 444 1807 aliove
466 1747 664 1807 modo
682 1762 831 1808 cum
856 1750 996 1809 solo
1028 1748 1409 1808 naturaliter
1439 1748 1822 1821 cohaerent,
1849 1755 2108 1823 praeter
2128 1750 2242 1809 has
2268 1764 2407 1809 res:
2453 1754 2520 1809 et
2544 1745 3012 1825 sterquilinium
3031 1792 3051 1828 ,

1102 370 1244 412 CAP.
1284 372 1329 413 1.
1371 370 1449 413 DE
1489 372 1704 414 mu·
1742 372 2054 414 misissent
2090 373 2220 414 81⁵0.

235 1971 348 2007 cum
403 1961 713 2019 pertinentiis
759 1961 941 2009 debent
978 1959 1280 2009 commisceri
1329 1958 1453 2016 (not.
1489 1956 1607 2016 12).

233 2024 373 2069 Certe
386 2034 567 2081 parum
583 2022 673 2069 sihi
695 2024 1009 2071 consentanei
1026 2030 1160 2076 sunt,
1184 2025 1267 2081 qui
1284 2057 1298 2080 ,
1316 2033 1432 2068 cum
1455 2025 1608 2079 perti-

236 2085 427 2131 nentias
448 2085 555 2143 ipsa
585 2086 808 2133 vocabuli
844 2087 889 2132 vi
929 2099 959 2133 a
999 2085 1345 2144 principalibus
1366 2086 1510 2130 rebus
1533 2095 1610 2130 se-

231 2146 443 2205 jannem
457 2180 475 2202 ,
513 2151 678 2195 tamen
730 2149 784 2195 in
825 2149 1170 2196 substantiales
1194 2179 1210 2203 ‚
1261 2146 1510 2193 naturales
1560 2150 1610 2192 et

237 2209 565 2256 accidentales
595 2210 791 2256 easdem
826 2211 1068 2257 dividunt.
1110 2209 1223 2256 vid.
1263 2207 1469 2255 Beselin
1504 2207 1535 2253 Ι.
1573 2209 1606 2254 l.

236 2283 283 2318 c.
307 2274 364 2318 ll.
391 2273 418 2328 S
438 2271 518 2317 12.
552 2272 831 2328 Caeterum,
863 2275 1094 2331 quoniam
1136 2272 1421 2329 plerumque
1460 2271 1609 2327 perti·

237 2336 435 2380 nentiae
453 2367 470 2392 ‚
493 2334 619 2379 sicut
638 2341 796 2392 partes
817 2338 1116 2392 integrantes
1131 2368 1146 2391 ‚
1168 2333 1271 2388 ejus
1298 2338 1413 2380 sunt
1429 2364 1444 2389 ‚
1470 2333 1609 2388 quus

239 2401 316 2440 est
336 2408 414 2440 res
433 2396 734 2454 principalis,
757 2398 818 2443 de
839 2399 1060 2455 utrisque
1081 2398 1128 2443 in
1146 2395 1260 2452 ,iure
1280 2401 1448 2443 nostro
1471 2407 1609 2440 usur·

243 2459 356 2513 pari
390 2459 546 2502 solent
582 2460 811 2515 loquendi
844 2459 1082 2506 formulae
1119 2475 1129 2504 ε
1177 2457 1390 2504 aedium
1441 2459 1571 2503 sune
1588 2490 1606 2517 ‚

237 2517 400 2572 fundi
414 2524 559 2590 sunt,
578 2520 765 2568 domus
783 2523 959 2578 pomo
975 2524 1058 2568 es!
1067 2554 1085 2582 ,
1108 2521 1400 2579 similesque.
1425 2521 1489 2566 Ac
1508 2519 1611 2565 for·

242 2587 372 2627 tasse
388 2592 552 2640 quaeri
567 2588 761 2639 poterit,
782 2596 900 2630 num
919 2585 1120 2630 omnino
1135 2582 1260 2638 juris
1275 2582 1428 2628 nostri
1442 2587 1611 2628 aucto-

239 2655 318 2690 res
338 2651 522 2690 certam
554 2655 609 2690 ac
641 2649 919 2694 distinctam
937 2644 1339 2705 pertinentiarum
1359 2645 1610 2691 notionem

237 2707 484 2753 mentibus
515 2705 777 2758 habuerint
807 2709 1121 2757 informatam
1140 2709 1162 2752 7
1205 2707 1282 2756 Cf.
1326 2709 1390 2757 P.
1417 2706 1611 2766 (uesta)

235 2769 284 2815 in
310 2770 661 2828 ephemeridib.
687 2770 842 2828 jnrid.
879 2771 1211 2830 Erlangensib.
1248 2771 1306 2817 Τ.
1340 2772 1420 2817 [Χ.
1456 2783 1502 2827 p.
1532 2768 1609 2819 19.

297 2834 346 2891 2)
369 2832 481 2879 vid.
502 2832 529 2886 S
548 2832 661 2881 2⁶25.
679 2840 785 2883 not.
804 2834 855 2883 ὅ.
875 2858 937 2869 —
959 2837 1011 2881 1..
1031 2833 1111 2882 44.
1131 2835 1186 2879 D.
1210 2831 1278 2881 de
1298 2833 1450 2882 evict.
1470 2832 1618 2893 (xxi,

233 2892 303 2953 2.)
325 2923 386 2931 -
412 2897 466 2942 1..
490 2891 585 2941 2⁴2
606 2909 682 2954 pr.
706 2900 763 2947 D.
780 2897 850 2946 de
872 2897 943 2945 V.
964 2900 1017 2946 S.
1041 2896 1224 2955 (Ale-t.
1259 2895 1327 2944 ab
1369 2895 1610 2943 Alexan-

236 2957 474 3003 drodier.
500 2960 682 3014 genial.
706 2958 884 3019 1‚25.).
910 2984 966 2992 -—-
1004 2960 1161 3016 Quid?
1199 2960 1331 3019 quod
1359 2959 1411 3005 in
1432 2959 1616 3005 instru-

234 3025 398 3067 mento
413 3021 615 3077 quidem
651 3023 787 3069 navis
826 3021 1105 3070 continetur
1141 3022 1338 3080 scapha.
1360 3046 1424 3055 -
1447 3022 1499 3067 1..
1524 3021 1615 3068 ult.

234 3083 289 3129 D.
312 3082 380 3129 de
399 3082 668 3131 instructo
686 3085 773 3132 vet
790 3085 1034 3134 instrum.
1059 3085 1157 3145 leq.
1193 3085 1428 3143 (ΧΧΧΙΙΙ,
1447 3081 1522 3141 7.)
1555 3108 1616 3116 -

237 3145 287 3192 l..
309 3143 419 3191 10⁰.
444 3146 473 3199 ς
490 3142 541 3191 3.
562 3145 633 3192 de
652 3147 749 3208 leq.
772 3149 925 3196 tlt.-
939 3151 1254 3194 Atsecusesse
1273 3148 1396 3193 solet
1415 3158 1492 3203 eo,
1511 3156 1609 3203 quo

237 3208 419 3253 utimur
431 3209 563 3262 inre.

292 3267 512 3327 3)1..6o.
533 3272 592 3316 D.
614 3268 681 3316 de
701 3269 800 3331 qu.
820 3271 1295 3320 lll.—Cl‘.Gesterdi
1384 3272 1420 3317 l.
1445 3267 1612 3325 1515.

292 3329 341 3389 4)
372 3333 429 3378 L.
462 3329 690 3379 47-49.
716 3334 772 3380 D.
796 3333 1056 3381 decontr.
1085 3338 1208 3383 emt.
1233 3335 1300 3391 (x
1347 3330 1613 3390 111,1.)-

233 3396 441 3442 Omnino
455 3394 521 3441 cf.
545 3396 731 3443 Funlee
752 3397 784 3442 Ι.
811 3397 846 3443 l.
870 3396 898 3450 S
916 3395 1081 3444 3—6.

293 3456 342 3514 5)
374 3459 430 3503 L.
448 3454 531 3503 38.
554 3458 580 3512 S
600 3456 651 3504 2.
677 3456 811 3504 D.de
831 3470 882 3505 a.
907 3470 955 3506 e.
981 3471 1033 3506 υ.
1054 3460 1200 3516 (xx1.
1227 3458 1296 3514 1.)
1338 3456 1399 3514 (ιι
1420 3456 1614 3502 Firmus

232 3520 483 3566 sProenlo
501 3521 741 3577 quaesivit
765 3532 778 3562 :
803 3522 843 3567 si
866 3518 928 3568 de
949 3522 1179 3579 plumbeo
1196 3522 1402 3569 castello
1422 3518 1613 3565 fistulae

233 3583 321 3629 sub
342 3588 527 3629 terram
546 3582 721 3628 missae
743 3593 921 3641 aquam
943 3584 1178 3631 ducerent
1214 3585 1262 3631 in
1285 3589 1462 3629 aenum
1491 3583 1613 3627 late-

235 3646 361 3691 ribus
397 3646 831 3691 circumstructum
853 3680 868 3703 ‚
910 3658 971 3693 sn
1009 3646 1102 3693 hae
1129 3650 1184 3692 ut
1221 3647 1388 3702 juncta
1419 3643 1612 3702 fixaque

232 3708 430 3754 aedium
456 3709 658 3753 essent?
685 3718 748 3753 an
779 3714 833 3753 ut
857 3713 990 3768 ruta,
1015 3720 1252 3767 caesaque
1280 3707 1475 3755 aedium
1511 3717 1611 3752 non

230 3772 420 3816 essent?
443 3768 544 3825 (Cf.
563 3766 721 3816 Gluck
739 3772 891 3818 Pand.
916 3772 973 3817 ll.
997 3782 1046 3830 p.
1061 3766 1175 3818 525.
1201 3776 1305 3818 not.
1316 3767 1397 3816 81.
1416 3773 1469 3814 et
1487 3767 1608 3815 edit.

232 3832 368 3879 Beck
384 3840 486 3878 not.
509 3833 596 3890 m.)
619 3832 702 3877 ille
725 3833 994 3889 rescripsit:
1011 3834 1195 3879 referre
1212 3833 1330 3891 quid
1351 3831 1445 3877 acti
1464 3834 1607 3877 esset.

231 3895 349 3949 Quid
372 3906 511 3951 ergo,
534 3895 573 3940 si
596 3894 716 3939 nihil
737 3897 799 3942 de
817 3907 874 3942 ea
896 3906 948 3940 re
971 3908 1128 3954 neque
1148 3902 1307 3942 emtor
1322 3904 1479 3952 neque
1492 3904 1609 3939 ven-

231 3957 359 4002 ditor
379 3960 744 4015 cogitaverunt,
762 3962 817 4004 ut
840 3960 1125 4017 plerumque
1144 3958 1193 4004 in
1205 3956 1442 4012 ejusmodi
1461 3955 1607 4001 rebus

230 4020 423 4065 evenire
446 4022 571 4066 solet
586 4021 608 4064 Τ
639 4030 802 4065 nonne
836 4022 1033 4079 propius
1055 4026 1129 4067 est
1148 4054 1162 4078 ‚
1186 4024 1243 4066 ut
1260 4020 1442 4064 inserta
1458 4021 1511 4062 et
1530 4018 1607 4065 in-

231 4083 359 4127 clusa
387 4081 612 4128 aedificio
650 4088 842 4138 partem
874 4083 979 4140 ejus
1019 4094 1122 4129 esse
1159 4081 1564 4129 existimemus?»
1590 4082 1607 4138 )

228 4145 284 4189 At
308 4161 332 4183 u
358 4147 514 4190 multa
539 4145 689 4190 ctiam
712 4145 900 4193 defossa
922 4157 1026 4192 esse
1048 4178 1063 4204 ,
1084 4155 1242 4203 neque
1283 4148 1445 4188 tamen
1466 4142 1605 4188 fundi

228 4210 311 4250 aut
332 4209 479 4255 villae
496 4201 668 4253 baberi
694 4241 710 4263 ,
728 4212 901 4265 utputa
925 4219 1035 4254 vasa
1058 4208 1244 4253 vinaria
1266 4237 1282 4263 ,
1309 4204 1568 4251 torcularia
1590 4236 1606 4259 ,

225 4270 460 4326 quoniam
499 4269 625 4315 haec
668 4271 977 4316 instrumenti
1021 4271 1174 4328 magis
1224 4273 1337 4313 sunt
1360 4300 1377 4326 ‚
1415 4266 1607 4312 etiamsi

223 4330 450 4377 aedificio
490 4333 772 4378 cohaerent.
790 4348 814 4372 ιι
851 4332 868 4388 (
902 4333 954 4378 l..
994 4329 1073 4378 17.
1120 4342 1194 4389 pr.
1237 4329 1355 4377 eod.
1379 4328 1396 4386 )
1428 4329 1606 4374 Contra

231 4411 252 4433 a
275 4394 537 4445 Granaria.
558 4406 687 4452 quae
709 4407 766 4440 ex
791 4394 969 4441 tabulis
989 4394 1092 4440 fleri
1111 4395 1296 4450 solent,
1320 4394 1385 4437 ita
1407 4390 1605 4437 aedium

226 4461 360 4505 suut.
385 4458 424 4502 si
449 4458 641 4514 stipites
665 4468 832 4501 eoi-um
859 4458 908 4503 in
930 4461 1059 4503 terra
1085 4456 1263 4503 defossi
1297 4458 1409 4499 sunt
1430 4465 1444 4512 3
1475 4456 1605 4511 quod

220 4520 258 4564 si
279 4529 431 4576 supra
455 4524 640 4566 terram
658 4523 771 4565 sunt
792 4520 912 4564 rutis
931 4524 980 4563 et
1001 4519 1157 4565 caesis
1177 4517 1371 4564 cedunt.
1384 4530 1410 4557 ιι
1431 4514 1502 4569 (L.
1523 4513 1603 4562 18.

223 4580 460 4636 meod.)
480 4606 537 4614 —
576 4583 629 4627 1..
656 4579 734 4628 17.
768 4579 864 4635 83.
890 4582 945 4626 D.
971 4579 1039 4628 de
1065 4592 1117 4627 a.
1135 4592 1185 4627 e.
1209 4593 1262 4627 v.
1288 4580 1304 4635 (
1327 4594 1353 4621 ιι
1377 4580 1508 4637 Quae
1531 4583 1608 4625 ta·

221 4643 369 4689 balae
410 4645 572 4701 pictae
617 4655 706 4701 pro
759 4644 964 4689 tectorio
1015 4644 1328 4690 includuntur
1345 4675 1362 4697 ,
1396 4642 1513 4687 item
1549 4652 1612 4687 ue

219 4709 415 4751 crustae
437 4717 746 4751 marmoreae
768 4704 961 4751 aedium
980 4710 1113 4752 sunt.
1134 4720 1159 4747 ιι
1183 4707 1199 4762 )
1223 4729 1282 4738 -
1308 4705 1358 4749 Ι..
1380 4703 1457 4752 12.
1478 4704 1504 4758 S
1557 4700 1604 4749 3.

219 4766 469 4815 deinstr.
487 4768 576 4814 vet
594 4768 842 4814 instrum.
867 4768 964 4828 leq.
987 4767 1191 4823 (xxxlll
1206 4801 1221 4826 ‚
1237 4764 1312 4825 7.)
1353 4765 1369 4822 (
1397 4783 1420 4804 ιι
1443 4765 1613 4823 sigilla

222 4835 268 4875 et
285 4837 488 4879 statuae
510 4828 702 4875 adfixae
724 4830 1050 4876 instrumento
1069 4830 1240 4876 domus
1259 4830 1616 4876 noncontinen·

1671 1958 1802 2004 enim
1820 1958 2207 2006 adnumerantur
2227 1974 2251 2000 ι»
2271 1975 2286 2021 3
2310 1959 2360 2006 id
2381 1963 2483 2022 est3
2509 1960 2699 2008 adfixae
2735 1965 2927 2009 statuae
2963 1961 3063 2011 do·

1673 2032 1781 2066 mus
1802 2023 1961 2080 portio
1980 2027 2124 2079 sunt,
2148 2035 2247 2069 non
2277 2022 2467 2070 adfixae
2488 2029 2681 2070 tantum
2700 2025 2867 2079 abest,
2891 2029 2945 2071 ut
2961 2025 3054 2074 do-

1672 2094 1809 2129 mum
1832 2087 2095 2141 sequantur
2117 2118 2132 2140 ,
2152 2092 2207 2130 ut
2226 2096 2289 2130 ne
2311 2086 2636 2131 instrumento
2658 2086 2857 2145 quidem
2877 2089 3052 2134 domus

1671 2145 2066 2203 contineantur.)
2116 2148 2276 2205 Neque
2329 2147 2492 2193 obstat
2527 2152 2719 2194 nostrae
2779 2149 3051 2196 sententiae

1675 2208 1726 2253 1..
1750 2203 1862 2252 245.
1887 2220 1960 2264 pr.
1987 2210 2040 2254 D.
2063 2203 2134 2254 ‹le
2145 2210 2200 2255 V
2203 2211 2276 2255 .S.
2303 2207 2356 2264 (α
2378 2211 2579 2255 Statuas
2599 2209 2815 2266 adfixae
2836 2210 3053 2259 basibus

1673 2269 2026 2328 structilibus,
2063 2276 2148 2317 aut
2188 2271 2384 2317 tabulae
2429 2271 2677 2330 reliquiae
2699 2273 2931 2330 catenis,
2966 2277 3054 2322 aut

1672 2342 1803 2390 ema
1819 2332 2075 2390 parietem
2098 2331 2338 2393 adfixae,
2364 2339 2447 2379 aut
2467 2335 2505 2379 si
2529 2335 2752 2380 similiter
2790 2335 3053 2382 cohaerent

1671 2392 1840 2452 lychni
1865 2429 1880 2449 .
1914 2406 2010 2441 non
2056 2400 2167 2441 sunt
2203 2397 2427 2442 aedium:
2454 2403 2655 2442 ornatus
2686 2397 2817 2443 enim
2855 2397 3051 2445 aedium

1673 2469 1817 2504 causa
1834 2463 2089 2515 parantur,
2111 2469 2207 2503 non
2225 2470 2324 2515 quo
2343 2458 2488 2504 aedes
2511 2459 2838 2515 perficiantur.
2857 2475 2882 2502 ι»
2907 2461 2923 2516 )
2947 2461 3051 2508 Non

1673 2519 1806 2566 enim
1836 2523 1936 2575 est,
1955 2531 2043 2564 cur
2075 2520 2335 2577 miremur,
2358 2519 2421 2566 ab
2461 2519 2574 2578 ipsis
2596 2520 2797 2567 aedibus
2836 2524 3051 2580 separari

1674 2593 1728 2628 ea
1742 2616 1757 2633 .
1781 2593 1906 2640 quae
1929 2582 2002 2626 vel
2019 2581 2214 2627 basibus
2235 2583 2558 2640 superposita,
2574 2584 2646 2628 vel
2670 2582 2839 2628 leviter
2858 2588 3051 2632 tantum

1674 2644 1836 2690 adfixa
1857 2644 1977 2700 sint,
2001 2643 2416 2701 quemadmodum
2445 2646 2690 2690 ornandae
2711 2645 2886 2690 domus
2906 2656 3051 2694 causa

1675 2706 1781 2755 fleri
1800 2705 2008 2765 adsolet3
2028 2707 2208 2766 quippe
2227 2719 2354 2768 quae
2369 2706 2591 2755 similiter
2610 2707 2661 2753 in
2679 2707 2804 2756 rutis
2822 2712 2873 2756 et
2890 2709 3052 2758 caesis

1673 2769 1918 2815 habentur
1937 2768 1954 2825 (
1975 2768 2078 2815 cic.
2105 2770 2229 2827 Top.
2251 2783 2295 2817 c.
2316 2768 2398 2817 26.
2432 2770 2482 2815 in
2506 2770 2564 2827 f.)
2587 2804 2602 2827 ‚
2631 2781 2777 2830 quam
2801 2782 2857 2817 ea
2877 2804 2894 2829 ‚
2924 2783 3053 2830 quae

1675 2832 1871 2878 aedium
1893 2842 2035 2877 causa
2072 2838 2351 2889 comparata
2372 2868 2387 2888 ,
2412 2834 2620 2879 necdum
2653 2831 2877 2879 adhibita
2898 2838 3013 2880 sunt
3034 2849 3047 2878 ε

1677 2895 1728 2939 l..
1764 2892 1844 2941 17.
1888 2894 1914 2949 ς
1952 2891 2002 2940 5.
2046 2893 2127 2939 10.
2168 2895 2221 2941 1..
2251 2892 2330 2942 18.
2354 2896 2380 2950 ς
2405 2895 2451 2940 1.
2476 2895 2530 2939 D.
2575 2894 2644 2941 de
2681 2905 2733 2941 a.
2772 2904 2820 2941 e.
2861 2905 2913 2942 v.
2955 2896 3053 2945 Nee

1677 2957 1825 3014 igitur
1847 2967 2041 3002 necesse
2060 2961 2164 3012 est,
2198 2963 2251 3003 ut
2280 2964 2365 3004 aut
2391 2968 2503 3002 cum
2534 2955 2891 3016 Gesterdinqio
2917 2957 2933 3015 (
2955 2958 2982 3013 S
2998 2955 3049 3006 9.

1680 3030 1728 3076 p.
1749 3016 1885 3076 3⁴9.)
1905 3022 2201 3073 statuamus,
2221 3020 2269 3065 id
2291 3021 2445 3076 egisse
2462 3019 2660 3074 ictum,
2686 3024 2784 3065 uta
2808 3018 2952 3065 rebus
2975 3020 3049 3067 in-

1682 3081 1983 3138 tegi-antibus
2007 3080 2281 3137 sejungeret
2301 3082 2638 3141 pertinentias,
2660 3087 2748 3128 aut
2773 3092 2886 3127 cum
2907 3083 3056 3129 Fun-

1679 3142 1763 3190 kio
1792 3148 1858 3202 (p.
1889 3139 1969 3188 75.
1996 3139 2127 3201 76.)‚
2156 3142 2216 3188 de
2237 3144 2312 3189 his
2344 3146 2534 3189 tantum
2564 3143 2800 3200 cogitasse
2843 3143 3053 3203 Pompo-

1678 3207 1851 3253 nium:
1877 3216 1992 3252 nam
2022 3206 2180 3251 neutri
2214 3217 2385 3253 earum
2428 3216 2592 3251 rerum
2625 3205 2790 3262 generi
2812 3205 3052 3252 adnume-

1680 3270 1863 3319 randa.
1885 3279 2010 3326 quae
2031 3268 2105 3312 vel
2135 3268 2304 3313 leviter
2329 3267 2515 3327 adfixa,
2550 3268 2621 3312 vel
2662 3266 2859 3313 basibus
2885 3279 3054 3327 super-

1679 3331 1833 3387 posita
1844 3334 2042 3375 sunt.—
2052 3331 2110 3373 At
2119 3330 2286 3388 utique
2299 3329 2553 3377 nobiscum
2562 3329 2785 3375 dissentit
2794 3328 3056 3388 Funkius,

1672 3393 1960 3448 juncturam
2008 3401 2093 3449 per
2132 3403 2184 3437 se
2225 3394 2424 3450 quidem
2466 3393 2619 3438 solam
2662 3392 2901 3439 indicium
2944 3403 3054 3439 esse

1676 3454 2000 3511 pertinentiae
2040 3454 2242 3501 omnino
2282 3466 2461 3512 negans
2484 3454 2500 3512 (
2523 3451 2750 3509 §9-13,
2775 3455 2817 3514 );
2839 3453 3055 3513 alioquin

1677 3521 1811 3563 recte
1829 3517 2092 3563 observans
2107 3548 2123 3573 ,
2142 3528 2269 3574 quse
2294 3520 2362 3563 ita
2386 3516 2480 3562 fixa
2502 3517 2761 3575 vinctaque
2786 3520 2948 3563 essent
2969 3527 3054 3562 ae·

1674 3579 1846 3636 dibus,
1871 3585 1925 3625 ut
1946 3589 2115 3625 eorum
2137 3579 2454 3626 dissolutione
2474 3578 2867 3626 deformarentur
2887 3579 3054 3629 aedes.

1677 3653 1734 3688 ea
1770 3653 1832 3687 ne
1853 3643 2167 3687 dominorum
2189 3642 2384 3700 quidem
2410 3642 2655 3687 voluntate
2677 3640 2806 3686 dirui
2832 3641 3054 3699 penitus-

1674 3716 1769 3763 que
1790 3704 2004 3762 separari
2028 3705 2238 3761 potuisse
2268 3705 2283 3760 (
2304 3707 2337 3752 1.
2352 3738 2365 3752 .
2387 3701 2469 3752 41.
2489 3703 2515 3757 S
2534 3704 2557 3748 1
2575 3715 2682 3761 sqq.
2705 3704 2761 3748 D.
2783 3701 2853 3750 de
2887 3703 2987 3762 leq.
3012 3703 3051 3749 1.

1674 3766 1746 3814 Cf.
1784 3770 1933 3826 Greq.
1975 3766 2227 3824 Memmii·
2259 3768 2313 3813 D.
2345 3766 2406 3812 de
2439 3767 2554 3813 Scto
2593 3765 2811 3813 Aciliano
2833 3797 2849 3819 ‚
2885 3766 2936 3811 in
2965 3765 3051 3819 ΕΙ.

1672 3829 1855 3888 disput.
1877 3836 1977 3884 μιν.
2014 3832 2097 3877 Nr.
2130 3830 2312 3885 xxiv.)
2372 3828 2523 3887 igitur
2544 3827 2673 3885 quod
2699 3826 2761 3874 ad
2788 3825 2915 3873 lianc
2935 3838 3055 3873 cau-

1672 3902 1778 3938 sam
1800 3892 1998 3948 attinet,
2022 3893 2211 3938 nullum
2228 3891 2340 3946 jure
2362 3891 2578 3937 Romano
2605 3894 2841 3936 intererat
2877 3888 3053 3936 discri-

1671 3965 1784 4001 men
1807 3955 1935 3999 inter
1955 3966 2031 3998 res
2052 3956 2345 4011 integrantes
2366 3959 2417 4000 et
2440 3953 2756 4011 pertinentes.

1732 4014 1783 4074 6)
1817 4018 1869 4062 l..
1896 4016 1976 4061 13.
1999 4014 2118 4071 351.
2156 4017 2208 4061 1..
2234 4013 2311 4062 15.
2342 4017 2395 4061 1..
2434 4012 2510 4060 17.
2542 4026 2615 4070 pr.
2639 4016 2665 4069 ς
2684 4009 2734 4058 7.
2756 4015 2808 4057 et
2828 4013 2877 4058 8.
2908 4013 2962 4059 D.
2987 4010 3056 4063 ds

1670 4090 1720 4125 a.
1745 4089 1798 4125 e.
1820 4089 1868 4125 v.
1893 4079 1936 4133 (S
1952 4076 2001 4125 7.
2028 4092 2038 4123 :
2071 4077 2264 4125 «Labeo
2283 4077 2575 4134 generaliter
2594 4072 2761 4120 scribit
2786 4088 2799 4120 z
2822 4086 2907 4130 ea,
2926 4086 3056 4132 quae

1671 4141 1894 4198 perpetui
1937 4152 2050 4186 usus
2093 4152 2240 4186 causa
2291 4142 2339 4185 in
2373 4138 2604 4184 aedificiis
2647 4140 2763 4183 sunt
2779 4168 2794 4191 ,
2844 4137 3054 4187 aedificii

1669 4215 1772 4248 esse
1788 4236 1804 4259 ,
1824 4215 1952 4260 quae
1975 4213 2089 4248 vero
2107 4202 2168 4247 sd
2191 4212 2416 4260 praesens
2431 4235 2447 4258 ,
2466 4212 2561 4246 non
2583 4210 2686 4244 esse
2704 4198 2913 4245 aedificii
2936 4214 2947 4245 ε
2975 4205 3054 4249 ut·

1670 4270 1788 4322 puta
1825 4264 2017 4310 fistulae
2048 4266 2280 4321 temporis
2310 4264 2509 4321 quidem
2538 4272 2682 4308 causa
2704 4260 2920 4319 positae,
2951 4273 3052 4311 non

1669 4333 1785 4372 sunt
1807 4327 2001 4373 aedium
2023 4358 2039 4380 ,
2073 4330 2407 4372 verumtamen
2429 4328 2469 4371 si
2492 4328 2729 4383 perpetuo
2751 4321 2935 4370 tuerint
2951 4336 3045 4382 po-

1668 4389 1817 4446 sitae,
1851 4389 2043 4434 aedium
2081 4388 2348 4444 sunt.n)—·
2371 4389 2424 4434 1..
2448 4385 2528 4433 ⁴0.
2557 4388 2583 4442 ς
2608 4384 2660 4433 6.
2695 4386 2750 4431 D.
2781 4384 2850 4432 de
2875 4391 3048 4437 contr.

1668 4453 1927 4497 emt.—-L.
1956 4449 2030 4497 12.
2052 4451 2076 4505 S
2096 4447 2175 4496 2⁴.
2214 4451 2267 4496 D.
2300 4450 2368 4497 de
2401 4447 2558 4497 inser.
2587 4460 2639 4498 v.
2668 4447 2912 4495 instrum.
2948 4450 3050 4514 leq.

1671 4516 1724 4560 L.
1743 4510 1964 4571 24531.
1988 4513 2040 4556 D.
2064 4513 2133 4558 de
2155 4513 2225 4559 V.
2249 4513 2303 4558 S.

1733 4574 1789 4633 7)
1822 4578 1875 4621 l..
1900 4572 1982 4622 91.
2016 4572 2037 4635 §
2067 4573 2121 4621 5.
2156 4575 2213 4621 D.
2240 4573 2308 4621 de
2334 4574 2432 4633 leq.
2460 4574 2614 4621 lll.-
2637 4574 2691 4619 L.
2720 4569 2802 4619 51.
2838 4574 2890 4619 D.
2923 4575 3050 4625 eod.

1672 4639 1783 4698 (ιιὸἰ
1807 4638 1886 4685 cui
1907 4638 2052 4684 aedes
2078 4640 2267 4695 legatae
2292 4635 2418 4695 sint,
2438 4636 2479 4683 is
2507 4648 2656 4685 omne
2677 4635 2880 4683 habebit
2902 4636 3053 4686 idae-

1673 4702 1917 4755 dificium,
1939 4701 2069 4759 qnod
2093 4701 2248 4745 solum
2258 4698 2347 4756 [al.
2370 4700 2503 4757 quod
2523 4712 2667 4758 supra
2689 4699 2864 4756 solum]
2883 4711 3055 4751 earum

1676 4764 1870 4810 aedium
1895 4765 2007 4809 erit.
2041 4763 2214 4808 Paulus
2240 4777 2250 4807 ;
2276 4761 2370 4808 hoc
2390 4767 2507 4809 tunc
2529 4762 2728 4808 demum
2752 4761 2929 4808 falsum
2950 4768 3051 4824 est,

1677 4838 1790 4874 cum
1816 4825 2041 4873 dominus
2072 4825 2267 4872 aedium
2300 4823 2527 4871 binarum
2557 4824 2754 4883 aliquod
2778 4826 3011 4873 conclave
3033 4858 3052 4885 ‚

222 4897 326 4953 tur,
369 4893 461 4941 sed
484 4892 663 4939 domus
685 4892 844 4949 portio
877 4899 986 4938 sunt
1014 4905 1029 4951 ς
1067 4904 1191 4950 quae
1225 4903 1339 4938 vero
1376 4902 1474 4937 non
1507 4896 1620 4938 sunt
1679 4888 1813 4948 quod
1855 4900 2007 4948 supra
2048 4886 2524 4935 concamerationem
2561 4889 2826 4935 alterarum
2854 4887 3050 4933 aedium

223 4955 381 5005 adfixa
407 4990 424 5017 ‚
457 4954 794 5003 instrumento
814 4965 913 5002 non
943 4955 1284 5003 continentur:
1326 4952 1619 5014 supellectili
1683 4956 1836 5012 esset,
1868 4952 1919 5000 in
1949 4962 2093 4999 usum
2114 4951 2381 4999 alterarum
2411 4950 2847 5011 contristabatque
2873 4948 2942 4997 its
2974 4947 3053 4996 his
