3544 5506
932 371 1064 415 cn.
1104 373 1194 417 ιν.
1236 374 1311 417 ns
1346 374 1749 426 accuramrs
1787 376 2279 421 umenti-Annus.
2895 370 3011 429 659

204 480 403 539 sarius
422 480 740 554 possideat
762 495 902 541 rem
929 478 994 554 ¹).
1021 478 1134 541 Cui
1158 482 1349 542 etiam
1372 498 1774 557 consequens
1796 491 1915 553 est,
1941 492 2036 550 ut,
2062 486 2113 543 si
2137 488 2352 558 plures
2374 487 2605 545 adsunt
2625 490 3004 567 coheredes,

203 587 349 650 licet
378 592 596 664 aequis
624 606 701 651 ex
738 592 1027 666 partibus
1048 632 1065 660 ‚
1098 593 1380 664 itemque
1409 594 1623 665 plures
1647 635 1662 660 ,
1698 594 1807 665 qui
1845 595 2146 665 aequales
2173 590 2542 654 hereditatis
2574 604 2789 668 partes
2812 605 3005 673 possi·

204 693 356 750 dent
375 734 393 765 ,
443 699 660 751 tamen
705 693 1143 765 unusquisque
1186 693 1498 751 heredum
1548 709 1692 751 cum
1742 694 1967 765 quovis
2016 709 2382 767 possessore
2422 701 2762 768 separatim
2817 717 3008 773 agere

203 805 461 850 necesse
484 793 715 850 babeat
742 789 812 866 ²).
853 792 1087 868 Quodsi
1111 807 1269 849 vero
1310 792 1577 851 coheres
1613 808 1761 850 cum
1792 799 2096 853 extraneo
2135 795 2440 866 possidet,
2480 811 2579 852 nec
2607 796 2742 872 plus
2780 796 2875 856 ille
2903 817 3009 860 sua

200 893 366 962 parte
391 884 584 955 habet,
618 888 668 946 is
690 934 706 958 ‚
739 888 847 960 qui
881 903 1010 945 non
1039 886 1321 960 possidet
1340 927 1356 950 .
1396 889 1699 946 adversus
1728 895 2104 948 extraneum
2132 891 2339 949 solum
2375 887 2646 962 experiri
2688 895 2882 953 debet
2908 893 2958 969 ³)
2986 917 3006 974 3

205 982 485 1059 alioquin
512 995 578 1045 et
600 989 902 1046 adversus
920 988 1302 1046 coheredem
1341 993 1563 1045 utetur
1585 988 1771 1047 heres
1800 989 2170 1048 hereditatis
2198 991 2505 1063 petitione
2519 988 2586 1063 ⁴).
2623 993 2780 1050 Fieri
2813 991 3007 1055 etiam

203 1088 434 1153 potest,
470 1087 544 1137 ut
569 1081 814 1140 incerta
842 1080 1209 1139 hereditatis
1239 1095 1386 1153 pars
1405 1080 1787 1156 vindicetur,
1815 1083 1948 1140 scil.
1983 1084 2224 1142 idoneis
2246 1099 2320 1142 ex
2344 1080 2550 1142 causis
2576 1085 2645 1157 ⁵).
2673 1090 3006 1147 Caeterum

202 1175 566 1235 hereditatis
590 1177 897 1250 petitione
919 1172 1373 1234 continentur:
1406 1178 1466 1246 1)
1492 1178 1824 1235 universae
1846 1193 1947 1236 res
1968 1179 2414 1249 hereditariae,
2448 1187 2514 1237 et
2540 1187 2677 1237 tota
2706 1184 3008 1242 universi-

203 1280 301 1332 tas
317 1279 382 1331 et
412 1274 695 1344 singulae
725 1288 826 1330 res
846 1313 862 1340 ‚
895 1272 1024 1330 sive
1047 1286 1327 1344 corpora
1352 1278 1498 1329 sunt
1521 1271 1652 1329 sive
1674 1273 1826 1344 jura
1848 1270 1927 1347 ⁶);
1967 1277 2120 1345 quin
2163 1276 2353 1332 etiam
2378 1276 2441 1346 2)
2482 1290 2633 1349 eae,
2667 1293 2834 1349 quae
2874 1294 3009 1339 non

200 1380 348 1431 sunt
380 1370 824 1440 hereditariae,
857 1388 1134 1444 quarum
1165 1379 1382 1430 tamen
1409 1373 1765 1444 periculum
1793 1382 2041 1447 spectat
2069 1378 2149 1433 ad
2186 1377 2489 1435 heredem
2513 1421 2529 1446 ‚
2562 1378 2709 1436 licet
2740 1378 3009 1439 sortasse

206 1475 382 1530 nulla
431 1472 735 1530 defuncto
779 1474 946 1530 actio
992 1474 1143 1529 data
1174 1473 1253 1530 sit
1280 1488 1501 1530 earum
1544 1474 1802 1532 nomine
1830 1475 1920 1550 ⁷),
1968 1482 2304 1548 praeterea
2342 1477 2404 1549 5)
2436 1479 2641 1550 pretia
2671 1494 2886 1536 rerum
2931 1496 3008 1540 ex

216 1564 576 1627 hereditate
618 1564 1064 1627 distractarum
1101 1568 1463 1627 actionesve
1489 1612 1505 1638 ‚
1541 1570 1589 1627 si
1619 1586 1779 1657 quas
1816 1585 1895 1628 eo
1944 1572 2203 1630 nomine
2234 1573 2426 1630 habet
2453 1588 2776 1645 possessor
2806 1575 2855 1649 8)
2877 1619 2893 1644 ,
2932 1592 3010 1636 ac

203 1665 471 1727 vicissim
487 1669 546 1739 4)
562 1684 725 1741 quae
736 1669 1070 1726 hereditati
1082 1684 1309 1740 compa
1318 1677 1495 1728 ratae
1506 1677 1653 1727 sunt
1668 1686 1704 1728 a
1722 1685 2086 1742 possessore
2100 1686 2224 1745 res,
2241 1673 2591 1730 dummodo
2604 1667 2666 1729 id
2682 1676 2778 1731 vel
2792 1689 3009 1734 neces-

201 1769 399 1828 sitatis
424 1771 523 1826 vel
545 1775 723 1827 certe
750 1768 1034 1826 utilitatis
1057 1783 1250 1827 causa
1279 1771 1593 1842 postulet3
1632 1764 1762 1827 scil.
1791 1770 2065 1841 pretium
2096 1772 2473 1829 restituturo
2503 1772 2761 1841 herede,
2793 1773 2843 1830 si
2871 1790 3006 1833 non

205 1858 590 1922 hereditaria
608 1866 878 1937 pecunia
891 1864 1055 1922 sacta
1071 1871 1164 1921 est
1179 1879 1403 1937 compa
1412 1880 1478 1922 ra
1488 1864 1623 1938 tio⁹)
1635 1907 1650 1921 .
1668 1867 1950 1938 Denique
1960 1866 2021 1940 5)
2042 1873 2309 1924 etcausa
2332 1867 2423 1924 rei
2435 1868 2555 1925 hac
2573 1870 2825 1927 actione
2843 1852 3004 1942 peti-

205 1970 334 2038 tur,
351 1964 391 2021 i.
410 1978 470 2021 e.
487 1979 634 2021 cum
649 1978 815 2035 quae
828 1970 1235 2021 accesserunt
1248 1962 1644 2022 hereditariis
1654 1967 1845 2022 rebus
1861 1962 1951 2036 ¹⁰),
1974 1972 2111 2022 tum
2127 1980 2304 2035 vero,
2326 1982 2492 2038 quae
2508 1974 2846 2039 praeterea
2862 1984 3005 2042 pos·

200 2078 408 2123 sessor
423 2064 679 2137 petitori
701 2070 1030 2137 praestare
1046 2065 1359 2135 obligatus
1373 2072 1490 2123 est.
1510 2098 1590 2109 -—-
1611 2069 1699 2123 De
1716 2062 1948 2138 quibus
1957 2065 2094 2140 jam
2127 2067 2466 2138 separatim
2489 2061 2611 2123 erit
2635 2062 2998 2128 dicendum.

280 2256 307 2329 §
338 2252 475 2316 708.
517 2255 577 2331 δ)
603 2255 939 2314 Possessoris
967 2253 1252 2332 obliqatio,
1277 2263 1401 2314 tum
1426 2255 1495 2315 de
1519 2256 1613 2327 iis,
1641 2274 1784 2334 quae
1807 2256 2057 2316 vicissim
2073 2258 2429 2335 praestanda
2447 2265 2584 2315 sunt
2600 2275 2639 2317 a
2654 2258 2918 2337 petitore.

284 2457 663 2517 Possessoris
683 2456 985 2528 obligatio
1009 2455 1294 2514 similiter
1319 2456 1716 2515 aestimanda
1745 2463 1863 2526 est,
1889 2464 1963 2514 ut
1989 2456 2054 2514 in
2075 2458 2170 2515 rei
2198 2450 2528 2529 singularis
2552 2454 3001 2532 vindicatione,

199 2559 327 2617 hoc
347 2565 562 2631 pacto,
588 2564 660 2615 ut
686 2563 821 2615 tota
843 2553 1107 2629 hujusce
1135 2555 1537 2628 obligationis
1562 2563 1628 2614 et
1655 2572 1852 2615 causa
1882 2563 1946 2613 et
1973 2557 2150 2614 visin
2177 2572 2255 2614 eo
2275 2556 2409 2615 sere
2436 2558 2636 2630 posita
2661 2559 2762 2623 sit,
2790 2565 3007 2618 utrum

199 2654 413 2713 bonae
441 2648 521 2711 sit
559 2653 699 2710 fidei
729 2666 1053 2725 possessor
1072 2695 1089 2719 ‚
1124 2668 1207 2709 an
1234 2654 1442 2710 malae
1465 2652 1610 2710 fidei
1655 2651 1714 2726 (ς
1735 2653 1882 2711 275.
1918 2659 1983 2711 et
2010 2654 2093 2711 ib.
2126 2660 2262 2711 not.
2293 2656 2322 2711 1
2346 2653 2537 2727 -5.)
2565 2696 2579 2720 ‚
2604 2655 2710 2727 qui
2741 2652 3005 2727 quidem

199 2755 327 2812 hoc
350 2753 411 2810 in
437 2753 582 2811 loco
602 2748 911 2828 praedonis
950 2750 1207 2809 nomine
1246 2752 1408 2809 solet
1434 2752 1653 2811 venire
1678 2748 1745 2826 ¹).
1778 2756 1852 2811 At
1891 2768 2046 2812 vero
2091 2761 2156 2812 et
2195 2755 2304 2827 qui
2346 2756 2518 2813 bona
2559 2755 2684 2813 tide
2722 2757 3005 2828 possidet

197 2849 661 2916 hereditatem,
693 2863 770 2905 ex
800 2862 928 2920 quo
955 2862 1098 2905 eam
1126 2864 1166 2904 a
1188 2862 1256 2905 se
1280 2848 1409 2919 peti
1440 2848 1677 2906 certior
1700 2845 1983 2921 legitimo
2014 2852 2207 2909 modo
2229 2850 2433 2909 sactus
2470 2857 2597 2921 est,
2627 2852 2836 2909 malae
2860 2852 3006 2910 ndei

201 2945 549 3019 possessori
601 2945 1097 3016 aequiparatur,
1145 2950 1412 3002 eatenus
1446 2947 1756 3003 duntaxat
1778 2990 1793 3014 ‚
1828 2953 1901 3003 ut
1946 2948 2137 3005 etiam
2175 2948 2453 3004 desidiae
2486 2964 2562 3005 ac
2589 2944 3008 3018 negligentiae

199 3042 464 3101 nomine
485 3041 797 3113 obligetur
817 3037 886 3114 2).
910 3038 1156 3113 Quodsi
1180 3041 1261 3098 ab
1284 3041 1463 3099 initio
1486 3037 1744 3113 quidem
1760 3043 1997 3114 ⁸iustam
2015 3058 2083 3101 se
2104 3044 2340 3100 habere
2362 3043 2720 3115 possidendi
2744 3059 3004 3104 causam

203 3137 568 3197 existimans
592 3153 695 3195 res
719 3132 1176 3210 apprehendit,
1201 3143 1425 3208 postea
1453 3138 1621 3194 mala
1654 3138 1779 3194 ilde
1808 3140 2062 3194 easdem
2096 3138 2310 3205 coepit
2345 3134 2668 3209 possidere
2691 3185 2707 3210 ,
2727 3137 2861 3210 jam
2888 3155 3006 3210 per

198 3234 420 3293 omnia
446 3233 665 3305 incipit
685 3234 1022 3306 praedonis
1049 3235 1193 3291 loco
1214 3232 1435 3290 haberi
1463 3226 1536 3305 ³).
1567 3231 1710 3290 Jam
1739 3219 1894 3290 itero
1920 3233 1978 3302 1)
2003 3248 2216 3290 rerum
2240 3234 2717 3305 deperditarum
2744 3236 3005 3293 nomine

197 3335 449 3407 praedo
491 3348 710 3391 casum
759 3333 953 3391 etiam
991 3339 1323 3405 praestare
1369 3341 1630 3390 necesse
1671 3332 1899 3406 habet,
1932 3338 2348 3391 contra-vero
2378 3334 2440 3392 b.
2484 3333 2527 3392 1.
2562 3348 2887 3406 possessor
2919 3350 3005 3393 ne

796 3513 823 3568 S
855 3509 968 3560 707.
1633 3534 1695 3543 ——
1729 3510 1782 3555 L.
1827 3506 1906 3555 16.
1952 3510 2002 3555 in
2046 3509 2082 3556 f.
2128 3509 2248 3557 eod.
2305 3533 2365 3542 —-
2417 3511 2791 3567 Nonnumquam
2831 3513 2998 3558 tamen

1633 3571 1842 3629 pretium
1863 3572 2081 3630 accipere
2105 3584 2296 3618 necesse
2318 3571 2464 3617 habet
2484 3571 2649 3632 heres;
2675 3571 2720 3628 a)
2759 3572 2809 3617 1..
2833 3569 2881 3617 5.
2924 3584 3000 3630 pr.

264 3637 315 3691 1)
341 3640 393 3685 ι..
415 3639 461 3685 1.
537 3633 711 3683 1.t›.si
723 3647 854 3692 pars
876 3605 1060 3684 laer-ed.
1079 3634 1247 3696 petae.
1271 3633 1347 3708 41..
1376 3633 1454 3682 ιο.
1476 3631 1567 3690 st.
1633 3636 1686 3680 1..
1704 3634 1784 3679 πο.
1820 3635 1847 3690 ς
1881 3634 1927 3680 s.
1963 3639 2012 3679 et
2045 3633 2122 3681 1⁶2.
2161 3635 2213 3681 1..
2239 3631 2318 3680 55.
2344 3635 2398 3679 n.
2420 3633 2472 3680 ιι.
2497 3636 2533 3679 e.
2566 3655 2617 3667 -
2643 3634 2692 3692 h)
2717 3634 2823 3680 vid.
2848 3637 2998 3693 susq.

193 3703 255 3748 D.
280 3701 317 3747 Ιι
362 3697 557 3748 t.)-ct².
585 3710 729 3756 supra
754 3700 779 3753 S
801 3696 913 3746 705.
934 3706 1039 3746 not.
1064 3713 1112 3748 a.
1632 3702 1737 3743 not.
1760 3693 1809 3742 8.

258 3763 312 3822 2)
337 3765 388 3809 1..
409 3764 456 3809 1.
475 3763 501 3817 S
521 3762 567 3805 2.
593 3760 708 3807 eod.
1694 3757 1742 3814 9)
1765 3759 1816 3803 L.
1840 3756 1920 3804 20.
1945 3770 2020 3815 pr.
2047 3762 2095 3802 et
2119 3759 2145 3812 S
2165 3756 2208 3802 1.
2236 3760 2287 3804 D.
2316 3756 2370 3803 Ιι.
2396 3760 2436 3802 t.

259 3824 312 3879 δ)
338 3828 393 3873 L.
420 3825 465 3871 1.
492 3825 517 3879 S
539 3826 588 3870 5.
613 3822 730 3871 eod.
1697 3820 1841 3878 10)t..
1866 3819 1945 3865 ΞΟ.
1969 3821 2060 3876 33.
2088 3821 2141 3867 1..
2164 3819 2243 3867 25.
2262 3823 2289 3877 S
2308 3819 2388 3866 20.
2412 3820 2464 3865 1..
2491 3817 2571 3866 26.
2594 3816 2677 3866 27.
2702 3816 2782 3865 52.
2809 3820 2864 3865 D.
2888 3818 2939 3866 Ιι.
2957 3821 2996 3866 l.

257 3886 309 3950 4)
335 3890 387 3935 1..
415 3889 460 3933 1.
485 3890 510 3942 S
532 3883 575 3933 1.
600 3885 838 3932 eod.--L.
855 3881 906 3933 7.
933 3890 980 3930 et
999 3883 1048 3933 8.
1071 3885 1190 3934 eod.
1638 3884 1723 3941 (cf.
1746 3884 1772 3938 S
1793 3894 1891 3940 seq.
1913 3887 2018 3928 not.
2042 3880 2103 3928 15
2123 3885 2269 3941 sqq.).

257 3949 292 3997 5
334 3952 386 3997 L.
412 3952 458 3996 1.
480 3953 506 4007 S
527 3945 575 3994 5.
600 3949 717 3994 eod.
741 3945 822 4001 (ct'.
850 3947 1006 4001 3690.
1032 3954 1133 3995 not.
1158 3948 1249 4004 7.).

257 4011 308 4069 6)
335 4015 386 4058 1..
413 4011 491 4058 18.
516 4013 540 4066 s
561 4011 608 4055 2.
632 4013 684 4057 D.
705 4010 758 4055 Ιι.
783 4013 884 4055 t.-
914 4013 963 4056 t..
987 4009 1032 4057 7.
1059 4013 1085 4065 s
1108 4009 1156 4057 5.
1181 4013 1236 4056 D.
1256 4007 1323 4054 de
1342 4018 1459 4054 exc.
1487 4005 1567 4054 rei
2231 4013 2257 4066 s
2288 4003 2401 4054 708.

176 4075 312 4132 jud.
336 4076 515 4131 (xLlV,
539 4073 726 4129 2.)-l..
749 4070 797 4118 9.
818 4072 868 4116 t..
897 4073 973 4119 10.
1001 4074 1054 4120 la.
1079 4075 1237 4120 t.--L.
1262 4069 1311 4118 6.
1332 4067 1356 4120 S
1380 4068 1427 4116 4.
1444 4069 1563 4117 eod.

189 4145 248 4186 et
269 4141 324 4183 ll.
350 4135 503 4193 3705.
528 4142 632 4181 not.
655 4133 703 4180 8.
731 4135 779 4180 b.
804 4137 972 4181 excitt.
1695 4132 1741 4188 1)
1785 4132 1905 4177 Nam
1944 4131 2057 4176 licet
2093 4130 2286 4189 proprie
2312 4130 2350 4174 is
2381 4133 2507 4174 esset
2529 4126 2709 4186 praedo
2726 4162 2741 4184 ,
2762 4128 2842 4185 qni
2869 4128 3002 4174 nullo

260 4199 313 4257 7)
338 4201 389 4246 t..
417 4199 495 4245 19.
519 4210 594 4255 pr.
617 4202 666 4242 et
688 4200 712 4251 S
735 4198 782 4242 2.
810 4197 864 4241 D.
888 4197 941 4243 Ιι.
962 4201 998 4244 t.
1023 4213 1048 4240 ιι
1071 4197 1283 4242 Veniunt
1306 4198 1355 4239 et
1378 4193 1471 4240 hae
1491 4204 1567 4239 res
1631 4193 1757 4249 juris
1782 4193 1923 4240 titulo
1965 4198 2014 4238 et
2057 4195 2186 4238 velut
2209 4193 2369 4238 colore
2392 4192 2642 4236 invasisset
2678 4189 3002 4237 hereditatem

187 4264 245 4310 in
266 4262 557 4309 hereditatis
579 4260 865 4319 petitionem
890 4293 905 4315 ,
929 4260 978 4307 in
1004 4260 1178 4317 quibus
1195 4267 1475 4314 possessor
1493 4268 1567 4301 re·
1655 4257 1702 4301 t..
1727 4257 1807 4301 11.
1834 4257 1883 4301 in
1908 4257 1946 4302 t'.
1970 4255 2022 4300 Ι..
2054 4253 2126 4301 12.
2149 4252 2226 4300 15.
2253 4266 2326 4310 pr.
2352 4255 2403 4299 t..
2430 4254 2508 4299 13.
2534 4254 2559 4308 S
2581 4252 2628 4298 8.
2655 4254 2705 4299 t..
2726 4249 2804 4297 25.
2826 4254 2852 4308 ς
2873 4250 2919 4298 5.
2943 4254 2999 4299 D.

190 4326 473 4372 tentionem
518 4323 690 4370 habuit
713 4356 728 4381 ,
763 4332 860 4366 non
894 4326 1043 4369 etiam
1079 4321 1375 4379 petitionem.
1402 4333 1427 4360 n
1453 4317 1470 4372 (
1492 4318 1566 4363 cf.
1672 4352 1682 4363 .
1710 4320 1766 4376 t.)
1795 4353 1810 4375 ,
1834 4323 1997 4363 tamen
2033 4317 2302 4374 promiscue
2341 4315 2434 4361 hoc
2476 4317 2547 4361 uti
2583 4317 2741 4361 solent
2764 4314 3001 4361 vocabulo

189 4385 427 4434 Auctor.
449 4387 559 4433 obs.
584 4385 686 4440 jur.
710 4396 834 4431 rom.
861 4395 909 4439 p.
931 4383 979 4432 4.
1005 4389 1110 4430 not.
1134 4380 1209 4435 7.)
1240 4405 1297 4413 -
1335 4382 1386 4427 L.
1409 4377 1489 4426 62.
1513 4381 1568 4426 D.
1627 4381 1751 4435 juris
1795 4381 1947 4427 nostri
1989 4385 2206 4425 auctores
2232 4411 2247 4437 ‚
2298 4379 2401 4423 scil.
2446 4389 2543 4434 quo
2593 4379 2745 4432 magis
2802 4377 3003 4424 omnino

191 4449 271 4497 de
293 4461 349 4495 a.
375 4461 421 4496 r.
447 4449 500 4495 d.
527 4449 643 4503 (XLl
659 4481 675 4504 ,
698 4445 870 4503 1.)(ο1.
892 4449 916 4501 s
939 4445 1052 4494 010.
1077 4450 1179 4491 not.
1201 4441 1289 4501 5.).
1635 4444 1875 4498 omnium,
1890 4442 1973 4499 qui
1994 4443 2119 4487 mala
2135 4441 2229 4487 flde
2251 4439 2571 4486 hereditatem
2588 4440 3002 4497 possident.r.om-

264 4509 316 4569 8)
339 4512 391 4557 L.
417 4510 494 4559 16.
519 4511 544 4564 S
566 4507 614 4556 5.
658 4511 707 4556 L.
728 4507 860 4562 20.ss
882 4507 930 4555 6.
959 4506 1034 4556 15.
1062 4506 1136 4553 17.
1163 4504 1281 4554 eod.
1316 4529 1376 4537 —
1411 4505 1464 4550 L.
1489 4501 1566 4550 16.
1636 4506 1777 4550 mode
1799 4505 1986 4562 sejungi
2011 4506 2157 4561 possit
2175 4503 2425 4559 obligatio,
2449 4513 2475 4546 a
2493 4503 2734 4557 justorum
2757 4512 2998 4557 possesso-

190 4575 221 4629 ς
240 4572 296 4622 7.
330 4578 382 4619 et
424 4575 477 4619 1..
506 4570 587 4619 17.
611 4571 730 4618 eod.
769 4596 825 4605 —
863 4572 943 4617 Est
958 4581 1072 4617 vero
1093 4570 1378 4628 plerumque
1399 4567 1571 4612 electio
1634 4578 1743 4612 rum
1777 4567 1904 4623 jnre.
1939 4567 2047 4612 vid.
2071 4578 2118 4611 v.
2143 4577 2186 4611 c.
2213 4566 2264 4610 1..
2290 4564 2369 4609 22.
2417 4565 2467 4609 t..
2489 4561 2569 4609 25.
2605 4561 2697 4613 37.
2738 4564 2791 4608 L.
2818 4557 2898 4609 ³1.
2924 4574 2998 4620 pr.

192 4636 449 4695 petitoris,
469 4642 633 4682 utrum
652 4636 769 4681 velit
791 4634 1074 4689 convenire,
1096 4644 1213 4678 num
1232 4642 1365 4688 eum,
1386 4629 1468 4686 qui
1492 4628 1571 4674 vel
1634 4629 1660 4683 s
1684 4629 1729 4674 1.
1750 4627 1800 4675 5.
1854 4630 1906 4674 L.
1930 4625 2008 4674 38.
2031 4629 2084 4673 D.
2109 4627 2160 4674 Ιι.
2186 4629 2222 4672 t.
2260 4651 2316 4660 -
2351 4624 2424 4673 Cf.
2450 4626 2702 4673 Auctoris
2730 4624 2771 4680 ,1.
2797 4636 2836 4670 r.
2865 4636 2912 4681 p.
2934 4621 2993 4671 51

192 4701 415 4757 pretium
437 4697 585 4744 habet
607 4698 679 4743 vel
699 4697 943 4744 actionem
962 4731 977 4754 ,
1001 4707 1063 4741 an
1086 4706 1198 4740 vcro
1219 4704 1330 4739 eum
1356 4726 1370 4747 ,
1387 4690 1572 4749 quiha-
1636 4702 1745 4749 sqq.

193 4762 285 4807 bet
308 4773 434 4818 rem,
449 4760 517 4806 sic
539 4763 793 4814 tamen‚ut
816 4760 1045 4804 adversus
1066 4756 1196 4803 bunc
1219 4756 1439 4813 quidem,
1461 4765 1573 4799 cum
1699 4754 1746 4809 2)
1769 4754 1820 4800 L.
1842 4749 1921 4800 25.
1946 4749 2038 4807 57.
2060 4752 2112 4797 L.
2133 4747 2212 4796 31.
2239 4751 2265 4805 ς
2283 4752 2332 4797 3.
2352 4751 2407 4796 D.
2427 4750 2479 4795 Ιι.
2502 4753 2537 4796 t.
2556 4774 2612 4783 -—
2636 4750 2685 4796 1..
2707 4746 2787 4795 45.
2809 4748 2860 4794 in
2880 4745 2915 4796 f.
2939 4749 2996 4798 D.

191 4824 577 4870 universitatem
600 4822 841 4867 bonorum
861 4820 924 4866 ab
945 4820 1123 4866 herede
1144 4829 1381 4876 quaerere
1402 4818 1575 4861 notue-
1637 4814 1704 4861 de
1727 4818 1789 4862 lt.
1825 4816 1898 4861 V.
1921 4814 2021 4870 (vl,
2043 4813 2228 4870 1.)—1..
2254 4814 2302 4860 2.
2328 4814 2378 4860 in
2401 4814 2440 4859 l'.
2457 4813 2509 4860 C.
2526 4810 2680 4866 ἀεί’».
2704 4815 2762 4859 et
2777 4812 2853 4859 Ie’t.
2874 4822 3002 4870 exp.

193 4888 266 4932 rit
291 4920 306 4945 ‚
331 4898 432 4932 non
469 4885 561 4929 nisi
584 4884 780 4942 speciali
807 4883 855 4928 in
875 4894 981 4928 rem
1006 4884 1196 4928 actione
1220 4878 1575 4936 experiundum
1638 4877 1759 4936 (vlt,
1781 4876 1999 4932 51.)-1..
2023 4875 2101 4922 20.
2124 4877 2150 4930 S
2173 4873 2250 4921 11.
2274 4877 2327 4922 D.
2349 4875 2400 4922 Ιι.
2425 4878 2461 4921 l.

195 4948 434 4994 site—Cf.
461 4946 512 4991 L.
537 4946 583 4992 2.
613 4946 664 4991 in
680 4945 714 4990 f.
739 4947 792 4993 C.
817 4945 871 4992 Ιι.
894 4947 930 4991 t.
959 4969 1017 4980 --
1041 4945 1090 4990 L.
1116 4940 1198 4990 25.
1223 4940 1348 4998 317.
1375 4942 1429 4988 D.
1454 4940 1505 4987 Ιι.
1533 4943 1573 4986 t.
1703 4940 1752 4998 5)
1775 4941 1826 4986 1..
1851 4937 1928 4986 25.
1951 4941 1976 4995 S
1998 4935 2045 4985 5.
2070 4939 2121 4983 D.
2142 4938 2248 4984 lat.
