3544 5506
469 329 580 386 440

469 468 625 512 vero
652 450 935 511 creditor
957 448 1183 523 pignus
1204 447 1622 506 distrahendo
1650 449 1785 520 ipse
1807 445 1921 506 sibi
1956 446 2291 516 satisfacit,
2321 445 2456 505 sere
2492 459 2611 505 suo
2640 442 2906 506 arbitrio
2924 490 2942 522 ,
2974 448 3036 505 in
3078 461 3272 521 quam

466 554 616 613 velit
645 566 936 616 causam,
984 555 1320 621 acceptum
1361 546 1605 605 referre
1638 553 1881 620 potest,
1922 547 1985 605 in
2032 562 2174 606 eam
2216 562 2513 620 quoque,
2552 560 2720 619 quae
2760 553 2997 604 natura
3020 552 3273 606 tantum

467 649 742 709 debetur
762 647 843 723 ³);
880 647 1005 704 hoc
1030 645 1477 702 tantummodo
1513 643 1954 715 observando,
1993 643 2050 714 1)
2084 649 2159 700 ut
2198 645 2473 715 primum
2512 644 2575 700 in
2604 659 2863 712 usuras,
2897 641 2944 700 si
2972 658 3141 715 quae
3165 644 3274 701 de·-

466 749 734 821 bentur,
770 745 1000 803 deinde
1039 745 1099 801 in
1142 750 1378 803 sortem
1411 750 1680 816 accepto
1726 742 1972 801 seratur
2002 744 2278 817 pecunia
2319 745 2582 801 redacta
2619 739 2708 815 ⁴);
2753 748 2890 800 tum
2934 757 3089 801 vero
3124 743 3183 814 Ξ)
3225 744 3272 802 si

468 846 732 925 junctim
762 851 828 904 et
852 847 1027 903 velut
1053 844 1113 903 in
1141 845 1412 902 solidum
1443 858 1564 917 pro
1592 843 1854 901 diversis
1878 845 2084 902 causis
2115 844 2391 915 obligata
2421 851 2570 900 sunt
2604 844 2869 915 pignora
2887 887 2903 912 ‚
2931 857 3050 916 pro
3077 844 3271 901 modo

473 947 787 1020 pecuniae
828 962 905 1004 ex
951 960 1339 1019 quac-unque
1392 959 1587 1003 causa
1629 938 1885 1003 debitae
1936 944 2272 1017 pignorum
2328 937 2606 1016 pretium
2640 943 2703 1000 in
2750 945 3031 1001 solutum
3072 942 3271 1014 impu-

468 1053 642 1104 tetur
668 1046 742 1119 ⁵).

1220 339 1370 380 PARS
1408 337 1568 380 SPBC·
1608 337 1726 379 mn.
1767 336 1866 379 111.
1907 337 1984 379 1>ss
2022 334 2547 379 onzmxnomnua

1012 1268 1202 1341 §⁴70.
1231 1264 1307 1340 E)
1333 1267 1414 1324 De
1441 1264 1977 1343 repraesentationis
1999 1263 2284 1323 commodo
2312 1282 2358 1323 s.
2386 1264 2759 1323 intera-surio.

554 1524 645 1583 Fit
674 1535 1193 1593 nonnumquam,
1225 1526 1297 1576 ut
1334 1518 1414 1576 de
1444 1517 1801 1575 intermedii
1851 1519 2158 1591 temporis
2210 1521 2553 1578 commodo
2598 1519 2895 1595 (vocatur
2937 1522 3130 1580 etiam
3173 1538 3267 1582 re-

474 1613 1001 1694 praesentationis
1019 1604 1434 1673 'commodum
1459 1627 1510 1673 s.
1540 1613 2028 1686 interusurium)
2054 1611 2094 1688 ¹)
2120 1622 2505 1687 quaeratur,
2533 1611 2725 1688 idque
2749 1619 2842 1675 vel
2872 1617 3147 1676 maxime
3163 1626 3267 1676 aut

473 1727 740 1795 propter
767 1719 1113 1777 solutiones
1144 1723 1294 1774 ante
1333 1722 1582 1788 tempus
1607 1715 2029 1798 constitutum
2071 1714 2271 1774 factas
2303 1716 2707 1775 faciendasve
2743 1711 2824 1793 ²),
2864 1725 2979 1775 aut
3006 1725 3265 1792 propter

473 1818 927 1891 obligationem
961 1815 1272 1874 reddendi
1300 1815 1436 1888 ejus
1458 1855 1474 1881 ‚
1510 1815 1684 1886 quod
1719 1815 1814 1871 vel
1848 1816 1928 1871 ad
1969 1816 2406 1890 conditionem
2442 1818 2541 1874 vel
2567 1817 2701 1874 sine
2739 1833 2932 1875 causa
2964 1820 3135 1890 apud
3165 1819 3266 1877 ali-

473 1937 663 1993 quem
692 1914 806 1976 suit
820 1915 891 1992 ³),
917 1923 1028 1974 aut
1049 1922 1311 1990 propter
1325 1914 1632 1973 Falcidiae
1653 1922 1924 1988 quartae
1941 1917 2396 1977 deductionem
2422 1919 2497 1991 ⁴).
2527 1917 2699 1977 Licet
2718 1926 2930 1977 autem
2953 1920 3266 1978 interdum

473 2027 540 2079 et
567 2019 760 2077 invito
786 1999 1102 2075 creditore
1127 2011 1490 2073 interusurii
1517 2015 1915 2087 computatio
1940 2018 2151 2074 locum
2178 2016 2432 2086 habeat,
2456 2018 2658 2075 necin
2686 2020 3051 2091 repetendis
3072 2021 3265 2078 solum

474 2117 544 2179 iis
564 2164 581 2196 ‚
606 2136 771 2192 quae
794 2125 944 2176 ante
965 2116 1133 2176 diem
1154 2117 1361 2174 soluta
1385 2118 1703 2190 sunt(not.
1734 2118 1843 2189 5.)‚
1863 2110 2092 2175 ‘verum
2115 2118 2307 2175 etiam
2331 2118 2394 2176 in
2416 2120 2836 2178 solutionibus
2858 2119 3260 2195 faciendis⁵);

475 2226 688 2276 tamen
737 2223 807 2273 ut
840 2230 987 2273 cum
1022 2214 1407 2271 deductione
1440 2213 1708 2284 accipiat
1755 2215 2413 2285 repraesentationem
2452 2211 2592 2286 cogi
2624 2217 3002 2289 plerumque
3055 2218 3264 2291 nequit

472 2314 752 2371 creditor
784 2308 863 2384 εἰ),
898 2308 1013 2367 nisi
1054 2309 1137 2366 de
1166 2308 1481 2367 solutione
1515 2322 1663 2366 cum
1696 2307 2065 2365 interusurii
2105 2310 2495 2369 deductione
2536 2309 2826 2369 facienda
2870 2312 3039 2370 inter
3072 2314 3260 2386 ipsum

471 2412 955 2483 debitoremque
984 2409 1300 2467 convenit.
1335 2406 1430 2465 De
1454 2421 1532 2465 eo
1561 2422 1741 2474 vero,
1770 2410 2104 2480 quomodo
2127 2411 2523 2482 computatio
2550 2409 2939 2468 instituenda
2964 2413 3047 2469 sit
3075 2413 3262 2470 inter-

474 2512 706 2581 usurii,
733 2525 946 2582 neque
983 2515 1232 2566 veteres
1264 2507 1751 2565 consentiebant
1775 2549 1790 2573 ,
1824 2522 2034 2580 neque
2056 2508 2245 2566 hodie
2274 2510 2442 2567 inter
2472 2525 2538 2568 se
2579 2509 2841 2568 omnino
2889 2511 3265 2570 conveniunt

472 2610 643 2667 docti
672 2606 958 2665 homines
987 2598 1060 2677 ⁷).
1089 2607 1238 2662 Tres
1264 2591 1479 2660 autem
1510 2602 1910 2675 potissimum
1935 2596 2304 2661 interusurii
2329 2605 2745 2678 computandi
2774 2606 3037 2684 proponi
3061 2606 3261 2664 solent

475 2703 786 2773 rationes,
819 2719 986 2778 quae
1010 2719 1046 2761 a
1077 2701 1202 2762 suls
1225 2702 1626 2778 auctoribus,
1657 2705 1756 2763 vel
1791 2702 2001 2776 potius
2025 2702 2501 2775 defensoribus,
2536 2706 2981 2781 nominantur,
3005 2707 3259 2778 carpzo-

475 2807 694 2872 viana,
734 2804 1219 2864 Hoffmanniana
1246 2809 1309 2859 et
1349 2801 1796 2860 Leibnitziana.
1832 2807 1904 2862 Et
1949 2798 2129 2878 prior
2170 2805 2429 2878 quidem
2453 2850 2468 2873 ,
2500 2821 2649 2863 cum
2681 2822 2758 2865 eo
2787 2809 3066 2877 nitatur,
3096 2805 3266 2878 quod

476 2899 841 2976 simpliciter
872 2898 1227 2957 intermedii
1244 2900 1548 2971 temporis
1573 2912 1913 2956 usurarum
1941 2900 2241 2958 deductio
2270 2899 2560 2959 facienda
2587 2903 2698 2978 sit,
2733 2902 2967 2960 merito
2989 2919 3029 2959 a
3052 2902 3266 2975 pleris-

478 3015 605 3073 que
623 2998 1020 3071 improbatur
1040 2991 1114 3069 ⁸).
1144 2997 1424 3067 Utraque
1443 3001 1659 3052 autem
1684 2994 2082 3067 prosteriore
2106 2997 2343 3054 rectius
2369 2999 2671 3056 statuitur
2688 3041 2704 3067 ‚
2729 3001 2922 3057 talem
2948 3014 3087 3056 esse
3110 3013 3269 3055 sum·

478 3114 650 3156 mam
682 3097 782 3154 vel
805 3096 1413 3169 repraesentandam
1440 3095 1535 3151 vel
1560 3088 1929 3153 deductioni
1949 3096 2411 3169 subjiciendam
2433 3140 2449 3169 ,
2473 3113 2641 3171 quae
2664 3094 2891 3157 additis
2914 3091 3267 3156 intermedii

475 3188 780 3269 temporis
806 3195 1013 3252 usuris
1040 3200 1274 3252 sortem
1306 3208 1458 3251 vere
1496 3195 1775 3252 debitam
1816 3190 2176 3267 quantitate
2208 3205 2465 3270 aequet.
2504 3195 2642 3257 Hoc
2683 3206 2898 3256 tamen
2928 3205 3062 3268 est,
3101 3195 3268 3270 quod

477 3292 730 3356 differat
771 3296 939 3354 inter
971 3302 1315 3367 utramque
1340 3338 1356 3363 ‚
1394 3295 1566 3365 quod
1606 3297 1812 3352 altera
1856 3291 2233 3368 simplicium
2273 3303 2526 3355 tantum
2569 3313 2914 3357 usurarum
2958 3297 3269 3357 rationem

479 3558 516 3603 r.
543 3559 594 3603 t..
618 3554 697 3602 89.
720 3557 745 3611 g
769 3553 816 3601 a.
843 3556 894 3600 n.
925 3552 1191 3601 1..1.c.11.
1218 3558 1377 3603 t.—J.
1400 3558 1466 3603 H.
1490 3559 1553 3602 A.
1575 3554 1760 3613 Mlteaq
1778 3557 1838 3601 de

1966 3553 2013 3611 4)
2039 3558 2089 3603 t..
2116 3557 2162 3603 1.
2188 3557 2213 3612 S
2245 3558 2324 3604 10.
2366 3561 2417 3608 1..
2441 3559 2518 3608 45.
2546 3572 2620 3617 pr.
2668 3559 2718 3605 t..
2737 3556 2816 3605 66.
2839 3569 2913 3617 pr.
2951 3558 3004 3603 1..
3029 3553 3111 3604 88.
3139 3558 3167 3611 5
3187 3557 3275 3601 ult.

477 3623 654 3675 solut.‚
677 3630 801 3676 quae
824 3618 876 3662 fit
897 3619 960 3664 ab
979 3630 1057 3671 eo,
1079 3623 1160 3676 qui
1184 3632 1241 3665 ex
1266 3620 1444 3677 plurib.
1467 3631 1598 3665 raus.
1626 3619 1836 3664 debitor.

1904 3619 1959 3664 D.
1983 3618 2058 3664 ad
2071 3621 2126 3665 L.
2154 3620 2356 3668 Falcid.
2380 3624 2586 3676 (xxxv,
2606 3620 2678 3674 Ξ.)

477 3683 615 3727 alter.
641 3684 782 3727 exist.
806 3681 935 3725 Rost.
964 3677 1228 3727 twa—e.
1262 3686 1319 3727 G.
1344 3681 1541 3727 Gmelt‘n
1566 3681 1625 3725 de
1648 3682 1840 3738 gravio·

479 3747 518 3790 ri
542 3756 704 3797 causa,
730 3746 778 3788 in
803 3754 948 3800 quam
979 3754 1007 3787 a
1038 3743 1256 3789 debitore
1277 3756 1334 3788 ex
1359 3744 1535 3801 plui-ib.
1557 3755 1688 3789 caus.
1709 3744 1842 3788 solu·-

479 3810 548 3853 tio
567 3807 695 3853 facta
729 3817 833 3850 esse
863 3806 1206 3863 praesumitur.
1232 3807 1358 3852 Tub.
1383 3805 1524 3851 1801.
1563 3828 1622 3837 -
1655 3805 1843 3852 Fanke

481 3872 513 3914 l.
540 3872 570 3913 l.
595 3894 649 3902 --
674 3869 742 3915 de
760 3866 1047 3914 Buchltoltz
1064 3867 1164 3921 Jur.
1188 3869 1307 3914 Abh.
1334 3870 1413 3913 Nr.
1438 3868 1842 3913 xxvtlt.-Goe-

479 3931 642 3978 acken
667 3932 924 3977 Grundriss
952 3928 1106 3982 5444.
1131 3944 1179 3988 p.
1205 3930 1295 3976 237
1330 3944 1402 3988 sq.
1445 3931 1527 3975 Nr.
1557 3926 1631 3975 15.
1651 3954 1705 3961 —
1735 3929 1841 4028 &De

480 4001 584 4039 tato
606 3995 694 4039 hoc
715 3998 1004 4049 argumento
1022 3993 1088 4038 cf.
1112 4000 1160 4039 et
1181 3994 1298 4039 Cod.
1321 3994 1439 4049 Nap.
1465 3990 1590 4038 1255
1611 3992 1750 4037 -12
1769 3990 1840 4049 6]

541 4056 589 4113 3)
613 4057 665 4102 1..
686 4054 795 4102 101.
820 4057 845 4110 S
871 4053 916 4100 t.
934 4055 1052 4101 DJt.
1069 4056 1379 4102 t.-Omuino
1394 4056 1456 4101 cf.
1472 4056 1541 4100 de
1554 4053 1843 4102 Buchlaeoltz

479 4128 523 4165 et
547 4118 730 4165 Funke
754 4126 854 4164 not.
880 4118 928 4162 2.
952 4118 1084 4165 laud.

542 4178 735 4241 4)1..5.
761 4182 850 4235 52.
875 4181 928 4225 D.
956 4182 1007 4227 Ιι.
1034 4183 1071 4228 t.

540 4242 588 4302 5)
615 4245 665 4289 l..
689 4242 770 4290 06.
797 4242 888 4300 ςδ.
917 4246 969 4291 D.
997 4245 1048 4290 Ιι.
1074 4246 1109 4291 t.
1138 4263 1194 4272 —-
1215 4243 1290 4289 cf.
1316 4254 1461 4301 supra
1485 4237 1637 4299 3325.
1663 4248 1766 4289 not.
1790 4238 1838 4287 8.

1075 4369 1100 4423 S
1132 4366 1241 4415 ⁴70.

544 4499 590 4554 1)
612 4497 722 4544 vid.
749 4496 861 4554 loci.
882 4496 966 4554 qui
991 4495 1040 4540 in
1063 4500 1164 4539 not.
1191 4506 1324 4552 seqq.
1342 4492 1776 4539 excitatum—cf.
1795 4497 1846 4538 et

479 4561 747 4609 Schrader·
787 4559 983 4605 civilist.
1019 4556 1256 4603 Abhandl.
1279 4557 1337 4602 ll.
1363 4568 1421 4612 p.
1465 4552 1576 4602 151.
1622 4556 1671 4600 in
1714 4555 1749 4600 t.
1770 4567 1846 4614 sq.

481 4626 523 4679 (S
545 4622 614 4678 ³3.)
637 4629 685 4669 et
709 4635 756 4679 p.
777 4620 867 4668 170
881 4633 988 4678 sqq.
1005 4620 1048 4675 (S
1067 4618 1158 4676 6.).

544 4688 590 4743 2)
609 4689 662 4733 L.
687 4684 766 4730 24.
789 4686 815 4739 S
837 4686 882 4730 2.
909 4685 961 4728 D.
986 4684 1083 4730 sol.
1107 4687 1263 4729 malr.
1286 4680 1478 4738 (xxiv,
1501 4672 1581 4727 ἓ.)
1606 4705 1662 4714 -
1690 4681 1740 4726 t..
1764 4678 1845 4725 82.

480 4749 731 4870 μτὲῗῇξιῗ
746 4746 927 4865 ’1393111
954 4811 1004 4853 l).
1026 4806 1093 4853 de
1110 4810 1284 4864 pecul.
1306 4806 1424 4862 (XV.
1450 4805 1512 4862 1.)
1535 4832 1590 4839 —
1616 4806 1665 4858 b)
1687 4807 1740 4877 1..
1766 4803 1842 4850 10.

481 4880 507 4933 3
532 4877 608 4924 12.
637 4876 686 4919 l..
712 4872 790 4919 17.
813 4874 896 4924 52.
924 4872 1129 4927 Daune
1151 4873 1203 4918 ἰη
1223 4868 1667 4923 Γιαηᾶ.ονει111υι·.
1692 4869 1845 4925 gun,

475 4940 546 4997 δ.)
570 4937 650 4997 (cl’.
676 4938 800 4982 iutra
824 4942 922 4979 not.
945 4932 1033 4990 7.).

1967 3678 2086 3734 521..
2110 3680 2191 3728 66.
2218 3696 2290 3739 pr.
2318 3686 2367 3730 t..
2392 3684 2471 3731 88.
2497 3689 2522 3742 S
2544 3687 2631 3730 ult.
2659 3685 2711 3729 D.
2736 3682 2810 3729 ad
2828 3684 2886 3728 L.
2910 3681 3116 3729 Falcid.

1963 3741 2011 3799 6)
2031 3742 2275 3801 Excipitur
2293 3756 2434 3793 causa
2460 3747 2586 3794 dotis
2608 3752 2722 3793 ante
2748 3748 2876 3792 diem
2901 3746 3239 3792 restituendae
3262 3758 3275 3787 ι

1906 3806 1958 3850 1..
1982 3805 2061 3852 24.
2082 3812 2107 3863 3
2125 3807 2174 3852 ⁶2.
2200 3810 2252 3854 l).
2277 3809 2372 3855 sol.
2389 3809 2615 3856 matrim.

1971 3866 2018 3920 7)
2039 3870 2113 3914 Cf.
2136 3871 2192 3916 .1.
2220 3870 2276 3915 F.
2301 3872 2497 3920 Polack
2518 3871 2746 3918 mathesis
2769 3871 2861 3915 tor.
2884 3868 3034 3915 Abth.
3053 3870 3096 3916 t.
3115 3881 3161 3915 c.
3176 3868 3279 3914 vll.

1905 3933 1930 3986 S
1954 3929 2007 3977 41
2037 3943 2143 3989 sqq.
2167 3939 2215 3976 et
2235 3933 2378 3978 binae
2401 3934 2692 3992 adpendices
2714 3933 2773 3978 ad
2795 3931 2940 3987 huJus
2963 3934 3130 3988 operis
3148 3931 3279 3977 Sect.

1807 4028 1816 4037 .
1906 3994 1943 4040 1.
1972 3997 2066 4049 (ed.
2091 3995 2136 4038 2.
2162 3995 2231 4041 de
2250 3995 2516 4043 Schrader
2535 3996 2627 4042 civ.
2656 3995 2776 4040 ΑΜ).
2801 3996 2857 4039 ll.
2880 3995 2962 4040 Nr.
2987 3992 3278 4041 ll.—-Ferd.

1905 4056 2213 4103 Zachariae
2234 4057 2356 4103 uber
2377 4060 2455 4104 die
2471 4058 2676 4115 richtige
2691 4056 3001 4111 Berecbnung
3014 4058 3103 4102 des
3123 4059 3281 4103 inter-

1906 4120 2072 4164 usurii.
2090 4118 2566 4176 GryphiswamASffl
2577 4120 2763 4167 .-Vid.
2776 4125 2820 4161 et
2834 4117 3286 4173 Seuffertcivilist.

1909 4180 2063 4226 Erbrt.
2089 4183 2124 4226 Ι.
2150 4182 2228 4228 Nr.
2252 4183 2370 4228 xlx.
2402 4197 2449 4241 p.
2472 4182 2566 4230 145
2590 4194 2695 4241 sqq.
2720 4183 3049 4228 —Caetcrutn
3075 4194 3169 4229 nec
3192 4183 3280 4225 do·

1904 4250 2094 4289 ciorum
2137 4248 2492 4291 controversiae
2515 4281 2531 4302 ,
2571 4255 2661 4290 nec
2701 4244 2940 4289 foi-mulae
2973 4242 3039 4289 ab
3069 4245 3192 4303 ipsis
3222 4244 3284 4288 de

1907 4307 2200 4351 interusurio
2215 4310 2544 4364 computando
2567 4306 2839 4365 prapositae
2859 4306 2922 4351 ad
2934 4317 3112 4353 causas
3134 4305 3286 4353 refer·

1907 4370 1947 4414 ri
1970 4370 2121 4414 solent
2144 4402 2160 4426 ‚
2184 4369 2264 4413 ubi
2294 4376 2379 4415 aut
2399 4382 2504 4416 sors
2524 4369 2688 4416 debita
2710 4380 2821 4414 cum
2845 4369 3151 4416 interusurio
3184 4369 3282 4415 sol·

1907 4431 2060 4477 venda
2083 4433 2095 4485 (
2122 4431 2173 4476 1..
2201 4428 2282 4476 82.
2321 4443 2396 4488 pr.
2421 4433 2489 4479 de
2506 4434 2606 4491 leq.
2633 4434 2688 4477 ll.
2712 4432 2729 4488 )
2750 4465 2763 4478 .
2786 4436 2870 4475 aut
2890 4442 2950 4477 ex
2977 4432 3284 4478 interusurio

1908 4493 2136 4539 deductio
2152 4494 2373 4540 facienda
2385 4496 2568 4550 estant
2584 4527 2596 4539 .
2615 4495 2658 4549 S.
2684 4492 2761 4540 10.
2785 4493 2840 4538 D.
2859 4492 2937 4538 ad
2954 4495 3012 4540 L.
3031 4492 3286 4547 Fatela),

1908 4566 2005 4601 nou
2028 4556 2180 4613 magis
2200 4566 2347 4614 quam
2378 4557 2440 4602 ad
2463 4568 2571 4618 eas,
2597 4557 2773 4615 quibus
2792 4555 2839 4599 id
2861 4561 3054 4601 tantum
3093 4560 3286 4614 agitur,

1912 4625 1962 4664 ut
1986 4619 2129 4664 medii
2155 4618 2383 4674 temporis
2423 4621 2674 4665 commoda
2717 4617 2889 4675 aliquis
2923 4619 3156 4665 restituat
3181 4619 3199 4673 (
3216 4617 3284 4663 et.

1910 4694 2053 4740 supra
2078 4685 2182 4728 not.
2204 4683 2292 4738 5.).
2316 4683 2490 4727 —vith
2517 4678 2699 4738 tamen,
2720 4680 2851 4737 quod
2869 4679 2932 4724 acl
2953 4681 3285 4727 deductiones

1911 4756 1969 4790 ex
1993 4745 2285 4789 interiisurio
2302 4743 2545 4789 faciendas
2566 4744 2743 4789 attinet
2765 4775 2779 4793 ,
2818 4742 2870 4786 1..
2893 4739 2943 4787 δ.
2989 4743 3016 4796 S
3038 4740 3089 4788 Ξ.
3115 4746 3173 4790 D.
3214 4740 3294 4788 ad

1910 4807 1963 4851 12.
1992 4806 2129 4853 Falc.
2153 4813 2196 4851 et
2221 4805 2533 4853 Schraderl.
2559 4807 2591 4851 l.
2619 4818 2665 4861 p.
2687 4801 2777 4848 155
2796 4816 2901 4861 sqq.
2929 4805 2972 4858 (S
2991 4802 3081 4861 4.).

1972 4873 2018 4921 δ)
2056 4870 2158 4913 vid.
2196 4868 2464 4915 hcm-ader
2497 4871 2527 4913 Ι.
2566 4871 2597 4914 1.
2635 4880 2681 4924 p.
2721 4865 2827 4912 100.
2865 4867 2987 4925 ibiq.
3025 4873 3134 4912 not.
3171 4867 3216 4914 ⁹.
3240 4870 3295 4913 et

1911 4943 1958 4989 p.
1982 4929 2072 4977 180
2091 4944 2163 4988 sq.
