3544 5506
497 317 610 374 196
1375 328 1525 368 PARS
1564 326 1726 369 SPBC.
1770 327 1887 369 Lm.
1932 328 1975 368 1.
2017 328 2093 368 DE
2132 327 2429 369 PERSONIS.

494 449 612 506 bus
641 443 1033 519 exponendis
1059 442 1420 501 versabitur
1462 441 1675 516 (infra
1705 442 1829 500 Lib.
1862 440 2016 516 lv.)‚
2053 443 2334 514 priorem
2379 440 2551 500 illam
2587 443 2911 500 notionem
2954 458 3295 516 sequemur

496 563 710 606 tinam.
760 543 1084 618 Hujusque
1113 541 1308 615 ipsius
1355 542 1589 614 duplex
1621 542 1801 600 nohis
1838 545 1939 601 vel
1972 541 2241 600 maxime
2272 541 2599 614 proposita
2643 557 2778 600 esse
2810 543 3000 599 debet
3042 542 3291 600 forma:

497 647 695 703 altera
723 641 945 714 latior,
988 654 1265 711 eamque
1303 639 1703 712 appellamus
1731 638 2062 696 hominum
2092 640 2194 696 vel
2221 640 2609 709 cognatione
2633 680 2651 711 ,
2680 638 2776 694 vel
2803 633 3108 695 affinitate
3134 639 3299 696 inter

495 757 562 799 se
584 739 1073 816 conjunctorum
1115 737 1521 808 complexum
1543 733 1612 804 ³).
1642 735 1856 793 Altera
1884 741 1979 792 est
2020 734 2368 793 domestica
2412 734 2715 801 societas,
2752 734 2792 790 i.
2826 749 2885 791 e.
2930 735 3298 806 paterfami-

495 842 609 898 lias
628 838 676 912 ⁴)
708 854 840 896 una
882 852 1030 895 cum
1061 836 1187 904 his,
1219 836 1329 909 qui
1363 837 1461 894 vel
1488 841 1722 893 natura
1752 836 1852 892 vel
1893 835 2032 906 lege
2073 849 2303 907 parere
2335 833 2392 892 ei
2438 848 2697 891 necesse
2730 834 2968 892 habent
2999 832 3063 899 ⁵).
3116 836 3296 894 Unde

499 948 915 1008 personarum
957 932 1180 992 divisio
1205 931 1571 1002 descendit,
1603 947 1730 1004 qua
1769 931 1863 988 sui
1898 930 2060 1004 juris
2102 945 2419 1002 personae
2447 929 2628 986 abiis
2677 930 3155 1001 distinguuntur
3182 932 3296 991 ho-

498 1031 808 1104 minihus,
855 1029 963 1102 qui
995 1028 1207 1087 alieno
1244 1028 1375 1102 juri
1405 1027 1677 1101 subjecti
1700 1032 1851 1084 sunt
1874 1024 1947 1092 θ).
1981 1022 2198 1099 Quae,
2230 1040 2376 1083 cum
2400 1026 2548 1083 olim
2588 1025 2885 1082 latissime
2931 1033 3179 1097 pateret
3208 1022 3253 1089 7)
3275 1071 3291 1096 ,

500 1146 581 1186 ex
633 1125 950 1186 novissimi
991 1132 1212 1183 tamen
1254 1125 1506 1183 romani
1532 1123 1726 1198 juris,
1775 1130 1840 1181 et
1879 1126 1981 1181 vel
2027 1122 2298 1180 maxime
2335 1121 2511 1196 ejus,
2542 1137 2671 1194 quo
2717 1122 2990 1188 utimur,
3041 1123 3293 1199 indole}

501 1227 705 1283 multo
740 1222 1212 1295 angustioribus
1239 1236 1663 1295 personarum
1690 1219 1945 1278 circulis
1978 1219 2409 1278 concluditur.
2446 1217 2643 1275 Nihilo
2678 1232 2827 1276 vero
2853 1221 3059 1276 secius
3088 1227 3297 1290 poste-

502 1326 635 1384 rior
655 1325 816 1382 haec
854 1323 1126 1381 familiae
1148 1321 1329 1380 notio
1358 1322 1547 1392 longe
1579 1320 1893 1393 majorem
1916 1319 2111 1377 hahet
2139 1319 2204 1376 in
2246 1317 2533 1376 familiari
2554 1317 2703 1392 jure
2735 1318 3110 1391 explicando
3137 1323 3259 1378 vim
3277 1361 3296 1392 ,

487 1441 695 1498 ‘quam
727 1424 905 1497 prior
932 1423 1063 1490 illa,
1087 1437 1280 1494 quam
1309 1420 1570 1494 quidem
1596 1419 1894 1478 latiorem
1917 1419 2206 1477 diximus.
2235 1423 2398 1477 Toto
2421 1420 2587 1476 enim
2618 1434 2853 1491 genere
2869 1422 2947 1477 ad
2969 1421 3292 1480 matrimo-

503 1521 756 1579 niorum
778 1561 794 1585 .
836 1526 975 1576 tum
998 1533 1157 1575 vero
1188 1516 1435 1589 patriae
1463 1516 1801 1589 potestatis
1820 1515 1968 1588 jura
2009 1517 2312 1588 pertinet.
2349 1516 2508 1592 Quid
2532 1515 2561 1570 ‘i
2587 1517 2761 1587 quod
2791 1516 2913 1573 alia
2937 1519 3124 1573 etiam
3152 1534 3298 1574 cum

502 1636 580 1677 ea
624 1632 1045 1692 personarum
1095 1616 1320 1674 divisio
1362 1622 1430 1674 et
1471 1631 1745 1675 romano
1767 1615 1917 1689 jure
1956 1616 2409 1690 conjungitur,
2447 1631 2569 1674 nec
2599 1632 2637 1673 a
2678 1616 2878 1674 nostri
2896 1615 3059 1688 juris
3089 1617 3301 1676 indole

502 1715 765 1788 hujusce
801 1712 1266 1787 conjunctionis
1315 1712 1480 1770 ratio
1507 1727 1769 1784 prorsus
1800 1726 1938 1770 esse
1981 1713 2190 1769 aliena
2215 1712 2511 1770 videtur:
2561 1727 2638 1769 ea
2664 1712 2953 1784 quidem,
3005 1728 3172 1784 quae
3219 1717 3299 1772 ad

502 1815 733 1872 tutelas
764 1819 1032 1886 spectat.
1079 1834 1105 1862 «ι
1130 1815 1284 1870 Nam
1314 1826 1390 1869 ex
1415 1810 1509 1869 his
1549 1810 1872 1884 personia,
1919 1826 2088 1883 quae
2127 1810 2191 1868 in
2223 1817 2540 1884 potestate
2583 1826 2709 1869 non
2759 1818 2940 1880 sunt,
2983 1813 3299 1883 quaedam

503 1912 603 1968 vel
635 1911 699 1967 in
728 1910 926 1967 tutela
949 1915 1120 1980 sunt,
1144 1909 1244 1967 vel
1272 1908 1337 1965 in
1369 1908 1726 1976 curatione,
1754 1908 2070 1980 quaedam
2098 1913 2333 1966 neutro
2350 1907 2498 1981 jure
2519 1914 2822 1966 tenentur
2840 1930 2866 1958 n
2900 1904 2968 1978 ⁸).
2995 1907 3301 1983 Quoniam

505 2026 661 2068 vcro
688 2006 1126 2078 haecomnia,
1165 2023 1332 2081 quae
1375 2009 1439 2065 in
1481 2007 2071 2079 matrimoniorum,
2119 2010 2368 2081 patriae
2410 2010 2773 2082 potestatis,
2824 2011 3300 2082 tutelarumque

498 2111 646 2180 jure
677 2112 1050 2174 versantur,
1075 2106 1278 2163 multa
1306 2104 1544 2161 habent
1578 2104 1853 2162 admixta
1883 2118 1957 2161 ex
1983 2103 2119 2162 aliis
2139 2104 2381 2178 jurium
2398 2105 2766 2176 generibus,
2794 2104 2928 2162 fieri
2962 2108 3299 2165 commode

504 2203 759 2275 nequit,
808 2209 880 2259 ut
917 2209 1105 2259 antea
1130 2205 1528 2268 tractentur,
1570 2215 1764 2272 quam
1806 2200 1888 2257 de
1927 2200 2116 2258 rebus
2158 2214 2513 2273 earumque
2539 2200 2856 2271 dominio,
2907 2216 3025 2259 nec
3053 2217 3180 2260 non
3220 2203 3300 2259 de

502 2300 993 2373 obligationibus
1020 2300 1373 2375 expositum
1397 2300 1501 2358 sit.
1534 2299 1691 2358 Nihil
1723 2298 1914 2370 igitur
1957 2306 2287 2372 superest,
2335 2316 2529 2373 quam
2554 2307 2628 2357 ut
2656 2301 2782 2358 hoc
2813 2300 2876 2356 in
2908 2302 3055 2359 loco
3078 2304 3160 2360 de
3196 2317 3303 2360 co-

505 2404 705 2473 gnatis
734 2409 794 2460 et
822 2402 1145 2470 affinibus,
1177 2415 1534 2473 eorumque
1548 2398 1720 2472 jure,
1746 2399 2069 2472 generalia
2095 2402 2413 2472 quaedam
2437 2415 2890 2474 proponamus.

991 2673 1016 2744 §
1043 2676 1185 2735 205.
1222 2677 1606 2752 Coqnatorum
1630 2674 1790 2733 notio
1813 2681 1870 2734 et
1888 2672 2106 2751 formae
2132 2680 2428 2751 tamquam
2451 2689 2703 2730 summae
2735 2672 2828 2747 (*).

586 2911 897 2980 cognatos
924 2924 1029 2967 eas
1055 2922 1215 2967 voco
1240 2922 1569 2983 personas,
1597 2923 1764 2981 quae
1790 2907 2112 2980 sanguinis
2144 2908 2521 2983 generisque
2552 2903 2796 2980 origine
2831 2905 3097 2985 ejusque
3118 2900 3304 2964 simili

496 3006 661 3079 juris
700 3006 956 3065 vinculo
1000 3006 1165 3063 inter
1212 3021 1280 3063 se
1312 3006 1693 3080 junguntur.
1744 3008 2185 3081 Quapropter,
2239 3003 2555 3079 siquidem
2599 3005 2787 3079 hujus
2838 3003 3304 3077 conjunctionis

508 3122 767 3164 causam
793 3106 1162 3180 respicimus
1182 3150 1199 3177 ‚
1231 3108 1362 3164 duo
1383 3112 1533 3164 sunt
1557 3101 1949 3178 cognationis
1971 3120 2211 3177 genera
2237 3106 2444 3179 prima
2470 3125 2487 3164 ε
2521 3107 2797 3165 alterum
2834 3105 3179 3181 naturalis,
3213 3105 3304 3162 al-

508 3212 714 3263 terum
769 3207 962 3264 civilis
1000 3222 1052 3265 s.
1103 3208 1309 3265 lictae.
1355 3209 1438 3264 Ac
1465 3210 1523 3275 1)
1555 3207 1943 3264 naturalium
1974 3212 2401 3277 cognatorum
2443 3207 2594 3266 item
2636 3208 2803 3264 duae
2846 3212 2995 3264 sunt
3022 3200 3302 3278 species,

508 3322 637 3362 una
660 3305 1085 3377 legitimorum
1108 3322 1159 3363 s.
1186 3305 1460 3378 exjustis
1483 3306 1718 3378 nuptiis
1740 3313 2253 3378 procreatorum,
2279 3309 2482 3366 altera
2500 3308 2995 3380 illegitimorum,
3026 3312 3102 3363 ut
3133 3319 3307 3362 nunc

509 3407 767 3477 quidem
813 3411 1150 3463 vocantur.
1201 3408 1487 3478 Itemque
1517 3404 1997 3477 illegitimorum
2040 3406 2521 3478 distinguendae
2561 3413 2710 3466 sunt
2737 3406 2982 3464 formae
3018 3405 3144 3462 hae
3188 3421 3205 3457 :
3240 3410 3305 3460 et

511 3506 932 3575 naturalium,
983 3506 1023 3562 i.
1072 3521 1133 3564 e.
1162 3522 1236 3564 ex
1267 3506 1628 3564 concubina
1671 3514 1976 3566 natorum
2004 3504 2083 3581 ¹),
2117 3514 2184 3566 et
2213 3510 2580 3580 spuriorum
2621 3523 2735 3567 seu
2762 3509 2956 3577 vulgo
2984 3506 3308 3578 quaesito-

505 3618 646 3660 rum
674 3598 744 3677 2),
769 3618 808 3659 a
834 3600 1061 3674 quihus
1106 3601 1428 3660 interdum
1456 3604 1650 3660 etiam
1697 3602 1760 3660 hi
1791 3610 2176 3677 separantur
2195 3646 2213 3674 ,
2246 3604 2355 3676 qui
2385 3605 2644 3678 quidem
2671 3620 2747 3663 ex
2788 3605 3096 3662 damnato
3128 3601 3304 3660 coitu

563 3855 611 3913 ὅ)
645 3857 852 3906 Klenze
871 3892 888 3919 ,
931 3859 1010 3905 ‹lie
1041 3860 1288 3917 Cognaten
1328 3862 1430 3907 und
1469 3861 1687 3926 Affinen3
1726 3863 1777 3909 in
1817 3863 1868 3909 d.
2559 3864 2585 3917 S
2604 3859 2715 3909 205.

508 3920 784 3967 zeitschrift
806 3921 887 3967 fur
903 3922 1074 3967 histor.
1095 3923 1396 3970 Rechtswiss.
1417 3924 1475 3969 T.
1497 3926 1575 3971 Vl.
1598 3926 1680 3971 ΝΡ.
1705 3927 1742 3971 l.
1996 3924 2058 3981 (³⁵)
2089 3927 2192 3983 Dig.
2216 3925 2508 3985 (xxxviii,
2541 3925 2650 3982 10.)
2683 3926 2750 3974 de
2763 3924 2969 3985 yradib.
2996 3928 3052 3971 el
3080 3923 3303 3981 adfinib.

562 3978 609 4038 4)
633 3985 684 4030 L.
709 3980 817 4030 195.
842 3984 867 4038 S
890 3982 939 4030 2.
965 3985 1019 4030 D.
1039 3985 1107 4030 de
1132 3986 1200 4032 V.
1223 3988 1274 4032 S.
1939 3988 2245 4035 nominibus
2264 3999 2468 4034 eorum.

566 4044 615 4101 5)
638 4047 691 4091 1..
716 4043 828 4093 195.
849 4049 876 4102 S
907 4046 956 4090 2.
976 4042 1025 4093 5.
1052 4049 1105 4093 l).
1131 4047 1199 4094 de
1231 4048 1298 4096 V.
1336 4049 1517 4093 S.-1..
1553 4046 1661 4096 196.
1684 4049 1869 4096 eod.·-
1998 4052 2044 4107 1)
2063 4051 2138 4097 Cf.
2158 4050 2357 4097 Isidori
2377 4050 2552 4106 origin.
2579 4050 2680 4095 Lib.
2708 4051 2784 4095 lx.
2805 4062 2849 4095 c.
2868 4047 2917 4094 5.
2946 4060 2993 4094 v.
3016 4048 3306 4095 naturales

510 4110 660 4164 Atque
680 4108 794 4154 hinc
810 4113 918 4155 orta
929 4114 1000 4153 est
1022 4116 1308 4166 agnatorum
1332 4110 1382 4165 (S
1406 4108 1537 4167 206.)
1557 4112 1840 4169 conjunctio
1854 4147 1870 4170 ‚
1933 4110 2078 4170 (apud
2093 4111 2391 4165 Golltofred.
2410 4125 2457 4170 p.
2474 4108 2651 4169 1055.).
2667 4138 2709 4144 -
2725 4113 2773 4157 L.
2794 4112 2841 4157 2.
2860 4110 2906 4157 5.
2928 4109 3035 4158 4.8.
3060 4109 3110 4156 9.
3137 4113 3230 4156 ult.
3247 4110 3302 4156 C.

499 4170 561 4213 ad
582 4182 730 4227 quam
762 4182 878 4228 prae
911 4173 1115 4218 caeteris
1145 4178 1192 4218 et
1224 4185 1400 4219 nomen
1433 4174 1674 4231 familiae,
1711 4180 1760 4220 et
1792 4174 1872 4228 jus
1935 4174 2001 4221 de
2029 4174 2321 4222 natm-alib.
2344 4175 2520 4222 liberis
2544 4175 2619 4229 (V,
2644 4172 2744 4230 27.)
2770 4175 2855 4227 —3
2876 4175 2967 4219 ult.
2990 4174 3033 4219 l.
3056 4172 3126 4219 de
3148 4172 3303 4229 nupt.

503 4234 815 4291 praecipuum
834 4268 850 4291 ‚
873 4234 908 4278 i.
942 4246 986 4278 e.
1013 4234 1343 4281 hereditatum
1379 4239 1428 4280 et
1455 4239 1721 4282 tutelarum
1737 4272 1752 4295 ‚
1797 4250 1876 4283 re·
1943 4236 2075 4284 —Ctt
2099 4239 2216 4285 Nov.
2241 4235 2319 4285 ⁷⁴.
2339 4249 2385 4283 c.
2409 4234 2457 4282 6.
2479 4238 2703 4283 Generali
2725 4238 2874 4281 etiam
2899 4238 3197 4283 naturalium
3221 4248 3304 4293 ap-

499 4292 626 4339 ferre
646 4295 867 4342 solebant
886 4300 1092 4343 veteres.
1117 4299 1186 4353 (L.
1211 4296 1318 4346 195.
1335 4298 1417 4354 §2-
1443 4297 1492 4342 in
1516 4298 1554 4345 f.
1581 4301 1633 4345 D.
1659 4299 1794 4346 deV
1797 4335 1808 4346 .
1822 4303 1874 4348 S.
1942 4301 2199 4357 pellatione
2240 4303 2499 4354 vocantur,
2531 4305 2581 4344 et
2613 4300 2694 4355 qui
2730 4300 3019 4344 naturaliter
3060 4299 3302 4355 procreati

501 4354 654 4410 3209.
681 4361 786 4403 not.
813 4355 880 4414 5.)
906 4358 1040 4412 Quod
1067 4361 1265 4417 quidem
1289 4372 1412 4406 novo
1430 4359 1540 4415 jure
1564 4372 1715 4417 paene
1741 4375 1874 4409 ever·
1940 4367 2052 4408 sunt
2070 4396 2085 4417 ,
2107 4363 2351 4408 contrario
2367 4363 2546 4407 scilicet
2565 4360 2903 4419 adoptivorum
2930 4361 3126 4406 nomine
3149 4372 3302 4418 oppo-

496 4430 605 4463 sum
624 4416 873 4474 esl.§209.
902 4427 1010 4467 not.
1034 4419 1158 4467 6.-
1177 4424 1285 4469 vid.
1312 4426 1360 4467 et
1381 4422 1433 4466 1..
1461 4418 1541 4468 69.
1567 4425 1592 4478 S
1614 4425 1703 4470 ult.
1727 4426 1784 4470 D.
1808 4426 1877 4471 de
1941 4427 2034 4471 sito
2052 4425 2121 4482 (L.
2149 4423 2194 4470 1.
2219 4425 2244 4478 S
2268 4422 2313 4469 4.
2337 4425 2384 4469 in
2404 4422 2438 4468 f.
2467 4426 2518 4469 D.
2543 4422 3109 4481 undecoyn.(XXXVlll
3139 4456 3154 4475 ,
3173 4422 3303 4479 8.)—

493 4480 590 4538 leq.
612 4480 660 4526 2.
680 4507 740 4515 —-
757 4483 808 4527 Ι..
824 4482 914 4527 ult.
940 4482 991 4529 C.
1014 4484 1082 4530 de
1105 4486 1175 4531 V.
1198 4486 1250 4532 S.
1268 4486 1348 4544 Vl,
1367 4481 1447 4530 58.
1482 4487 1526 4541 (ὃ
1548 4484 1659 4532 209.
1684 4492 1789 4535 not.
1808 4486 1876 4545 4.)
1942 4499 2017 4544 pr.
2051 4488 2088 4532 l.
2112 4485 2178 4532 de
2196 4486 2469 4541 adopt—S
2489 4487 2534 4531 2.
2559 4487 2595 4530 l.
2616 4484 2684 4531 de
2699 4484 2905 4544 lace-ed„
2920 4496 3062 4542 quac
3079 4483 3148 4530 ab
3162 4484 3308 4540 inu),

504 4566 557 4573 --
587 4543 790 4591 Klenze
812 4543 901 4589 1.1.
922 4555 971 4600 p.
994 4542 1027 4591 5
1047 4569 1107 4579 —
1134 4543 1210 4593 16.
1940 4555 1990 4594 et
2011 4561 2181 4595 omnes
2197 4583 2211 4605 ,
2234 4551 2512 4606 quicunque
2536 4559 2629 4593 nou
2650 4549 2872 4601 exjustis
2893 4548 3073 4604 nuptiis
3099 4558 3305 4591 nascun-

556 4602 607 4661 6)
645 4606 724 4652 Pr.
760 4606 797 4652 Ι.
849 4604 917 4651 de
957 4605 1057 4669 lu‘s,
1128 4608 1224 4667 qui
1259 4606 1346 4655 eui
1404 4610 1490 4657 vel
1539 4608 1703 4658 alieni
1755 4614 1870 4667 jur.
1942 4615 2037 4661 tur,
2061 4611 2236 4669 quihus
2256 4611 2457 4666 oppositi
2484 4617 2596 4655 sunt
2619 4610 2828 4666 legitime
2850 4611 2967 4655 nati.
2988 4606 3124 4664 351.
3142 4606 3305 4665 quiet

496 4671 642 4714 sunl·
1938 4675 2079 4730 quib.
2115 4685 2185 4718 ex
2214 4685 2391 4719 caus-s.
2427 4676 2662 4717 inanum.
2695 4684 2803 4717 non
2831 4672 3094 4726 μασιν-Ι..
3120 4667 3204 4716 54.
3251 4673 3306 4716 D.

555 4728 603 4784 7)
629 4728 745 4785 ch‘c'
766 4729 880 4776 inst.
905 4730 941 4785 l,
964 4729 1322 4779 wat—earum
1355 4744 1676 4792 personarum
1698 4768 1713 4792 ,
1736 4746 1863 4793 quae
1928 4735 2186 4781 mandati.
2203 4737 2363 4790 ixvll.
2388 4735 2593 4792 1.)——Cf.
2613 4735 2662 4779 L.
2687 4735 2730 4778 1.
2756 4738 2805 4777 et
2823 4731 2872 4779 7.
2898 4735 2951 4777 C.
2975 4733 3043 4779 de
3063 4734 3307 4779 natural.

499 4794 659 4863 alieno
671 4792 771 4862 juri
795 4790 1048 4900 suhjectae
1071 4800 1184 4841 sunt
1205 4830 1220 4856 ,
1242 4797 1368 4843 aliae
1393 4796 1441 4842 in
1466 4808 1612 4843 mauu
1635 4831 1650 4855 ,
1670 4798 1793 4844 aliae
1814 4799 1861 4844 in
1925 4798 2013 4846 tib.
2041 4823 2097 4830 —-
2118 4796 2427 4854 Theophilus
2441 4797 2502 4843 ad
2525 4797 2550 4851 S
2572 4800 2659 4844 ult.
2688 4798 2722 4842 l.
2741 4795 2811 4842 de
2827 4801 2979 4852 nupt.
3002 4799 3051 4841 et
3075 4795 3142 4841 ibi
3164 4794 3309 4842 licil-

499 4865 740 4911 maucipio
763 4866 853 4899 sun
886 4869 938 4901 ,π
1927 4861 2044 4907 zius
2069 4866 2169 4905 not.
2202 4860 2249 4904 k.

557 4915 604 4975 8)
622 4918 701 4964 Pr.
730 4918 765 4963 l.
801 4918 868 4964 de
892 4917 1086 4964 tutelis.
1989 4924 2035 4981 2)
2058 4921 2299 4976 312.l.dc
2317 4919 2667 4978 nupt-taz.
2693 4918 2984 4984 uacuam
3000 4918 3122 4966 Imm
3163 4920 3222 4976 (l.
3242 4918 3313 4975 5.)
