3544 5506
1145 361 1279 403 cn.
1320 360 1419 403 m.
1460 361 1537 403 nr.
1576 361 1806 404 ‘rums
1843 362 1913 406 m
1951 363 2135 406 cuns.
2930 359 3040 412 553

247 479 776 545 temperamenta.
818 469 981 532 Nam
1012 472 1074 547 1)
1100 474 1289 532 utiles
1320 475 1515 532 habet
1543 476 1823 548 pupillus
1865 474 2149 536 actiones
2192 493 2310 550 per
2353 485 2637 538 tutorem
2684 484 3034 557 quaesitas,

245 574 410 631 adeo
434 580 507 631 ut
530 588 690 648 opus
712 590 846 633 non
878 575 958 632 sit
988 576 1282 633 cessione
1304 571 1376 648 ⁸).
1416 570 1551 633 Nec
1580 577 1641 648 Ξ)
1674 583 1903 634 contra
1933 583 2215 637 tutorem
2237 621 2254 646 ‚
2283 575 2393 652 qui
2433 582 2692 653 quidem
2720 579 2903 643 officii
2937 587 3036 643 sui

247 668 401 727 tlnes
427 685 714 741 egressus
741 686 873 728 non
906 677 1003 728 est
1033 673 1101 743 ⁴),
1134 686 1328 742 supra
1365 672 1728 742 patrimonii
1758 673 2089 744 pupillaris
2121 676 2288 734 vires
2325 679 2493 736 actio
2526 679 2719 737 datur
2740 722 2758 750 ,
2794 677 3036 742 scilicet

245 775 544 827 manente
577 773 775 828 tutela
802 767 882 843 ⁵);
906 771 1142 828 etenim
1172 777 1315 842 post
1345 772 1703 844 depositum
1725 772 2004 831 officium
2032 770 2097 832 in
2130 775 2333 848 ipsum
2363 778 2674 850 pupillum
2705 780 2917 839 danda
2939 791 3040 842 est

244 860 412 923 actio
432 862 503 939 ⁶),
547 866 896 924 dummodo
939 881 1070 924 non
1099 867 1235 938 ipse
1262 881 1331 924 sc
1356 874 1535 925 certa
1568 869 1821 926 ratione
1858 865 2158 942 obligavit
2182 877 2400 940 tutor,
2429 875 2608 932 velut
2625 873 3034 937 novationem

244 971 383 1035 post
411 967 764 1039 depositam
792 968 1059 1026 tutelam
1086 967 1411 1043 faciendo,
1437 970 1538 1026 vel
1560 975 1852 1026 mutuam
1873 972 2209 1042 pecuniam
2225 986 2344 1031 suo
2364 974 2620 1033 nomine
2648 991 2768 1049 pro
2795 975 3042 1052 pupillo

242 1058 617 1134 accipiendo
638 1108 653 1132 ‚
680 1065 782 1122 vel
807 1069 1132 1137 tamquam
1156 1064 1491 1142 fidejussor
1521 1066 1817 1138 pupillari
1847 1067 2233 1137 obligatione
2256 1069 2712 1131 intercedendo
2738 1071 2807 1148 ⁷).
2833 1072 2992 1149 Quid
3008 1073 3042 1133 i

243 1163 414 1232 quod
449 1162 512 1235 5)
546 1161 819 1220 constitui
851 1176 969 1235 per
1005 1168 1251 1221 tutores
1294 1168 1704 1221 curatoresve
1749 1169 1926 1221 recte
1953 1172 2196 1237 potest,
2245 1167 2370 1226 hoc
2398 1176 2619 1241 pacto,
2651 1177 2725 1228 ut
2751 1171 3034 1246 pupillis,

244 1261 632 1338 omninoque
652 1260 726 1321 iis
749 1310 765 1335 ,
786 1264 895 1335 qui
919 1262 1036 1319 sub
1059 1277 1218 1320 cura
1236 1269 1386 1321 sunt
1406 1307 1422 1333 ‚
1445 1264 1754 1331 solvatur3
1779 1279 1910 1337 quo
1925 1266 2182 1338 quidem
2207 1267 2378 1327 sacto
2398 1270 2568 1328 utilis
2589 1271 2681 1331 his
2704 1275 3036 1346 quaeritur

242 1364 526 1432 personis
537 1363 785 1436 actioss).
802 1362 876 1435 ΙΙ)
891 1362 991 1421 Sin
1008 1378 1164 1422 vero
1178 1358 1455 1421 adhibita
1470 1364 1688 1436 pupilli
1706 1379 1981 1437 persona
1993 1371 2327 1425 contracta
2343 1369 2422 1428 sit
2435 1371 2757 1443 obligatio,
2777 1374 3042 1434 directis·

239 1459 374 1531 ipse
404 1466 518 1517 aut
545 1461 673 1532 agit
702 1466 812 1517 aut
855 1460 1234 1517 convenitur
1267 1460 1547 1533 pupillus
1578 1460 1933 1519 actionibus
1959 1459 2023 1528 ⁹).
2057 1465 2248 1521 Dolus
2276 1472 2492 1524 autem
2524 1470 2758 1528 tutoris
2788 1472 3033 1543 pupillo

239 1571 361 1614 nec
384 1557 644 1628 prodest
662 1601 678 1626 ,
709 1570 828 1614 nec
851 1562 1046 1614 nocet
1067 1552 1152 1621 ¹⁶).
1177 1551 1741 1629 Quemadmodum
1764 1556 1955 1627 igitur
1981 1559 2151 1616 actio
2173 1560 2365 1617 datur
2392 1564 2694 1621 adversus
2720 1568 3032 1639 pupillum

239 1653 303 1711 in
332 1654 399 1710 id
415 1698 431 1723 ,
457 1659 700 1725 quanto
719 1650 1098 1725 locupletior
1126 1650 1329 1709 factus
1348 1658 1445 1709 est
1465 1647 1696 1710 tutoris
1719 1652 1874 1710 dolo
1894 1649 1961 1725 ¹¹)
1990 1669 2006 1709 ε
2035 1648 2124 1711 sio
2151 1657 2365 1726 agenti
2395 1659 2605 1716 obstat
2634 1660 2875 1734 pupillo
2899 1663 3035 1721 doli

239 1751 533 1823 exceptio
570 1745 656 1823 ¹²).
691 1752 925 1807 Contra
952 1763 1111 1806 vero
1141 1763 1272 1806 non
1299 1749 1505 1805 solum
1546 1748 1597 1806 si
1624 1754 1805 1806 extra
1832 1749 2054 1821 pupilli
2081 1753 2360 1810 rationes
2395 1754 2547 1812 dolo
2589 1756 2826 1829 aliquid
2854 1763 3035 1816 tutor

239 1842 656 1920 commiserit,
685 1845 817 1918 ipse
840 1859 1113 1917 poenam
1145 1840 1323 1903 dabit
1349 1841 1440 1917 ιδ),
1472 1845 1584 1901 sed
1602 1845 1795 1902 etiam
1817 1846 1883 1902 in
1907 1845 2043 1918 ipsa
2066 1861 2283 1906 rerum
2313 1851 2718 1921 pupillarium
2762 1853 3030 1916 admini-

238 1942 586 2012 stratione.
628 1940 678 2003 si
709 1946 884 2017 quod
923 1945 1226 2003 damnum
1257 1950 1568 2003 extraneo
1608 1945 1837 2003 tutoris
1865 1945 2038 2004 facto
2067 1940 2225 2005 illito
2251 1949 2473 2008 datum
2516 1958 2644 2027 est,
2677 1953 2740 2010 id
2778 1971 2911 2014 non
2951 1959 3034 2015 ad

237 2044 463 2116 pupilli
488 2043 953 2105 calamitatem,
981 2057 1206 2099 verum
1237 2042 1320 2099 ad
1355 2041 1641 2099 extranei
1670 2041 2124 2100 detrimentum
2155 2042 2380 2103 referri
2407 2047 2628 2115 dehet.
2659 2050 2750 2108 sic
2781 2058 3030 2128 tamen,

234 2146 309 2197 ut
334 2139 481 2198 huic
507 2139 896 2196 mandentur
923 2153 961 2196 a
985 2138 1255 2217 pupillo,
1290 2132 1342 2195 si
1369 2153 1526 2210 quas
1549 2136 2070 2197 habetadversus
2097 2146 2378 2199 tutorem
2405 2143 2690 2202 actiones
2714 2141 2800 2219 ¹⁴).

234 2324 403 2398 §005
435 2321 519 2396 .2)
558 2321 642 2377 De
665 2319 957 2378 minorum
988 2318 1056 2378 in
1081 2319 1373 2395 intoqrum
1423 2319 1783 2413 restitutione
1821 2318 1921 2396 (²⁸¹).
1946 2317 2007 2391 a)
2057 2318 2201 2396 Ejus
2244 2329 2300 2378 ot
2347 2337 2548 2381 causac
2594 2331 2656 2382 et·
2689 2324 3033 2388 conditiones

242 2443 249 2446 ,
1440 2418 1799 2461 necessariae.

317 2582 645 2659 Quoniam.
666 2600 921 2649 necesse
952 2599 1082 2645 non
1110 2590 1242 2659 est,
1283 2581 1556 2642 rescindi
1584 2596 1695 2649 ea,
1729 2594 1900 2652 quae
1923 2578 2059 2654 jam
2095 2596 2213 2638 sua
2241 2589 2468 2654 sponte
2493 2600 2623 2643 non
2654 2585 2900 2666 valent,
2930 2607 3030 2648 se-

233 2685 456 2759 quitur
479 2726 495 2752 ‚
537 2693 611 2743 ut
651 2688 955 2744 adversus
990 2701 1103 2752 ea,
1147 2698 1311 2757 quae
1347 2699 1385 2741 a
1425 2678 1777 2739 minoribus
1813 2687 1989 2750 gesta
2020 2688 2201 2751 sunt,
2250 2698 2385 2741 non
2422 2683 2702 2745 adhibita
2743 2696 3031 2749 tutorum

232 2793 692 2845 curatorumve
712 2779 1095 2844 auctoritate
1112 2826 1129 2852 ‚
1161 2789 1476 2856 quatenus
1501 2779 1762 2839 omnino
1789 2794 1864 2836 ca
1900 2781 2257 2838 necessaria
2277 2778 2358 2839 sit
2383 2784 2562 2857 (not.
2592 2788 2653 2844 1.
2678 2787 2743 2844 in
2772 2788 2809 2845 f.
2833 2788 2875 2860 )‚
2911 2806 3032 2850 nec

236 2880 577 2939 observata
611 2881 843 2955 forma,
871 2881 921 2938 si
950 2895 1079 2952 qua
1100 2886 1198 2936 est
1222 2873 1462 2949 legibus
1485 2876 1897 2948 praescripta,
1928 2876 2186 2934 minime
2209 2892 2368 2949 opus
2387 2880 2467 2937 sit
2499 2881 2564 2938 in
2592 2881 2910 2955 integrum
2930 2901 3035 2944 re·-

232 2977 567 3036 stitutione
612 2974 676 3048 ¹).
706 2971 1123 3049 caeteroquin
1157 2975 1453 3032 latissime
1484 2977 1662 3046 patet
1686 2972 1886 3029 hocce
1914 2973 2230 3031 minorum
2258 2976 2660 3036 beneficium.
2692 2983 2846 3037 Nam
2868 3022 2884 3050 ,
2918 2983 3031 3039 ubi

233 3088 368 3130 non
397 3074 662 3145 deliquit
691 3075 899 3131 minor
930 3069 1001 3146 ²),
1041 3087 1160 3129 nec
1203 3085 1446 3144 poenas
1474 3068 1765 3144 persequi
1794 3067 1945 3124 velit
1979 3067 2051 3142 ³),
2083 3070 2387 3129 adversus
2423 3074 2689 3145 quodvis
2721 3075 3029 3134 damnum

232 3174 794 3233 incommodumve
823 3175 1200 3247 plerumque
1222 3169 1266 3245 ⁴)
1301 3167 1358 3229 ei
1387 3169 1820 3237 succurritur,
1858 3167 1985 3225 sive
2009 3167 2250 3226 factum
2285 3171 2522 3244 aliquid
2553 3175 2632 3231 sit
2668 3180 3026 3246 gestumve,

233 3279 349 3331 aut
379 3275 460 3331 ab
487 3273 659 3350 ipse,
690 3281 804 3332 aut
833 3289 980 3333 cum
1022 3288 1101 3331 eo
1123 3314 1141 3342 ,
1185 3271 1314 3330 sive
1359 3270 1715 3329 omittendo
1748 3269 2054 3325 damnum
2093 3268 2284 3327 suerit
2321 3272 2544 3331 datum
2594 3273 2669 3347 ὃ),
2726 3276 3027 3334 adversus

296 3453 347 3513 3)
366 3457 418 3503 L.
435 3454 484 3502 9.
506 3468 582 3515 pr.
607 3456 674 3503 de
692 3456 829 3502 adm.
853 3459 954 3502 tut.
977 3481 1037 3490 —-
1058 3457 1111 3503 1..
1132 3454 1181 3501 6.
1204 3457 1258 3500 D.
1282 3456 1337 3501 Ιι.
1360 3454 1521 3501 t.-1..
1545 3454 1593 3498 2.
1659 3454 1812 3499 nostri
1834 3456 2076 3499 auctores.
2102 3454 2428 3503 conserantur
2450 3459 2577 3503 inter
2596 3470 2647 3504 se
2669 3460 2720 3507 hi
2742 3460 2836 3507 loci
2858 3477 2868 3506 :
2898 3462 2949 3507 L.
2975 3463 3022 3511 1.

228 3515 279 3564 4.
308 3520 361 3563 C.
382 3520 608 3576 eod.v(cl'.
636 3519 889 3566 Auctoris
910 3520 1100 3566 Cession
1124 3516 1241 3575 814.
1266 3520 1394 3565 unt.
1418 3531 1466 3577 p.
1484 3514 1591 3562 136.
1658 3522 1707 3561 et
1728 3515 1777 3563 ὃ.
1807 3518 1864 3564 1).
1897 3513 1949 3560 lt.
1975 3518 2011 3560 t.
2030 3517 2142 3563 —L.
2167 3520 2259 3565 ult.
2284 3519 2337 3566 D.
2363 3518 2431 3565 de
2449 3520 2590 3569 adm.
2614 3523 2832 3569 tute-L.
2856 3525 2905 3571 5.
2930 3524 2955 3578 S
2977 3524 3003 3569 1

227 3579 313 3626 ed.
337 3579 425 3637 3.).
1659 3579 1712 3624 D.
1736 3579 1806 3625 de
1826 3576 1945 3626 trib.
1966 3580 2073 3625 act.
2097 3580 2238 3638 (xlv,
2258 3579 2572 3639 4.)-1..198.
2600 3585 2653 3630 1).
2674 3584 2742 3632 de
2770 3596 2882 3645 req.
2903 3587 3024 3640 Jur-

295 3641 347 3697 4)
371 3645 425 3690 L.
449 3643 526 3691 43.
544 3644 568 3699 ς
588 3642 634 3690 1.
657 3646 710 3690 D.
726 3643 942 3690 deadm.
957 3641 1238 3691 tut—vid.
1256 3643 1416 3691 Glt‘ae'ck
1440 3640 1591 3688 Pand.
1658 3640 1922 3697 —cujacii
1945 3640 2052 3688 obs.
2073 3644 2216 3700 xxv,
2238 3641 2598 3692 50.—Me1·e·ut·t
2619 3648 2821 3695 variant.
2844 3660 2902 3694 ex
2927 3650 3027 3694 Cu-

226 3706 382 3752 xxx.
407 3719 455 3764 p.
481 3705 573 3753 196
592 3718 699 3765 sqq.
721 3711 823 3752 not.
848 3704 929 3751 94.
1646 3705 1760 3758 jac.
1799 3706 1837 3757 l,
1856 3700 2182 3750 5⁴.-—-Noodt
2199 3713 2459 3754 comment.
2481 3709 2542 3755 ad
2565 3708 2616 3754 h.
2641 3714 2680 3755 t.
2701 3712 2727 3766 ς
2749 3712 2821 3757 At
2840 3721 3024 3768 quem-

296 3764 349 3824 5)
371 3769 423 3814 L.
449 3767 493 3825 1ε
515 3773 541 3826 s
562 3768 611 3814 Ξ.
638 3771 691 3815 D.
717 3769 785 3814 de
804 3767 946 3814 adm.
969 3769 1189 3815 tute-L.
1210 3764 1290 3814 28.
1316 3779 1391 3825 pr.
1406 3768 1458 3813 C.
1474 3764 1588 3813 eod.
1662 3766 1950 3812 admodum
1974 3773 2022 3811 et
2039 3770 2065 3822 S
2088 3766 2211 3813 Alio
2246 3768 2671 3818 tamem—otim
2691 3772 2839 3818 Pand.
2860 3773 3021 3819 xxxi.

226 3830 312 3886 (V,
334 3828 575 3886 37.)—cf.
603 3837 706 3877 not.
732 3843 835 3889 seq.
1621 3838 1624 3841 ’
1662 3840 1710 3886 p.
1734 3827 1941 3875 27-55.
1960 3829 2057 3884 (ur.
2079 3828 2172 3887 6.).

293 3891 348 3947 6)
369 3892 444 3938 Cl'.
466 3893 514 3938 L.
538 3892 615 3941 43.
641 3906 713 3949 pr.
738 3895 791 3939 D.
814 3892 882 3938 de
902 3892 1044 3939 adm.
1078 3894 1299 3938 tut.—L.
1321 3890 1370 3938 5.
1388 3889 1439 3938 7.
1464 3889 1511 3938 8.
1539 3894 1600 3938 D.

218 3953 278 3999 h.
309 3956 473 3999 t.—l,.
500 3953 545 4001 1.
571 3960 619 4001 et
640 3953 689 4001 8.
714 3956 766 4001 C.
791 3955 844 4001 lt.
870 3957 972 3999 t.—-
987 3957 1037 4000 1..
1064 3952 1140 4000 15.
1164 3956 1217 4002 C.
1241 3954 1309 4000 de
1330 3953 1471 4001 adm.
1496 3957 1597 4001 tut.
2255 3956 2282 4009 S
2318 3953 2432 4003 605.

224 4017 354 4061 —L.
381 4015 461 4064 26.
487 4019 603 4065 eod.

292 4076 347 4135 7)
381 4080 434 4125 1..
469 4076 516 4125 5.
554 4093 628 4138 pr.
663 4084 712 4125 et
743 4081 769 4134 S
804 4080 847 4125 1.
894 4079 947 4123 D.
983 4077 1039 4125 le.
1077 4081 1113 4125 t.
1136 4101 1197 4112 —-
1236 4079 1286 4124 1..
1324 4075 1402 4125 15.
1438 4078 1492 4124 C.
1529 4078 1597 4125 de
1723 4078 1783 4131 (⁸)
1809 4079 1910 4136 Dig.
1936 4080 2035 4135 (lv,
2058 4076 2212 4129 ⁴.)de
2248 4079 2538 4127 minoribus
2568 4079 3026 4140 vigintiquinque

221 4139 383 4186 adm.
407 4145 504 4188 tut.
1662 4139 1837 4185 annis.
1877 4167 1933 4173 —
1966 4142 2087 4189 Cod.
2109 4144 2187 4199 (ΙΙ,
2203 4140 2303 4200 22.)
2325 4142 2466 4189 dein
2490 4144 2586 4188 int.
2609 4147 2739 4190 rest.
2762 4147 2948 4194 minor.
2964 4169 3025 4177 --

294 4201 348 4259 8)
370 4206 424 4250 L.
446 4203 494 4250 5.
517 4204 543 4258 ς
565 4203 596 4249 7
602 4200 709 4250 -9,
731 4206 785 4250 D.
805 4204 873 4250 de
888 4214 1003 4258 pec.
1028 4206 1196 4250 comt.
1221 4203 1363 4260 (xm,
1386 4200 1454 4260 5.)
1660 4202 1961 4249 Bne-chara}
1992 4206 2071 4251 die
2114 4205 2265 4251 Labi-e
2306 4216 2401 4250 von
2426 4206 2513 4251 der
2542 4205 3029 4263 wiederelnsetmng

296 4268 350 4315 9)
373 4270 484 4323 Arg.
507 4266 561 4311 L.
582 4266 632 4312 9.
662 4278 735 4323 pr.
782 4268 837 4313 D.
878 4265 947 4312 de
984 4265 1125 4311 adm.
1170 4268 1269 4313 tut.
1306 4289 1363 4298 ·-—
1401 4266 1454 4309 L.
1476 4264 1524 4309 2.
1547 4262 1596 4312 3.
1664 4265 1713 4307 in
1745 4264 1841 4309 den
1876 4267 2068 4323 vorigen
2109 4266 2279 4313 Stand.
2326 4267 2352 4321 s
2397 4265 2456 4314 13
2492 4279 2601 4325 sqq.
2626 4269 2777 4315 —CL
2802 4275 2850 4316 et
2880 4281 3028 4328 supi-a

222 4332 285 4376 1..
322 4327 375 4376 4.
411 4342 483 4386 pr.
530 4330 584 4374 D.
629 4340 757 4375 rem.
782 4341 906 4387 pup.
934 4340 984 4374 v.
1014 4328 1245 4377 adolesc.
1292 4327 1425 4374 salv.
1462 4324 1596 4379 fore.
1667 4326 1692 4378 S
1716 4322 1827 4370 574.
2279 4336 2282 4339 ·
2641 4368 2644 4373 ,

218 4390 498 4450 (val,6.)
1730 4386 1776 4442 1)
1799 4389 1851 4433 L.
1874 4387 1950 4435 16.
1978 4402 2049 4445 pr.
2079 4392 2134 4436 D.
2156 4389 2207 4435 h.
2229 4391 2386 4437 t.--L.
2411 4392 2457 4439 2.
2478 4392 2530 4437 C.
2555 4392 2674 4443 eod.
2705 4414 2755 4426 -··
2783 4396 2859 4445 Cf.
2882 4404 3027 4451 supra

250 4496 255 4505 ,
299 4456 379 4511 10)
405 4451 522 4501 1..ὃ.
549 4464 622 4511 pr.
650 4454 704 4498 D.
729 4453 783 4499 Ιι.
806 4456 845 4498 t.
1659 4446 1816 4504 3591.
1841 4458 1945 4497 not.
1970 4451 2018 4499 5.
2597 4482 2598 4485 κ

297 4516 451 4570 11)1..
477 4512 552 4561 15.
580 4528 654 4572 pr.
681 4516 734 4562 D.
755 4514 825 4560 de
844 4514 962 4561 dolo
982 4515 1143 4561 malo.
1167 4514 1247 4570 (lv
1269 4547 1289 4571 ,
1305 4511 1493 4568 5.)—1..
1515 4510 1595 4558 15.
1725 4512 1774 4565 2)
1793 4513 1845 4557 L.
1861 4515 1908 4559 9.
1936 4528 2007 4572 pr.
2035 4517 2088 4561 D.
2110 4514 2306 4569 dejur.
2341 4518 2397 4560 et
2428 4513 2560 4568 sacti
2580 4515 2750 4576 ἕρπον.
2767 4518 2932 4573 (Xxll,
2951 4514 3024 4574 Β.)

216 4582 251 4636 s
274 4577 327 4625 7.
354 4580 408 4625 D.
434 4578 570 4624 dea.
593 4589 639 4624 e.
663 4588 711 4623 υ.
739 4578 881 4631 (xlx,
912 4578 1096 4633 1.)-L.
1120 4576 1169 4623 5.
1196 4579 1250 4623 D.
1277 4576 1328 4622 Ιι.
1352 4578 1388 4620 t.
1665 4597 1719 4606 —-
1749 4574 1801 4619 1..
1830 4573 1877 4620 9.
1901 4577 1927 4630 s
1948 4578 1996 4623 2.
2020 4586 2065 4622 et
2088 4577 2137 4623 5.
2165 4579 2218 4625 L.
2244 4575 2324 4623 52.
2357 4578 2449 4631 St.
2474 4580 2523 4625 iu
2548 4581 2676 4627 med.
2705 4605 2758 4613 —-
2787 4582 2838 4627 L.
2862 4578 2942 4628 44.
2966 4581 3020 4626 D.

294 4641 378 4698 12)
401 4640 453 4687 L.
474 4637 522 4685 4.
545 4637 668 4694 323.
698 4641 749 4685 D.
774 4639 840 4685 de
860 4640 969 4686 doli
992 4638 1118 4686 mati
1136 4651 1254 4686 exc.
1661 4637 1711 4682 Ιι.
1738 4639 1942 4685 t.--Tit.
1963 4641 2078 4686 Cod.
2102 4639 2150 4685 εἰ
2168 4641 2431 4687 adversus
2452 4640 2719 4689 delictum.
2739 4644 2817 4702 (ll,
2836 4640 2937 4700 55.)
2960 4660 3022 4678 —a

294 4706 376 4760 13)
401 4705 452 4749 L.
476 4699 524 4747 4.
572 4703 623 4747 D.
670 4702 722 4748 Ιι.
774 4707 812 4749 t.
856 4703 870 4754 (
894 4701 1064 4748 Noodt
1093 4703 1359 4748 comment.
1383 4703 1445 4748 ad
1481 4701 1533 4746 h.
1559 4705 1595 4747 t.
1661 4697 1938 4760 Schultinq
1959 4713 2122 4749 enarr.
2148 4708 2275 4759 part.
2297 4706 2333 4749 Ι.
2358 4703 2462 4760 Dig.
2484 4704 2535 4749 la.
2558 4709 2594 4750 t.
2616 4707 2641 4761 ς
2660 4701 2710 4752 9.

216 4768 249 4821 ς
278 4770 357 4813 At
377 4764 976 4823 quemadmodum.)-L.
1001 4776 1085 4809 un.
1110 4766 1135 4818 s
1156 4763 1204 4811 2.
1231 4767 1284 4810 D.
1303 4763 1351 4808 sl
1371 4765 1602 4820 quesjus
1727 4760 1776 4812 ὅ)
1794 4763 1848 4808 L.
1877 4761 1956 4810 57.
1980 4776 2055 4822 pr.
2086 4766 2140 4811 D.
2163 4763 2217 4811 Ιι.
2240 4767 2276 4811 t.

216 4828 333 4875 dic.
363 4840 471 4873 non
496 4824 956 4882 obtemperaverit.
979 4827 1065 4884 (ll,
1086 4828 1134 4872 3.
1160 4830 1175 4884 )
1208 4850 1268 4860 -—
1302 4826 1354 4872 L.
1379 4824 1427 4874 4.
1453 4829 1508 4874 D.
1533 4826 1602 4872 de
1726 4822 1775 4881 4)
1794 4825 1906 4871 vid.
1931 4832 2148 4873 context.
2168 4839 2243 4874 nr.
2270 4825 2316 4872 1.
2341 4831 2387 4872 et
2409 4826 2458 4873 ἓ.

216 4891 402 4938 tabat.
426 4888 599 4935 exhib.
622 4889 798 4945 (xLlll‚
817 4885 887 4945 5.)
1718 4885 1766 4945 5)
1787 4888 1840 4932 1..
1860 4889 1906 4934 1.
1930 4903 2005 4947 pr.
2033 4891 2084 4935 L.
2110 4886 2190 4936 44.
2217 4891 2271 4939 D.
2296 4889 2410 4938 lut.
2439 4912 2498 4925 -·
2522 4891 2621 4939 Tit.
2663 4890 2782 4938 Cod.
2803 4891 2849 4940 si
2869 4894 3013 4939 tutor·

294 4950 375 5009 14)
395 4954 498 5007 Qua
521 4952 581 4998 de
603 4962 655 4997 re
678 4952 910 4997 dissensio
930 4951 1121 4999 videtur
1139 4951 1283 4999 fuisse
1305 4947 1439 5000 inter
1465 4951 1589 5008 juris
1654 4952 1741 4999 vel
1759 4954 1990 5000 curator
2009 4952 2379 5003 intervenerit.
2402 4952 2492 5016 (11,
2514 4951 2736 5011 25.)--1..
2755 4952 2805 5001 5.
2823 4959 2872 5002 et
2888 4951 2936 5004 8.
2957 4955 3026 5003 C.‹

2627 5042 2704 5097 70
