<?xml version="1.0" encoding="UTF-8"?>
<!DOCTYPE html PUBLIC "-//W3C//DTD XHTML 1.0 Transitional//EN"
    "http://www.w3.org/TR/xhtml1/DTD/xhtml1-transitional.dtd">
<html xmlns="http://www.w3.org/1999/xhtml" xml:lang="en" lang="en">
 <head>
  <title>
</title>
<meta http-equiv="Content-Type" content="text/html;charset=utf-8" />
  <meta name='ocr-system' content='tesseract 3.04.00' />
  <meta name='ocr-capabilities' content='ocr_page ocr_carea ocr_par ocr_line ocrx_word'/>
</head>
<body>
  <div class='ocr_page' id='page_1' title='image "./doctrinapandect03mhgoog_0231.png"; bbox 0 0 3544 5506; ppageno 0'>
   <div class='ocr_carea' id='block_1_1' title="bbox 1127 346 3087 404">
    <p class='ocr_par' dir='ltr' id='par_1_1' title="bbox 1127 346 3087 404">
     <span class='ocr_line' id='line_1_1' title="bbox 1127 346 3087 404; baseline 0.007 -14"><span class='ocrx_word' id='word_1_1' title='bbox 1127 350 1261 391; x_wconf 53' lang='lat' dir='ltr'><strong>car.</strong></span> <span class='ocrx_word' id='word_1_2' title='bbox 1305 352 1349 391; x_wconf 88' lang='lat' dir='ltr'><strong>t.</strong></span> <span class='ocrx_word' id='word_1_3' title='bbox 1391 352 1466 392; x_wconf 76' lang='lat' dir='ltr'><strong>ue</strong></span> <span class='ocrx_word' id='word_1_4' title='bbox 1512 352 1725 395; x_wconf 68' lang='lat' dir='ltr'><strong>annun</strong></span> <span class='ocrx_word' id='word_1_5' title='bbox 1765 350 2077 395; x_wconf 68' lang='grc' dir='ltr'><strong>υινιεῐοη</strong></span> <span class='ocrx_word' id='word_1_6' title='bbox 2115 355 2246 395; x_wconf 78' lang='lat' dir='ltr'><strong>m-c.</strong></span> <span class='ocrx_word' id='word_1_7' title='bbox 2975 346 3087 404; x_wconf 77' lang='grc'><strong>209</strong></span> 
     </span>
    </p>
   </div>
   <div class='ocr_carea' id='block_1_2' title="bbox 279 460 3091 741">
    <p class='ocr_par' dir='ltr' id='par_1_2' title="bbox 279 460 3091 741">
     <span class='ocr_line' id='line_1_2' title="bbox 279 460 3089 541; baseline 0.005 -23"><span class='ocrx_word' id='word_1_8' title='bbox 279 475 493 519; x_wconf 87' lang='lat' dir='ltr'><strong>rerum</strong></span> <span class='ocrx_word' id='word_1_9' title='bbox 525 460 1008 530; x_wconf 67' lang='lat' dir='ltr'><strong>universitates,</strong></span> <span class='ocrx_word' id='word_1_10' title='bbox 1060 468 1381 534; x_wconf 88' lang='lat' dir='ltr'><strong>quatenus</strong></span> <span class='ocrx_word' id='word_1_11' title='bbox 1408 462 1667 535; x_wconf 89' lang='lat' dir='ltr'><strong>quidem</strong></span> <span class='ocrx_word' id='word_1_12' title='bbox 1704 478 1836 522; x_wconf 89' lang='lat' dir='ltr'><strong>non</strong></span> <span class='ocrx_word' id='word_1_13' title='bbox 1865 466 2142 536; x_wconf 85' lang='lat' dir='ltr'><strong>singulas</strong></span> <span class='ocrx_word' id='word_1_14' title='bbox 2175 480 2312 541; x_wconf 87' lang='lat' dir='ltr'><strong>res,</strong></span> <span class='ocrx_word' id='word_1_15' title='bbox 2363 468 2473 524; x_wconf 88' lang='lat' dir='ltr'><strong>sed</strong></span> <span class='ocrx_word' id='word_1_16' title='bbox 2503 463 2871 528; x_wconf 83' lang='lat' dir='ltr'><strong>universum</strong></span> <span class='ocrx_word' id='word_1_17' title='bbox 2909 474 3089 531; x_wconf 84' lang='lat' dir='ltr'><strong>velut</strong></span> 
     </span>
     <span class='ocr_line' id='line_1_3' title="bbox 285 555 3091 639; baseline 0.005 -21"><span class='ocrx_word' id='word_1_18' title='bbox 285 574 520 634; x_wconf 86' lang='lat' dir='ltr'><strong>corpus</strong></span> <span class='ocrx_word' id='word_1_19' title='bbox 558 555 1016 633; x_wconf 76' lang='lat' dir='ltr'><strong>intueamur⁴)‚</strong></span> <span class='ocrx_word' id='word_1_20' title='bbox 1060 568 1127 619; x_wconf 89' lang='lat' dir='ltr'><strong>et</strong></span> <span class='ocrx_word' id='word_1_21' title='bbox 1156 577 1378 620; x_wconf 91' lang='lat' dir='ltr'><strong>rerum</strong></span> <span class='ocrx_word' id='word_1_22' title='bbox 1407 559 1803 634; x_wconf 80' lang='lat' dir='ltr'><strong>tungibilium</strong></span> <span class='ocrx_word' id='word_1_23' title='bbox 1830 607 1848 638; x_wconf 90' lang='lat'>‚</span> <span class='ocrx_word' id='word_1_24' title='bbox 1877 579 2045 635; x_wconf 84' lang='lat' dir='ltr'><strong>quae</strong></span> <span class='ocrx_word' id='word_1_25' title='bbox 2078 571 2397 623; x_wconf 84' lang='lat' dir='ltr'><strong>vocantur</strong></span> <span class='ocrx_word' id='word_1_26' title='bbox 2423 569 2502 638; x_wconf 77' lang='lat'><strong>⁵),</strong></span> <span class='ocrx_word' id='word_1_27' title='bbox 2552 565 2961 639; x_wconf 79' lang='lat' dir='ltr'><strong>quantitates.</strong></span> <span class='ocrx_word' id='word_1_28' title='bbox 2994 576 3091 630; x_wconf 85' lang='lat' dir='ltr'><strong>Ita</strong></span> 
     </span>
     <span class='ocr_line' id='line_1_4' title="bbox 280 660 3090 741; baseline 0.004 -22"><span class='ocrx_word' id='word_1_29' title='bbox 280 660 446 719; x_wconf 87' lang='lat' dir='ltr'><strong>enim</strong></span> <span class='ocrx_word' id='word_1_30' title='bbox 475 660 870 732; x_wconf 75' lang='lat' dir='ltr'><strong>appellamus</strong></span> <span class='ocrx_word' id='word_1_31' title='bbox 899 675 1027 735; x_wconf 87' lang='lat' dir='ltr'><strong>res,</strong></span> <span class='ocrx_word' id='word_1_32' title='bbox 1053 676 1243 733; x_wconf 87' lang='lat' dir='ltr'><strong>quae.</strong></span> <span class='ocrx_word' id='word_1_33' title='bbox 1267 662 1330 719; x_wconf 92' lang='lat' dir='ltr'><strong>in</strong></span> <span class='ocrx_word' id='word_1_34' title='bbox 1350 662 1808 734; x_wconf 72' lang='lat' dir='ltr'><strong>obligationem</strong></span> <span class='ocrx_word' id='word_1_35' title='bbox 1836 664 2179 736; x_wconf 85' lang='lat' dir='ltr'><strong>deductae,</strong></span> <span class='ocrx_word' id='word_1_36' title='bbox 2208 666 2371 723; x_wconf 87' lang='lat' dir='ltr'><strong>aliae</strong></span> <span class='ocrx_word' id='word_1_37' title='bbox 2399 681 2521 738; x_wconf 91' lang='lat' dir='ltr'><strong>pro</strong></span> <span class='ocrx_word' id='word_1_38' title='bbox 2550 664 2711 741; x_wconf 84' lang='lat' dir='ltr'><strong>aliis,</strong></span> <span class='ocrx_word' id='word_1_39' title='bbox 2737 669 3090 729; x_wconf 89' lang='lat' dir='ltr'><strong>dummodo</strong></span> 
     </span>
    </p>
   </div>
   <div class='ocr_carea' id='block_1_3' title="bbox 281 753 3095 931">
    <p class='ocr_par' dir='ltr' id='par_1_3' title="bbox 281 753 3095 931">
     <span class='ocr_line' id='line_1_5' title="bbox 281 753 3087 836; baseline 0.004 -21"><span class='ocrx_word' id='word_1_40' title='bbox 281 753 403 815; x_wconf 90' lang='lat' dir='ltr'><strong>sint</strong></span> <span class='ocrx_word' id='word_1_41' title='bbox 419 772 494 814; x_wconf 85' lang='lat' dir='ltr'><strong>ex</strong></span> <span class='ocrx_word' id='word_1_42' title='bbox 522 758 750 815; x_wconf 89' lang='lat' dir='ltr'><strong>eodem</strong></span> <span class='ocrx_word' id='word_1_43' title='bbox 781 771 1018 828; x_wconf 78' lang='lat' dir='ltr'><strong>genere</strong></span> <span class='ocrx_word' id='word_1_44' title='bbox 1054 758 1473 831; x_wconf 87' lang='lat' dir='ltr'><strong>ejusdemque</strong></span> <span class='ocrx_word' id='word_1_45' title='bbox 1504 760 1849 833; x_wconf 77' lang='lat' dir='ltr'><strong>qualitatis,</strong></span> <span class='ocrx_word' id='word_1_46' title='bbox 1881 754 2040 817; x_wconf 85' lang='lat' dir='ltr'><strong>solvi</strong></span> <span class='ocrx_word' id='word_1_47' title='bbox 2082 761 2392 834; x_wconf 78' lang='lat' dir='ltr'><strong>reddique</strong></span> <span class='ocrx_word' id='word_1_48' title='bbox 2420 770 2709 836; x_wconf 86' lang='lat' dir='ltr'><strong>possunt.</strong></span> <span class='ocrx_word' id='word_1_49' title='bbox 2744 764 2914 824; x_wconf 83' lang='lat' dir='ltr'><strong>Licet</strong></span> <span class='ocrx_word' id='word_1_50' title='bbox 2932 781 3087 827; x_wconf 81' lang='lat' dir='ltr'><strong>vero</strong></span> 
     </span>
     <span class='ocr_line' id='line_1_6' title="bbox 282 848 3095 931; baseline 0.005 -21"><span class='ocrx_word' id='word_1_51' title='bbox 282 853 360 910; x_wconf 86' lang='lat' dir='ltr'><strong>ad</strong></span> <span class='ocrx_word' id='word_1_52' title='bbox 389 868 492 912; x_wconf 87' lang='lat' dir='ltr'><strong>res</strong></span> <span class='ocrx_word' id='word_1_53' title='bbox 535 848 870 924; x_wconf 78' lang='lat' dir='ltr'><strong>sungibiles</strong></span> <span class='ocrx_word' id='word_1_54' title='bbox 906 855 1290 928; x_wconf 90' lang='lat' dir='ltr'><strong>plerumque</strong></span> <span class='ocrx_word' id='word_1_55' title='bbox 1332 854 1459 912; x_wconf 86' lang='lat' dir='ltr'><strong>sint</strong></span> <span class='ocrx_word' id='word_1_56' title='bbox 1501 854 1886 914; x_wconf 77' lang='lat' dir='ltr'><strong>referendae</strong></span> <span class='ocrx_word' id='word_1_57' title='bbox 1925 871 2068 926; x_wconf 88' lang='lat' dir='ltr'><strong>res,</strong></span> <span class='ocrx_word' id='word_1_58' title='bbox 2122 872 2291 929; x_wconf 90' lang='lat' dir='ltr'><strong>quae</strong></span> <span class='ocrx_word' id='word_1_59' title='bbox 2335 860 2625 931; x_wconf 89' lang='lat' dir='ltr'><strong>pondere</strong></span> <span class='ocrx_word' id='word_1_60' title='bbox 2652 901 2667 927; x_wconf 92' lang='lat'><strong>,</strong></span> <span class='ocrx_word' id='word_1_61' title='bbox 2711 876 2986 921; x_wconf 90' lang='lat' dir='ltr'><strong>numero</strong></span> <span class='ocrx_word' id='word_1_62' title='bbox 3028 870 3095 923; x_wconf 91' lang='lat' dir='ltr'><strong>et</strong></span> 
     </span>
    </p>
   </div>
   <div class='ocr_carea' id='block_1_4' title="bbox 279 956 3097 1519">
    <p class='ocr_par' dir='ltr' id='par_1_4' title="bbox 279 956 3097 1519">
     <span class='ocr_line' id='line_1_7' title="bbox 282 956 3095 1028; baseline 0.003 -18"><span class='ocrx_word' id='word_1_63' title='bbox 282 967 582 1012; x_wconf 88' lang='lat' dir='ltr'><strong>mensura</strong></span> <span class='ocrx_word' id='word_1_64' title='bbox 611 958 907 1011; x_wconf 87' lang='lat' dir='ltr'><strong>constant</strong></span> <span class='ocrx_word' id='word_1_65' title='bbox 925 995 943 1026; x_wconf 92' lang='lat'><strong>,</strong></span> <span class='ocrx_word' id='word_1_66' title='bbox 974 959 1173 1026; x_wconf 90' lang='lat' dir='ltr'><strong>atque</strong></span> <span class='ocrx_word' id='word_1_67' title='bbox 1200 969 1277 1012; x_wconf 86' lang='lat' dir='ltr'><strong>ex</strong></span> <span class='ocrx_word' id='word_1_68' title='bbox 1302 956 1575 1013; x_wconf 87' lang='lat' dir='ltr'><strong>caeteris</strong></span> <span class='ocrx_word' id='word_1_69' title='bbox 1601 969 1718 1012; x_wconf 84' lang='lat' dir='ltr'><strong>eae</strong></span> <span class='ocrx_word' id='word_1_70' title='bbox 1738 995 1754 1023; x_wconf 94' lang='lat'><strong>,</strong></span> <span class='ocrx_word' id='word_1_71' title='bbox 1791 970 1958 1028; x_wconf 88' lang='lat' dir='ltr'><strong>quae</strong></span> <span class='ocrx_word' id='word_1_72' title='bbox 1984 971 2105 1012; x_wconf 89' lang='lat' dir='ltr'><strong>usu</strong></span> <span class='ocrx_word' id='word_1_73' title='bbox 2137 963 2609 1015; x_wconf 88' lang='lat' dir='ltr'><strong>consumuntur</strong></span> <span class='ocrx_word' id='word_1_74' title='bbox 2640 965 2752 1015; x_wconf 90' lang='lat' dir='ltr'><strong>aut</strong></span> <span class='ocrx_word' id='word_1_75' title='bbox 2790 956 3095 1019; x_wconf 91' lang='lat' dir='ltr'><strong>minuun-</strong></span> 
     </span>
     <span class='ocr_line' id='line_1_8' title="bbox 281 1048 3097 1129; baseline 0.004 -20"><span class='ocrx_word' id='word_1_76' title='bbox 281 1058 390 1109; x_wconf 89' lang='lat' dir='ltr'><strong>tur</strong></span> <span class='ocrx_word' id='word_1_77' title='bbox 407 1048 449 1116; x_wconf 65' lang='grc'><strong>6&gt;</strong></span> <span class='ocrx_word' id='word_1_78' title='bbox 471 1096 488 1122; x_wconf 89' lang='grc'><em>,</em></span> <span class='ocrx_word' id='word_1_79' title='bbox 512 1052 913 1124; x_wconf 77' lang='lat' dir='ltr'><strong>privatorum</strong></span> <span class='ocrx_word' id='word_1_80' title='bbox 939 1061 1158 1112; x_wconf 88' lang='lat' dir='ltr'><strong>tamen</strong></span> <span class='ocrx_word' id='word_1_81' title='bbox 1203 1061 1302 1114; x_wconf 87' lang='lat' dir='ltr'><strong>est</strong></span> <span class='ocrx_word' id='word_1_82' title='bbox 1327 1053 1598 1113; x_wconf 88' lang='lat' dir='ltr'><strong>liberum</strong></span> <span class='ocrx_word' id='word_1_83' title='bbox 1633 1050 1971 1112; x_wconf 85' lang='lat' dir='ltr'><strong>arbitrium</strong></span> <span class='ocrx_word' id='word_1_84' title='bbox 1997 1055 2356 1124; x_wconf 87' lang='lat' dir='ltr'><strong>statuendi,</strong></span> <span class='ocrx_word' id='word_1_85' title='bbox 2401 1057 2554 1129; x_wconf 88' lang='lat' dir='ltr'><strong>quid</strong></span> <span class='ocrx_word' id='word_1_86' title='bbox 2583 1057 2648 1113; x_wconf 93' lang='lat' dir='ltr'><strong>in</strong></span> <span class='ocrx_word' id='word_1_87' title='bbox 2680 1058 2905 1129; x_wconf 82' lang='lat' dir='ltr'><strong>quovis</strong></span> <span class='ocrx_word' id='word_1_88' title='bbox 2933 1057 3097 1119; x_wconf 89' lang='lat' dir='ltr'><strong>obli-</strong></span> 
     </span>
     <span class='ocr_line' id='line_1_9' title="bbox 279 1145 3091 1230; baseline 0.004 -25"><span class='ocrx_word' id='word_1_89' title='bbox 279 1149 616 1219; x_wconf 90' lang='lat' dir='ltr'><strong>gationum</strong></span> <span class='ocrx_word' id='word_1_90' title='bbox 656 1162 892 1219; x_wconf 86' lang='lat' dir='ltr'><strong>genere</strong></span> <span class='ocrx_word' id='word_1_91' title='bbox 929 1149 1204 1207; x_wconf 85' lang='lat' dir='ltr'><strong>alterum</strong></span> <span class='ocrx_word' id='word_1_92' title='bbox 1243 1145 1428 1207; x_wconf 91' lang='lat' dir='ltr'><strong>alteri</strong></span> <span class='ocrx_word' id='word_1_93' title='bbox 1473 1151 1630 1207; x_wconf 88' lang='lat' dir='ltr'><strong>dare</strong></span> <span class='ocrx_word' id='word_1_94' title='bbox 1673 1151 2030 1208; x_wconf 79' lang='lat' dir='ltr'><strong>reddereve</strong></span> <span class='ocrx_word' id='word_1_95' title='bbox 2060 1156 2361 1222; x_wconf 84' lang='lat' dir='ltr'><strong>oporteat</strong></span> <span class='ocrx_word' id='word_1_96' title='bbox 2379 1147 2455 1228; x_wconf 89' lang='lat'><strong>⁷).</strong></span> <span class='ocrx_word' id='word_1_97' title='bbox 2494 1155 2830 1211; x_wconf 87' lang='lat' dir='ltr'><strong>Caeterum</strong></span> <span class='ocrx_word' id='word_1_98' title='bbox 2854 1169 2930 1213; x_wconf 86' lang='lat' dir='ltr'><strong>ex</strong></span> <span class='ocrx_word' id='word_1_99' title='bbox 2960 1152 3091 1230; x_wconf 86' lang='lat' dir='ltr'><strong>his,</strong></span> 
     </span>
     <span class='ocr_line' id='line_1_10' title="bbox 283 1242 3093 1323; baseline 0.002 -17"><span class='ocrx_word' id='word_1_100' title='bbox 283 1262 453 1320; x_wconf 90' lang='lat' dir='ltr'><strong>quae</strong></span> <span class='ocrx_word' id='word_1_101' title='bbox 492 1242 799 1323; x_wconf 82' lang='lat' dir='ltr'><strong>diximus,</strong></span> <span class='ocrx_word' id='word_1_102' title='bbox 832 1255 1063 1321; x_wconf 86' lang='lat' dir='ltr'><strong>sponte</strong></span> <span class='ocrx_word' id='word_1_103' title='bbox 1111 1246 1518 1321; x_wconf 85' lang='lat' dir='ltr'><strong>intelligitur,</strong></span> <span class='ocrx_word' id='word_1_104' title='bbox 1569 1244 1635 1307; x_wconf 88' lang='lat' dir='ltr'><strong>in</strong></span> <span class='ocrx_word' id='word_1_105' title='bbox 1662 1244 2065 1320; x_wconf 76' lang='lat' dir='ltr'><strong>fungibilium</strong></span> <span class='ocrx_word' id='word_1_106' title='bbox 2101 1264 2323 1307; x_wconf 87' lang='lat' dir='ltr'><strong>rerum</strong></span> <span class='ocrx_word' id='word_1_107' title='bbox 2355 1264 2593 1321; x_wconf 88' lang='lat' dir='ltr'><strong>genere</strong></span> <span class='ocrx_word' id='word_1_108' title='bbox 2640 1252 2858 1310; x_wconf 88' lang='lat' dir='ltr'><strong>haberi</strong></span> <span class='ocrx_word' id='word_1_109' title='bbox 2901 1254 3093 1313; x_wconf 90' lang='lat' dir='ltr'><strong>etiam</strong></span> 
     </span>
     <span class='ocr_line' id='line_1_11' title="bbox 282 1339 3096 1422; baseline 0.002 -20"><span class='ocrx_word' id='word_1_110' title='bbox 282 1344 625 1416; x_wconf 86' lang='lat' dir='ltr'><strong>pecuniam</strong></span> <span class='ocrx_word' id='word_1_111' title='bbox 648 1339 962 1416; x_wconf 84' lang='lat' dir='ltr'><strong>signatam</strong></span> <span class='ocrx_word' id='word_1_112' title='bbox 1000 1361 1052 1403; x_wconf 88' lang='lat' dir='ltr'><strong>s.</strong></span> <span class='ocrx_word' id='word_1_113' title='bbox 1083 1352 1524 1412; x_wconf 87' lang='lat' dir='ltr'><strong>numeratam,</strong></span> <span class='ocrx_word' id='word_1_114' title='bbox 1567 1345 1618 1402; x_wconf 86' lang='lat' dir='ltr'><strong>si</strong></span> <span class='ocrx_word' id='word_1_115' title='bbox 1653 1341 1910 1417; x_wconf 89' lang='lat' dir='ltr'><strong>quidem</strong></span> <span class='ocrx_word' id='word_1_116' title='bbox 1943 1359 2075 1402; x_wconf 92' lang='lat' dir='ltr'><strong>non</strong></span> <span class='ocrx_word' id='word_1_117' title='bbox 2111 1359 2348 1419; x_wconf 88' lang='lat' dir='ltr'><strong>corpus</strong></span> <span class='ocrx_word' id='word_1_118' title='bbox 2390 1361 2806 1406; x_wconf 88' lang='lat' dir='ltr'><strong>nummorum</strong></span> <span class='ocrx_word' id='word_1_119' title='bbox 2847 1357 3096 1422; x_wconf 88' lang='lat' dir='ltr'><strong>specte-</strong></span> 
     </span>
     <span class='ocr_line' id='line_1_12' title="bbox 286 1433 2287 1519; baseline 0 -19"><span class='ocrx_word' id='word_1_120' title='bbox 286 1449 395 1501; x_wconf 91' lang='lat' dir='ltr'><strong>tur</strong></span> <span class='ocrx_word' id='word_1_121' title='bbox 417 1488 434 1514; x_wconf 89' lang='lat'><strong>,</strong></span> <span class='ocrx_word' id='word_1_122' title='bbox 460 1444 571 1503; x_wconf 86' lang='lat' dir='ltr'><strong>sed</strong></span> <span class='ocrx_word' id='word_1_123' title='bbox 589 1486 606 1514; x_wconf 91' lang='lat'><strong>,</strong></span> <span class='ocrx_word' id='word_1_124' title='bbox 633 1448 707 1501; x_wconf 91' lang='lat' dir='ltr'><strong>ut</strong></span> <span class='ocrx_word' id='word_1_125' title='bbox 737 1444 1121 1517; x_wconf 88' lang='lat' dir='ltr'><strong>plerumque</strong></span> <span class='ocrx_word' id='word_1_126' title='bbox 1148 1443 1220 1501; x_wconf 82' lang='lat' dir='ltr'><strong>fit</strong></span> <span class='ocrx_word' id='word_1_127' title='bbox 1240 1485 1259 1519; x_wconf 90' lang='lat'>‚</span> <span class='ocrx_word' id='word_1_128' title='bbox 1298 1443 1576 1516; x_wconf 88' lang='lat' dir='ltr'><strong>pretium</strong></span> <span class='ocrx_word' id='word_1_129' title='bbox 1606 1450 1805 1517; x_wconf 90' lang='lat' dir='ltr'><strong>atque</strong></span> <span class='ocrx_word' id='word_1_130' title='bbox 1829 1443 2188 1503; x_wconf 87' lang='lat' dir='ltr'><strong>aestimatio</strong></span> <span class='ocrx_word' id='word_1_131' title='bbox 2212 1433 2287 1517; x_wconf 80' lang='lat'><strong>⁸).</strong></span> 
     </span>
    </p>
   </div>
   <div class='ocr_carea' id='block_1_5' title="bbox 698 1591 2665 1671">
    <p class='ocr_par' dir='ltr' id='par_1_5' title="bbox 698 1591 2665 1671">
     <span class='ocr_line' id='line_1_13' title="bbox 698 1591 2665 1671; baseline 0 -19"><span class='ocrx_word' id='word_1_132' title='bbox 698 1597 723 1671; x_wconf 86' lang='lat'>§</span> <span class='ocrx_word' id='word_1_133' title='bbox 754 1595 896 1652; x_wconf 90' lang='grc'><strong>221.</strong></span> <span class='ocrx_word' id='word_1_134' title='bbox 946 1594 1155 1650; x_wconf 79' lang='lat' dir='ltr'><strong>Rerum</strong></span> <span class='ocrx_word' id='word_1_135' title='bbox 1180 1592 1565 1670; x_wconf 80' lang='lat' dir='ltr'><strong>corporalium</strong></span> <span class='ocrx_word' id='word_1_136' title='bbox 1593 1591 1798 1650; x_wconf 82' lang='lat' dir='ltr'><strong>divisio</strong></span> <span class='ocrx_word' id='word_1_137' title='bbox 1825 1593 1891 1650; x_wconf 84' lang='lat' dir='ltr'><strong>in</strong></span> <span class='ocrx_word' id='word_1_138' title='bbox 1920 1592 2141 1651; x_wconf 78' lang='lat' dir='ltr'><strong>mobiles</strong></span> <span class='ocrx_word' id='word_1_139' title='bbox 2159 1601 2214 1651; x_wconf 83' lang='lat' dir='ltr'><strong>et</strong></span> <span class='ocrx_word' id='word_1_140' title='bbox 2244 1593 2549 1652; x_wconf 79' lang='lat' dir='ltr'><strong>immobiles</strong></span> <span class='ocrx_word' id='word_1_141' title='bbox 2574 1596 2665 1671; x_wconf 85' lang='lat'><strong>(*).</strong></span> 
     </span>
    </p>
   </div>
   <div class='ocr_carea' id='block_1_6' title="bbox 286 1725 3103 2394">
    <p class='ocr_par' dir='ltr' id='par_1_6' title="bbox 286 1725 3103 2394">
     <span class='ocr_line' id='line_1_14' title="bbox 368 1725 3099 1807; baseline 0.002 -19"><span class='ocrx_word' id='word_1_142' title='bbox 368 1733 602 1789; x_wconf 80' lang='lat' dir='ltr'><strong>Rerum</strong></span> <span class='ocrx_word' id='word_1_143' title='bbox 632 1730 1064 1803; x_wconf 88' lang='lat' dir='ltr'><strong>corporalium</strong></span> <span class='ocrx_word' id='word_1_144' title='bbox 1097 1730 1258 1787; x_wconf 89' lang='lat' dir='ltr'><strong>aliae</strong></span> <span class='ocrx_word' id='word_1_145' title='bbox 1275 1736 1427 1788; x_wconf 89' lang='lat' dir='ltr'><strong>sunt</strong></span> <span class='ocrx_word' id='word_1_146' title='bbox 1440 1725 1727 1801; x_wconf 84' lang='lat' dir='ltr'><strong>mobiles,</strong></span> <span class='ocrx_word' id='word_1_147' title='bbox 1755 1745 1921 1802; x_wconf 88' lang='lat' dir='ltr'><strong>quae</strong></span> <span class='ocrx_word' id='word_1_148' title='bbox 1950 1731 2123 1788; x_wconf 86' lang='lat' dir='ltr'><strong>salva</strong></span> <span class='ocrx_word' id='word_1_149' title='bbox 2145 1731 2241 1788; x_wconf 89' lang='lat' dir='ltr'><strong>sui</strong></span> <span class='ocrx_word' id='word_1_150' title='bbox 2278 1730 2483 1790; x_wconf 81' lang='lat' dir='ltr'><strong>torma</strong></span> <span class='ocrx_word' id='word_1_151' title='bbox 2513 1733 2661 1791; x_wconf 90' lang='lat' dir='ltr'><strong>loco</strong></span> <span class='ocrx_word' id='word_1_152' title='bbox 2681 1731 2928 1793; x_wconf 84' lang='lat' dir='ltr'><strong>moveri</strong></span> <span class='ocrx_word' id='word_1_153' title='bbox 2952 1750 3099 1807; x_wconf 86' lang='lat' dir='ltr'><strong>pos·</strong></span> 
     </span>
     <span class='ocr_line' id='line_1_15' title="bbox 286 1820 3101 1901; baseline 0.002 -16"><span class='ocrx_word' id='word_1_154' title='bbox 286 1832 438 1885; x_wconf 85' lang='lat' dir='ltr'><strong>sunt</strong></span> <span class='ocrx_word' id='word_1_155' title='bbox 463 1870 480 1895; x_wconf 89' lang='lat'><strong>,</strong></span> <span class='ocrx_word' id='word_1_156' title='bbox 504 1822 669 1884; x_wconf 85' lang='lat' dir='ltr'><strong>aliae</strong></span> <span class='ocrx_word' id='word_1_157' title='bbox 696 1820 1088 1901; x_wconf 82' lang='lat' dir='ltr'><strong>immobiles,</strong></span> <span class='ocrx_word' id='word_1_158' title='bbox 1119 1841 1286 1899; x_wconf 90' lang='lat' dir='ltr'><strong>quae</strong></span> <span class='ocrx_word' id='word_1_159' title='bbox 1318 1841 1468 1884; x_wconf 91' lang='lat' dir='ltr'><strong>cum</strong></span> <span class='ocrx_word' id='word_1_160' title='bbox 1508 1828 1645 1884; x_wconf 86' lang='lat' dir='ltr'><strong>solo</strong></span> <span class='ocrx_word' id='word_1_161' title='bbox 1677 1826 2170 1900; x_wconf 85' lang='lat' dir='ltr'><strong>contineantur,</strong></span> <span class='ocrx_word' id='word_1_162' title='bbox 2213 1829 2455 1885; x_wconf 84' lang='lat' dir='ltr'><strong>moveri</strong></span> <span class='ocrx_word' id='word_1_163' title='bbox 2484 1845 2614 1886; x_wconf 89' lang='lat' dir='ltr'><strong>non</strong></span> <span class='ocrx_word' id='word_1_164' title='bbox 2646 1837 2932 1901; x_wconf 88' lang='lat' dir='ltr'><strong>possunt.</strong></span> <span class='ocrx_word' id='word_1_165' title='bbox 2971 1835 3101 1890; x_wconf 75' lang='lat' dir='ltr'><strong>Mo-</strong></span> 
     </span>
     <span class='ocr_line' id='line_1_16' title="bbox 289 1917 3099 2001; baseline 0.001 -20"><span class='ocrx_word' id='word_1_166' title='bbox 289 1923 447 1982; x_wconf 87' lang='lat' dir='ltr'><strong>biles</strong></span> <span class='ocrx_word' id='word_1_167' title='bbox 490 1925 647 1981; x_wconf 88' lang='lat' dir='ltr'><strong>item</strong></span> <span class='ocrx_word' id='word_1_168' title='bbox 684 1922 978 1981; x_wconf 77' lang='lat' dir='ltr'><strong>bifariam</strong></span> <span class='ocrx_word' id='word_1_169' title='bbox 1026 1921 1440 1980; x_wconf 85' lang='lat' dir='ltr'><strong>dividuntur:</strong></span> <span class='ocrx_word' id='word_1_170' title='bbox 1496 1929 1612 1980; x_wconf 87' lang='lat' dir='ltr'><strong>aut</strong></span> <span class='ocrx_word' id='word_1_171' title='bbox 1654 1922 1826 1981; x_wconf 91' lang='lat' dir='ltr'><strong>enim</strong></span> <span class='ocrx_word' id='word_1_172' title='bbox 1855 1917 2066 1980; x_wconf 88' lang='lat' dir='ltr'><strong>anima</strong></span> <span class='ocrx_word' id='word_1_173' title='bbox 2102 1928 2361 1992; x_wconf 88' lang='lat' dir='ltr'><strong>carent,</strong></span> <span class='ocrx_word' id='word_1_174' title='bbox 2411 1925 2625 1996; x_wconf 88' lang='lat' dir='ltr'><strong>qualia</strong></span> <span class='ocrx_word' id='word_1_175' title='bbox 2654 1933 2805 1982; x_wconf 86' lang='lat' dir='ltr'><strong>sunt</strong></span> <span class='ocrx_word' id='word_1_176' title='bbox 2829 1942 3099 2001; x_wconf 87' lang='lat' dir='ltr'><strong>aurum,</strong></span> 
     </span>
     <span class='ocr_line' id='line_1_17' title="bbox 290 2017 3101 2096; baseline 0.001 -19"><span class='ocrx_word' id='word_1_177' title='bbox 290 2025 633 2091; x_wconf 89' lang='lat' dir='ltr'><strong>argentum</strong></span> <span class='ocrx_word' id='word_1_178' title='bbox 661 2062 678 2090; x_wconf 94' lang='lat'><strong>,</strong></span> <span class='ocrx_word' id='word_1_179' title='bbox 708 2018 929 2086; x_wconf 82' lang='lat' dir='ltr'><strong>vestis,</strong></span> <span class='ocrx_word' id='word_1_180' title='bbox 976 2017 1228 2090; x_wconf 88' lang='lat' dir='ltr'><strong>aliaque</strong></span> <span class='ocrx_word' id='word_1_181' title='bbox 1255 2018 1593 2090; x_wconf 88' lang='lat' dir='ltr'><strong>complura</strong></span> <span class='ocrx_word' id='word_1_182' title='bbox 1621 2033 1697 2076; x_wconf 89' lang='lat' dir='ltr'><strong>ex</strong></span> <span class='ocrx_word' id='word_1_183' title='bbox 1736 2018 1859 2076; x_wconf 91' lang='lat' dir='ltr'><strong>hoc</strong></span> <span class='ocrx_word' id='word_1_184' title='bbox 1892 2033 2129 2088; x_wconf 86' lang='lat' dir='ltr'><strong>genere</strong></span> <span class='ocrx_word' id='word_1_185' title='bbox 2151 2062 2166 2087; x_wconf 94' lang='lat'><strong>‚</strong></span> <span class='ocrx_word' id='word_1_186' title='bbox 2221 2024 2334 2075; x_wconf 90' lang='lat' dir='ltr'><strong>aut</strong></span> <span class='ocrx_word' id='word_1_187' title='bbox 2362 2021 2683 2078; x_wconf 87' lang='lat' dir='ltr'><strong>animatae</strong></span> <span class='ocrx_word' id='word_1_188' title='bbox 2711 2027 2894 2096; x_wconf 89' lang='lat' dir='ltr'><strong>sunt,</strong></span> <span class='ocrx_word' id='word_1_189' title='bbox 2934 2038 3101 2095; x_wconf 88' lang='lat' dir='ltr'><strong>quae</strong></span> 
     </span>
     <span class='ocr_line' id='line_1_18' title="bbox 290 2118 3103 2193; baseline 0.002 -18"><span class='ocrx_word' id='word_1_190' title='bbox 290 2119 486 2176; x_wconf 89' lang='lat' dir='ltr'><strong>etiam</strong></span> <span class='ocrx_word' id='word_1_191' title='bbox 527 2126 856 2177; x_wconf 86' lang='lat' dir='ltr'><strong>moventes</strong></span> <span class='ocrx_word' id='word_1_192' title='bbox 890 2133 1002 2176; x_wconf 90' lang='lat' dir='ltr'><strong>seu</strong></span> <span class='ocrx_word' id='word_1_193' title='bbox 1026 2133 1094 2176; x_wconf 88' lang='lat' dir='ltr'><strong>se</strong></span> <span class='ocrx_word' id='word_1_194' title='bbox 1120 2124 1450 2175; x_wconf 84' lang='lat' dir='ltr'><strong>moventes</strong></span> <span class='ocrx_word' id='word_1_195' title='bbox 1476 2118 1886 2190; x_wconf 83' lang='lat' dir='ltr'><strong>appellantur</strong></span> <span class='ocrx_word' id='word_1_196' title='bbox 1907 2160 1923 2187; x_wconf 90' lang='lat'>‚</span> <span class='ocrx_word' id='word_1_197' title='bbox 1952 2123 2025 2174; x_wconf 88' lang='lat' dir='ltr'><strong>ut</strong></span> <span class='ocrx_word' id='word_1_198' title='bbox 2047 2118 2251 2187; x_wconf 83' lang='lat' dir='ltr'><strong>servi,</strong></span> <span class='ocrx_word' id='word_1_199' title='bbox 2280 2125 2352 2175; x_wconf 89' lang='lat' dir='ltr'><strong>ut</strong></span> <span class='ocrx_word' id='word_1_200' title='bbox 2382 2118 2679 2177; x_wconf 87' lang='lat' dir='ltr'><strong>animalia</strong></span> <span class='ocrx_word' id='word_1_201' title='bbox 2705 2119 2770 2193; x_wconf 85' lang='lat'><strong>¹).</strong></span> <span class='ocrx_word' id='word_1_202' title='bbox 2800 2124 3002 2193; x_wconf 86' lang='lat' dir='ltr'><strong>Atque</strong></span> <span class='ocrx_word' id='word_1_203' title='bbox 3026 2137 3103 2180; x_wconf 85' lang='lat' dir='ltr'><strong>ex</strong></span> 
     </span>
     <span class='ocr_line' id='line_1_19' title="bbox 292 2214 3103 2293; baseline 0.001 -16"><span class='ocrx_word' id='word_1_204' title='bbox 292 2220 510 2293; x_wconf 89' lang='lat' dir='ltr'><strong>priore</strong></span> <span class='ocrx_word' id='word_1_205' title='bbox 558 2219 816 2292; x_wconf 89' lang='lat' dir='ltr'><strong>quidem</strong></span> <span class='ocrx_word' id='word_1_206' title='bbox 849 2234 1086 2291; x_wconf 89' lang='lat' dir='ltr'><strong>genere</strong></span> <span class='ocrx_word' id='word_1_207' title='bbox 1115 2219 1239 2277; x_wconf 90' lang='lat' dir='ltr'><strong>hae</strong></span> <span class='ocrx_word' id='word_1_208' title='bbox 1282 2214 1569 2291; x_wconf 85' lang='lat' dir='ltr'><strong>inprimis</strong></span> <span class='ocrx_word' id='word_1_209' title='bbox 1605 2225 1757 2276; x_wconf 87' lang='lat' dir='ltr'><strong>sunt</strong></span> <span class='ocrx_word' id='word_1_210' title='bbox 1785 2217 2098 2291; x_wconf 88' lang='lat' dir='ltr'><strong>insignes:</strong></span> <span class='ocrx_word' id='word_1_211' title='bbox 2131 2220 2415 2291; x_wconf 83' lang='lat' dir='ltr'><strong>supellex</strong></span> <span class='ocrx_word' id='word_1_212' title='bbox 2435 2215 2515 2292; x_wconf 85' lang='lat'><strong>²),</strong></span> <span class='ocrx_word' id='word_1_213' title='bbox 2546 2221 2895 2280; x_wconf 88' lang='lat' dir='ltr'><strong>instructus</strong></span> <span class='ocrx_word' id='word_1_214' title='bbox 2923 2229 2990 2279; x_wconf 88' lang='lat' dir='ltr'><strong>et</strong></span> <span class='ocrx_word' id='word_1_215' title='bbox 3010 2223 3103 2280; x_wconf 88' lang='lat' dir='ltr'><strong>in-</strong></span> 
     </span>
     <span class='ocr_line' id='line_1_20' title="bbox 294 2314 3103 2394; baseline 0.001 -17"><span class='ocrx_word' id='word_1_216' title='bbox 294 2325 726 2377; x_wconf 88' lang='lat' dir='ltr'><strong>strumentum</strong></span> <span class='ocrx_word' id='word_1_217' title='bbox 747 2316 791 2393; x_wconf 83' lang='lat'><strong>³)</strong></span> <span class='ocrx_word' id='word_1_218' title='bbox 811 2360 827 2388; x_wconf 94' lang='lat'>‚</span> <span class='ocrx_word' id='word_1_219' title='bbox 859 2321 1241 2378; x_wconf 79' lang='lat' dir='ltr'><strong>vestimenta</strong></span> <span class='ocrx_word' id='word_1_220' title='bbox 1267 2314 1308 2383; x_wconf 86' lang='lat'><strong>⁴)</strong></span> <span class='ocrx_word' id='word_1_221' title='bbox 1337 2360 1354 2387; x_wconf 94' lang='lat'><strong>‚</strong></span> <span class='ocrx_word' id='word_1_222' title='bbox 1380 2334 1582 2392; x_wconf 89' lang='lat' dir='ltr'><strong>penus</strong></span> <span class='ocrx_word' id='word_1_223' title='bbox 1606 2315 1674 2392; x_wconf 81' lang='lat'><strong>⁵),</strong></span> <span class='ocrx_word' id='word_1_224' title='bbox 1710 2333 1891 2377; x_wconf 83' lang='lat' dir='ltr'><strong>merx</strong></span> <span class='ocrx_word' id='word_1_225' title='bbox 1916 2314 1961 2391; x_wconf 78' lang='lat'><strong>⁶)</strong></span> <span class='ocrx_word' id='word_1_226' title='bbox 1982 2362 1999 2390; x_wconf 94' lang='lat'><strong>,</strong></span> <span class='ocrx_word' id='word_1_227' title='bbox 2023 2314 2268 2389; x_wconf 84' lang='lat' dir='ltr'><strong>tignum</strong></span> <span class='ocrx_word' id='word_1_228' title='bbox 2282 2315 2349 2393; x_wconf 89' lang='lat'><strong>⁷),</strong></span> <span class='ocrx_word' id='word_1_229' title='bbox 2380 2324 2528 2376; x_wconf 88' lang='lat' dir='ltr'><strong>ruta</strong></span> <span class='ocrx_word' id='word_1_230' title='bbox 2553 2334 2743 2378; x_wconf 88' lang='lat' dir='ltr'><strong>caesa</strong></span> <span class='ocrx_word' id='word_1_231' title='bbox 2754 2316 2824 2394; x_wconf 81' lang='lat'><strong>⁸).</strong></span> <span class='ocrx_word' id='word_1_232' title='bbox 2848 2320 3103 2380; x_wconf 84' lang='lat' dir='ltr'><strong>Anima·-</strong></span> 
     </span>
    </p>
   </div>
   <div class='ocr_carea' id='block_1_7' title="bbox 359 2459 3107 2522">
    <p class='ocr_par' dir='ltr' id='par_1_7' title="bbox 359 2459 3107 2522">
     <span class='ocr_line' id='line_1_21' title="bbox 359 2459 3107 2522; baseline 0.001 -14"><span class='ocrx_word' id='word_1_233' title='bbox 359 2460 411 2516; x_wconf 83' lang='grc'><strong>4)</strong></span> <span class='ocrx_word' id='word_1_234' title='bbox 431 2463 505 2508; x_wconf 76' lang='grc' dir='ltr'><strong>ΕΙ.</strong></span> <span class='ocrx_word' id='word_1_235' title='bbox 529 2465 555 2518; x_wconf 72' lang='lat'><strong>3</strong></span> <span class='ocrx_word' id='word_1_236' title='bbox 574 2461 687 2509; x_wconf 73' lang='lat'><strong>223.</strong></span> <span class='ocrx_word' id='word_1_237' title='bbox 719 2489 779 2497; x_wconf 93' lang='lat'>—</span> <span class='ocrx_word' id='word_1_238' title='bbox 799 2464 857 2509; x_wconf 85' lang='lat' dir='ltr'><strong>V.</strong></span> <span class='ocrx_word' id='word_1_239' title='bbox 876 2467 927 2509; x_wconf 85' lang='lat' dir='ltr'><strong>et</strong></span> <span class='ocrx_word' id='word_1_240' title='bbox 948 2464 1000 2509; x_wconf 87' lang='lat' dir='ltr'><strong>L.</strong></span> <span class='ocrx_word' id='word_1_241' title='bbox 1025 2459 1073 2509; x_wconf 86' lang='grc'><strong>5.</strong></span> <span class='ocrx_word' id='word_1_242' title='bbox 1096 2475 1170 2522; x_wconf 89' lang='lat' dir='ltr'><strong>pr.</strong></span> <span class='ocrx_word' id='word_1_243' title='bbox 1194 2464 1250 2509; x_wconf 93' lang='lat' dir='ltr'><strong>D.</strong></span> <span class='ocrx_word' id='word_1_244' title='bbox 1273 2461 1340 2508; x_wconf 84' lang='lat' dir='ltr'><strong>de</strong></span> <span class='ocrx_word' id='word_1_245' title='bbox 1356 2461 1578 2518; x_wconf 67' lang='lat' dir='ltr'><strong>impetes.</strong></span> <span class='ocrx_word' id='word_1_246' title='bbox 1603 2461 1657 2508; x_wconf 74' lang='lat' dir='ltr'><strong>ln</strong></span> <span class='ocrx_word' id='word_1_247' title='bbox 1722 2463 1919 2510; x_wconf 84' lang='lat' dir='ltr'><strong>dati.—</strong></span> <span class='ocrx_word' id='word_1_248' title='bbox 1941 2463 1991 2508; x_wconf 89' lang='lat' dir='ltr'><strong>t..</strong></span> <span class='ocrx_word' id='word_1_249' title='bbox 2016 2459 2097 2508; x_wconf 80' lang='grc'><strong>34.</strong></span> <span class='ocrx_word' id='word_1_250' title='bbox 2122 2462 2148 2516; x_wconf 77' lang='lat' dir='ltr'>S</span> <span class='ocrx_word' id='word_1_251' title='bbox 2172 2460 2218 2509; x_wconf 89' lang='grc'><strong>4.</strong></span> <span class='ocrx_word' id='word_1_252' title='bbox 2244 2464 2298 2508; x_wconf 90' lang='lat' dir='ltr'><strong>D.</strong></span> <span class='ocrx_word' id='word_1_253' title='bbox 2328 2462 2395 2510; x_wconf 85' lang='lat' dir='ltr'><strong>de</strong></span> <span class='ocrx_word' id='word_1_254' title='bbox 2421 2464 2518 2522; x_wconf 79' lang='lat' dir='ltr'><strong>leq.</strong></span> <span class='ocrx_word' id='word_1_255' title='bbox 2545 2464 2581 2508; x_wconf 88' lang='grc'><strong>1.</strong></span> <span class='ocrx_word' id='word_1_256' title='bbox 2609 2489 2664 2496; x_wconf 90' lang='grc'>-</span> <span class='ocrx_word' id='word_1_257' title='bbox 2685 2464 2736 2509; x_wconf 88' lang='lat' dir='ltr'><strong>L.</strong></span> <span class='ocrx_word' id='word_1_258' title='bbox 2761 2460 2843 2510; x_wconf 77' lang='grc'><strong>37.</strong></span> <span class='ocrx_word' id='word_1_259' title='bbox 2862 2465 2918 2510; x_wconf 89' lang='lat' dir='ltr'><strong>D.</strong></span> <span class='ocrx_word' id='word_1_260' title='bbox 2940 2464 3008 2509; x_wconf 83' lang='lat' dir='ltr'><strong>de</strong></span> <span class='ocrx_word' id='word_1_261' title='bbox 3031 2466 3107 2512; x_wconf 87' lang='lat' dir='ltr'><strong>V.&#39;</strong></span> 
     </span>
    </p>
   </div>
   <div class='ocr_carea' id='block_1_8' title="bbox 302 2524 3108 2586">
    <p class='ocr_par' dir='ltr' id='par_1_8' title="bbox 302 2524 3108 2586">
     <span class='ocr_line' id='line_1_22' title="bbox 302 2524 3108 2586; baseline 0 -15"><span class='ocrx_word' id='word_1_262' title='bbox 302 2537 391 2571; x_wconf 80' lang='lat' dir='ltr'><strong>res</strong></span> <span class='ocrx_word' id='word_1_263' title='bbox 411 2525 571 2571; x_wconf 85' lang='lat' dir='ltr'><strong>dotat.</strong></span> <span class='ocrx_word' id='word_1_264' title='bbox 589 2524 725 2578; x_wconf 75' lang='lat' dir='ltr'><strong>fact.</strong></span> <span class='ocrx_word' id='word_1_265' title='bbox 753 2527 913 2582; x_wconf 77' lang='lat' dir='ltr'><strong>(xxv,</strong></span> <span class='ocrx_word' id='word_1_266' title='bbox 940 2529 1007 2582; x_wconf 97' lang='grc'><strong>1.)</strong></span> <span class='ocrx_word' id='word_1_267' title='bbox 1029 2540 1054 2568; x_wconf 77' lang='grc' dir='ltr'><strong>ιι</strong></span> <span class='ocrx_word' id='word_1_268' title='bbox 1076 2552 1137 2559; x_wconf 93' lang='grc'><strong>--</strong></span> <span class='ocrx_word' id='word_1_269' title='bbox 1156 2536 1256 2572; x_wconf 90' lang='lat' dir='ltr'><strong>non</strong></span> <span class='ocrx_word' id='word_1_270' title='bbox 1277 2527 1408 2571; x_wconf 87' lang='lat' dir='ltr'><strong>enim</strong></span> <span class='ocrx_word' id='word_1_271' title='bbox 1431 2527 1659 2583; x_wconf 78' lang='lat' dir='ltr'><strong>ipsojttre</strong></span> <span class='ocrx_word' id='word_1_272' title='bbox 1725 2529 1783 2573; x_wconf 90' lang='lat'><strong>0.</strong></span> <span class='ocrx_word' id='word_1_273' title='bbox 1807 2527 1823 2583; x_wconf 91' lang='lat'><strong>(</strong></span> <span class='ocrx_word' id='word_1_274' title='bbox 1846 2526 1965 2570; x_wconf 77' lang='lat' dir='ltr'><strong>XLV</strong></span> <span class='ocrx_word' id='word_1_275' title='bbox 1993 2559 2008 2580; x_wconf 85' lang='lat'><strong>‚</strong></span> <span class='ocrx_word' id='word_1_276' title='bbox 2034 2526 2079 2570; x_wconf 92' lang='grc'><strong>1.</strong></span> <span class='ocrx_word' id='word_1_277' title='bbox 2105 2527 2121 2582; x_wconf 91' lang='grc'><strong>)</strong></span> <span class='ocrx_word' id='word_1_278' title='bbox 2150 2550 2206 2558; x_wconf 92' lang='lat'><em>-</em></span> <span class='ocrx_word' id='word_1_279' title='bbox 2230 2527 2306 2572; x_wconf 78' lang='lat' dir='ltr'><strong>Cl&#39;.</strong></span> <span class='ocrx_word' id='word_1_280' title='bbox 2329 2532 2378 2571; x_wconf 88' lang='lat' dir='ltr'><strong>et</strong></span> <span class='ocrx_word' id='word_1_281' title='bbox 2420 2525 2472 2570; x_wconf 91' lang='lat' dir='ltr'><strong>L.</strong></span> <span class='ocrx_word' id='word_1_282' title='bbox 2496 2524 2577 2572; x_wconf 87' lang='grc'><strong>79.</strong></span> <span class='ocrx_word' id='word_1_283' title='bbox 2598 2527 2624 2580; x_wconf 74' lang='lat' dir='ltr'>S</span> <span class='ocrx_word' id='word_1_284' title='bbox 2648 2526 2693 2571; x_wconf 96' lang='grc'><strong>1.</strong></span> <span class='ocrx_word' id='word_1_285' title='bbox 2718 2525 2786 2572; x_wconf 82' lang='lat' dir='ltr'><strong>de</strong></span> <span class='ocrx_word' id='word_1_286' title='bbox 2804 2527 2902 2586; x_wconf 72' lang='lat' dir='ltr'><strong>leq.</strong></span> <span class='ocrx_word' id='word_1_287' title='bbox 2937 2528 3018 2572; x_wconf 93' lang='grc'><strong>111.</strong></span> <span class='ocrx_word' id='word_1_288' title='bbox 3045 2552 3108 2562; x_wconf 83' lang='lat'><strong>--</strong></span> 
     </span>
    </p>
   </div>
   <div class='ocr_carea' id='block_1_9' title="bbox 295 2587 1687 5024">
    <p class='ocr_par' dir='ltr' id='par_1_9' title="bbox 302 2587 1308 2648">
     <span class='ocr_line' id='line_1_23' title="bbox 302 2587 1308 2648; baseline -0.004 -14"><span class='ocrx_word' id='word_1_289' title='bbox 302 2599 602 2648; x_wconf 79' lang='lat' dir='ltr'><strong>corporum,</strong></span> <span class='ocrx_word' id='word_1_290' title='bbox 621 2589 721 2634; x_wconf 82' lang='lat' dir='ltr'><strong>sed</strong></span> <span class='ocrx_word' id='word_1_291' title='bbox 749 2587 887 2634; x_wconf 81' lang='lat' dir='ltr'><strong>dotis</strong></span> <span class='ocrx_word' id='word_1_292' title='bbox 911 2589 964 2633; x_wconf 83' lang='lat' dir='ltr'><strong>fit</strong></span> <span class='ocrx_word' id='word_1_293' title='bbox 981 2589 1268 2634; x_wconf 85' lang='lat' dir='ltr'><strong>deminutio.</strong></span> <span class='ocrx_word' id='word_1_294' title='bbox 1285 2604 1308 2630; x_wconf 76' lang='lat' dir='ltr'><strong>n</strong></span> 
     </span>
    </p>

    <p class='ocr_par' dir='ltr' id='par_1_10' title="bbox 295 2648 1668 3272">
     <span class='ocr_line' id='line_1_24' title="bbox 363 2648 1663 2708; baseline 0.002 -13"><span class='ocrx_word' id='word_1_295' title='bbox 363 2648 412 2706; x_wconf 87' lang='grc'><strong>5)</strong></span> <span class='ocrx_word' id='word_1_296' title='bbox 436 2651 633 2708; x_wconf 83' lang='lat' dir='ltr'><strong>Propter</strong></span> <span class='ocrx_word' id='word_1_297' title='bbox 650 2652 704 2697; x_wconf 88' lang='lat' dir='ltr'><strong>L.</strong></span> <span class='ocrx_word' id='word_1_298' title='bbox 729 2651 776 2696; x_wconf 74' lang='lat'><strong>2.</strong></span> <span class='ocrx_word' id='word_1_299' title='bbox 797 2653 823 2706; x_wconf 72' lang='grc' dir='ltr'><strong>ς</strong></span> <span class='ocrx_word' id='word_1_300' title='bbox 850 2650 892 2695; x_wconf 91' lang='grc'><strong>1.</strong></span> <span class='ocrx_word' id='word_1_301' title='bbox 918 2652 971 2696; x_wconf 91' lang='lat' dir='ltr'><strong>D.</strong></span> <span class='ocrx_word' id='word_1_302' title='bbox 991 2651 1060 2697; x_wconf 84' lang='lat' dir='ltr'><strong>de</strong></span> <span class='ocrx_word' id='word_1_303' title='bbox 1082 2651 1191 2696; x_wconf 83' lang='lat' dir='ltr'><strong>reb.</strong></span> <span class='ocrx_word' id='word_1_304' title='bbox 1216 2652 1403 2699; x_wconf 82' lang='lat' dir='ltr'><strong>credit.</strong></span> <span class='ocrx_word' id='word_1_305' title='bbox 1431 2652 1528 2707; x_wconf 75' lang='lat' dir='ltr'><strong>(xit</strong></span> <span class='ocrx_word' id='word_1_306' title='bbox 1556 2683 1570 2703; x_wconf 82' lang='lat'><strong>,</strong></span> <span class='ocrx_word' id='word_1_307' title='bbox 1598 2648 1663 2706; x_wconf 96' lang='grc'><strong>1.)</strong></span> 
     </span>
     <span class='ocr_line' id='line_1_25' title="bbox 306 2713 1664 2773; baseline 0.001 -17"><span class='ocrx_word' id='word_1_308' title='bbox 306 2729 330 2756; x_wconf 66' lang='lat' dir='ltr'>u</span> <span class='ocrx_word' id='word_1_309' title='bbox 351 2713 504 2759; x_wconf 73' lang='lat' dir='ltr'><strong>Mutui</strong></span> <span class='ocrx_word' id='word_1_310' title='bbox 527 2715 660 2760; x_wconf 81' lang='lat' dir='ltr'><strong>datio</strong></span> <span class='ocrx_word' id='word_1_311' title='bbox 680 2714 899 2760; x_wconf 80' lang='lat' dir='ltr'><strong>consistit</strong></span> <span class='ocrx_word' id='word_1_312' title='bbox 921 2714 969 2759; x_wconf 90' lang='lat' dir='ltr'><strong>in</strong></span> <span class='ocrx_word' id='word_1_313' title='bbox 991 2713 1065 2759; x_wconf 86' lang='lat' dir='ltr'><strong>his</strong></span> <span class='ocrx_word' id='word_1_314' title='bbox 1084 2713 1254 2770; x_wconf 84' lang='lat' dir='ltr'><strong>rebus,</strong></span> <span class='ocrx_word' id='word_1_315' title='bbox 1274 2727 1401 2773; x_wconf 82' lang='lat' dir='ltr'><strong>quae</strong></span> <span class='ocrx_word' id='word_1_316' title='bbox 1424 2715 1664 2773; x_wconf 82' lang='lat' dir='ltr'><strong>pondere,</strong></span> 
     </span>
     <span class='ocr_line' id='line_1_26' title="bbox 299 2776 1664 2834; baseline 0.001 -13"><span class='ocrx_word' id='word_1_317' title='bbox 299 2788 533 2833; x_wconf 85' lang='lat' dir='ltr'><strong>numero,</strong></span> <span class='ocrx_word' id='word_1_318' title='bbox 559 2788 787 2821; x_wconf 80' lang='lat' dir='ltr'><strong>mensura</strong></span> <span class='ocrx_word' id='word_1_319' title='bbox 808 2777 1076 2821; x_wconf 81' lang='lat' dir='ltr'><strong>consistunt</strong></span> <span class='ocrx_word' id='word_1_320' title='bbox 1097 2793 1108 2823; x_wconf 89' lang='lat'><strong>:</strong></span> <span class='ocrx_word' id='word_1_321' title='bbox 1134 2778 1362 2834; x_wconf 78' lang='lat' dir='ltr'><strong>quoniam</strong></span> <span class='ocrx_word' id='word_1_322' title='bbox 1380 2789 1548 2824; x_wconf 83' lang='lat' dir='ltr'><strong>eorum</strong></span> <span class='ocrx_word' id='word_1_323' title='bbox 1572 2776 1664 2834; x_wconf 83' lang='lat' dir='ltr'><strong>[al.</strong></span> 
     </span>
     <span class='ocr_line' id='line_1_27' title="bbox 295 2839 1666 2897; baseline 0 -14"><span class='ocrx_word' id='word_1_324' title='bbox 295 2839 508 2895; x_wconf 81' lang='lat' dir='ltr'><strong>earum]</strong></span> <span class='ocrx_word' id='word_1_325' title='bbox 545 2839 742 2884; x_wconf 82' lang='lat' dir='ltr'><strong>datione</strong></span> <span class='ocrx_word' id='word_1_326' title='bbox 767 2850 1019 2895; x_wconf 81' lang='lat' dir='ltr'><strong>possumus</strong></span> <span class='ocrx_word' id='word_1_327' title='bbox 1053 2841 1101 2885; x_wconf 89' lang='lat' dir='ltr'><strong>in</strong></span> <span class='ocrx_word' id='word_1_328' title='bbox 1140 2840 1379 2886; x_wconf 87' lang='lat' dir='ltr'><strong>creditum</strong></span> <span class='ocrx_word' id='word_1_329' title='bbox 1424 2843 1524 2893; x_wconf 82' lang='lat' dir='ltr'><strong>ire,</strong></span> <span class='ocrx_word' id='word_1_330' title='bbox 1552 2840 1666 2897; x_wconf 86' lang='lat' dir='ltr'><strong>quia</strong></span> 
     </span>
     <span class='ocr_line' id='line_1_28' title="bbox 296 2898 1666 2963; baseline -0.001 -17"><span class='ocrx_word' id='word_1_331' title='bbox 296 2901 392 2963; x_wconf 87' lang='lat' dir='ltr'><strong>[al.</strong></span> <span class='ocrx_word' id='word_1_332' title='bbox 419 2913 546 2959; x_wconf 86' lang='lat' dir='ltr'><strong>quae</strong></span> <span class='ocrx_word' id='word_1_333' title='bbox 569 2898 589 2954; x_wconf 90' lang='lat'>]</span> <span class='ocrx_word' id='word_1_334' title='bbox 612 2903 661 2946; x_wconf 86' lang='lat' dir='ltr'><strong>in</strong></span> <span class='ocrx_word' id='word_1_335' title='bbox 683 2913 859 2958; x_wconf 84' lang='lat' dir='ltr'><strong>genere</strong></span> <span class='ocrx_word' id='word_1_336' title='bbox 882 2914 970 2946; x_wconf 85' lang='lat' dir='ltr'><strong>suo</strong></span> <span class='ocrx_word' id='word_1_337' title='bbox 993 2903 1291 2948; x_wconf 78' lang='lat' dir='ltr'><strong>functionem</strong></span> <span class='ocrx_word' id='word_1_338' title='bbox 1316 2904 1556 2961; x_wconf 86' lang='lat' dir='ltr'><strong>recipiunt</strong></span> <span class='ocrx_word' id='word_1_339' title='bbox 1580 2914 1666 2959; x_wconf 90' lang='lat' dir='ltr'><strong>per</strong></span> 
     </span>
     <span class='ocr_line' id='line_1_29' title="bbox 295 2965 1664 3020; baseline -0.001 -9"><span class='ocrx_word' id='word_1_340' title='bbox 295 2966 625 3017; x_wconf 82' lang='lat' dir='ltr'><strong>solutionem,</strong></span> <span class='ocrx_word' id='word_1_341' title='bbox 647 2975 794 3020; x_wconf 83' lang='lat' dir='ltr'><strong>quam</strong></span> <span class='ocrx_word' id='word_1_342' title='bbox 817 2968 992 3019; x_wconf 86' lang='lat' dir='ltr'><strong>specie.</strong></span> <span class='ocrx_word' id='word_1_343' title='bbox 1039 2965 1122 3019; x_wconf 74' lang='lat' dir='ltr'><strong>(cf.</strong></span> <span class='ocrx_word' id='word_1_344' title='bbox 1150 2965 1310 3012; x_wconf 80' lang='lat' dir='ltr'><strong>Taciti</strong></span> <span class='ocrx_word' id='word_1_345' title='bbox 1349 2966 1512 3011; x_wconf 79' lang='lat' dir='ltr'><strong>annal.</strong></span> <span class='ocrx_word' id='word_1_346' title='bbox 1568 2966 1625 3010; x_wconf 82' lang='lat' dir='ltr'><strong>lv</strong></span> <span class='ocrx_word' id='word_1_347' title='bbox 1649 2998 1664 3018; x_wconf 82' lang='grc'>,</span> 
     </span>
     <span class='ocr_line' id='line_1_30' title="bbox 297 3024 1664 3085; baseline 0 -12"><span class='ocrx_word' id='word_1_348' title='bbox 297 3026 462 3082; x_wconf 81' lang='grc'><strong>61.)-</strong></span> <span class='ocrx_word' id='word_1_349' title='bbox 489 3029 541 3072; x_wconf 90' lang='grc' dir='ltr'><strong>Ι..</strong></span> <span class='ocrx_word' id='word_1_350' title='bbox 581 3024 659 3072; x_wconf 85' lang='grc'><strong>12.</strong></span> <span class='ocrx_word' id='word_1_351' title='bbox 684 3027 738 3071; x_wconf 89' lang='lat' dir='ltr'><strong>D.</strong></span> <span class='ocrx_word' id='word_1_352' title='bbox 755 3025 821 3071; x_wconf 83' lang='lat' dir='ltr'><strong>de</strong></span> <span class='ocrx_word' id='word_1_353' title='bbox 847 3024 984 3080; x_wconf 76' lang='lat' dir='ltr'><strong>offla.</strong></span> <span class='ocrx_word' id='word_1_354' title='bbox 1007 3026 1243 3081; x_wconf 78' lang='lat' dir='ltr'><strong>praesia.</strong></span> <span class='ocrx_word' id='word_1_355' title='bbox 1265 3030 1321 3084; x_wconf 79' lang='lat' dir='ltr'><strong>(t,</strong></span> <span class='ocrx_word' id='word_1_356' title='bbox 1349 3026 1562 3085; x_wconf 82' lang='grc' dir='ltr'><strong>18.)-Ι..</strong></span> <span class='ocrx_word' id='word_1_357' title='bbox 1584 3027 1664 3073; x_wconf 87' lang='grc'><strong>20.</strong></span> 
     </span>
     <span class='ocr_line' id='line_1_31' title="bbox 297 3088 1668 3148; baseline 0.001 -15"><span class='ocrx_word' id='word_1_358' title='bbox 297 3102 372 3148; x_wconf 76' lang='lat' dir='ltr'><strong>pr.</strong></span> <span class='ocrx_word' id='word_1_359' title='bbox 396 3089 451 3133; x_wconf 90' lang='lat' dir='ltr'><strong>D.</strong></span> <span class='ocrx_word' id='word_1_360' title='bbox 472 3088 542 3134; x_wconf 82' lang='lat' dir='ltr'><strong>de</strong></span> <span class='ocrx_word' id='word_1_361' title='bbox 561 3101 615 3135; x_wconf 90' lang='lat' dir='ltr'><strong>a.</strong></span> <span class='ocrx_word' id='word_1_362' title='bbox 638 3100 688 3134; x_wconf 88' lang='lat' dir='ltr'><strong>v.</strong></span> <span class='ocrx_word' id='word_1_363' title='bbox 711 3088 875 3135; x_wconf 87' lang='lat' dir='ltr'><strong>omitt.</strong></span> <span class='ocrx_word' id='word_1_364' title='bbox 899 3089 1014 3136; x_wconf 71' lang='lat' dir='ltr'><strong>lter.</strong></span> <span class='ocrx_word' id='word_1_365' title='bbox 1036 3089 1225 3144; x_wconf 72' lang='lat' dir='ltr'><strong>(xxix,</strong></span> <span class='ocrx_word' id='word_1_366' title='bbox 1244 3088 1325 3145; x_wconf 84' lang='grc'><strong>2.)</strong></span> <span class='ocrx_word' id='word_1_367' title='bbox 1347 3116 1398 3122; x_wconf 91' lang='lat'><strong>——</strong></span> <span class='ocrx_word' id='word_1_368' title='bbox 1424 3090 1498 3135; x_wconf 85' lang='lat' dir='ltr'><strong>Ct&#39;.</strong></span> <span class='ocrx_word' id='word_1_369' title='bbox 1525 3091 1668 3145; x_wconf 73' lang='lat' dir='ltr'><strong>Byn-</strong></span> 
     </span>
     <span class='ocr_line' id='line_1_32' title="bbox 298 3149 1667 3214; baseline 0 -16"><span class='ocrx_word' id='word_1_370' title='bbox 298 3151 562 3198; x_wconf 75' lang='lat' dir='ltr'><strong>kersltoelt</strong></span> <span class='ocrx_word' id='word_1_371' title='bbox 582 3150 689 3197; x_wconf 85' lang='lat' dir='ltr'><strong>obs.</strong></span> <span class='ocrx_word' id='word_1_372' title='bbox 709 3150 809 3205; x_wconf 88' lang='lat' dir='ltr'><strong>jur.</strong></span> <span class='ocrx_word' id='word_1_373' title='bbox 834 3162 958 3197; x_wconf 88' lang='lat' dir='ltr'><strong>rom.</strong></span> <span class='ocrx_word' id='word_1_374' title='bbox 979 3149 1109 3214; x_wconf 86' lang='grc' dir='ltr'><strong>Ι,10.</strong></span> <span class='ocrx_word' id='word_1_375' title='bbox 1130 3159 1248 3198; x_wconf 87' lang='lat' dir='ltr'><strong>——et</strong></span> <span class='ocrx_word' id='word_1_376' title='bbox 1263 3153 1463 3200; x_wconf 70' lang='lat' dir='ltr'><strong>schotti</strong></span> <span class='ocrx_word' id='word_1_377' title='bbox 1482 3156 1667 3212; x_wconf 86' lang='lat' dir='ltr'><strong>protus,</strong></span> 
     </span>
     <span class='ocr_line' id='line_1_33' title="bbox 297 3213 834 3272; baseline -0.009 -10"><span class='ocrx_word' id='word_1_378' title='bbox 297 3226 406 3272; x_wconf 61' lang='lat' dir='ltr'><strong>secl.</strong></span> <span class='ocrx_word' id='word_1_379' title='bbox 430 3218 537 3260; x_wconf 90' lang='lat' dir='ltr'><strong>not.</strong></span> <span class='ocrx_word' id='word_1_380' title='bbox 561 3213 834 3259; x_wconf 78' lang='lat' dir='ltr'><strong>excitanda.</strong></span> 
     </span>
    </p>

    <p class='ocr_par' dir='ltr' id='par_1_11' title="bbox 299 3273 1678 3709">
     <span class='ocr_line' id='line_1_34' title="bbox 361 3273 1672 3335; baseline -0.001 -11"><span class='ocrx_word' id='word_1_381' title='bbox 361 3276 411 3335; x_wconf 91' lang='grc'><strong>6)</strong></span> <span class='ocrx_word' id='word_1_382' title='bbox 433 3279 487 3322; x_wconf 89' lang='lat' dir='ltr'><strong>L.</strong></span> <span class='ocrx_word' id='word_1_383' title='bbox 507 3273 557 3320; x_wconf 87' lang='grc'><strong>2.</strong></span> <span class='ocrx_word' id='word_1_384' title='bbox 583 3273 679 3329; x_wconf 75' lang='grc'><strong>31.</strong></span> <span class='ocrx_word' id='word_1_385' title='bbox 717 3276 772 3321; x_wconf 94' lang='lat' dir='ltr'><strong>D.</strong></span> <span class='ocrx_word' id='word_1_386' title='bbox 795 3274 863 3321; x_wconf 85' lang='lat' dir='ltr'><strong>de</strong></span> <span class='ocrx_word' id='word_1_387' title='bbox 885 3275 997 3322; x_wconf 82' lang='lat' dir='ltr'><strong>reb.</strong></span> <span class='ocrx_word' id='word_1_388' title='bbox 1022 3273 1170 3323; x_wconf 81' lang='lat' dir='ltr'><strong>cred.</strong></span> <span class='ocrx_word' id='word_1_389' title='bbox 1192 3301 1252 3308; x_wconf 91' lang='lat'>-</span> <span class='ocrx_word' id='word_1_390' title='bbox 1290 3278 1342 3322; x_wconf 83' lang='lat'><strong>1..</strong></span> <span class='ocrx_word' id='word_1_391' title='bbox 1367 3275 1448 3323; x_wconf 72' lang='lat'><strong>50.</strong></span> <span class='ocrx_word' id='word_1_392' title='bbox 1493 3287 1568 3333; x_wconf 88' lang='lat' dir='ltr'><strong>pr.</strong></span> <span class='ocrx_word' id='word_1_393' title='bbox 1605 3276 1672 3323; x_wconf 80' lang='lat' dir='ltr'><strong>de</strong></span> 
     </span>
     <span class='ocr_line' id='line_1_35' title="bbox 300 3335 1669 3399; baseline -0.002 -13"><span class='ocrx_word' id='word_1_394' title='bbox 300 3340 399 3399; x_wconf 74' lang='lat' dir='ltr'><strong>leq.</strong></span> <span class='ocrx_word' id='word_1_395' title='bbox 424 3341 463 3385; x_wconf 88' lang='grc'><strong>1.</strong></span> <span class='ocrx_word' id='word_1_396' title='bbox 490 3361 549 3369; x_wconf 92' lang='lat'><strong>--</strong></span> <span class='ocrx_word' id='word_1_397' title='bbox 581 3338 634 3383; x_wconf 83' lang='lat'><strong>1..</strong></span> <span class='ocrx_word' id='word_1_398' title='bbox 660 3335 704 3382; x_wconf 94' lang='grc'><strong>1.</strong></span> <span class='ocrx_word' id='word_1_399' title='bbox 731 3339 757 3391; x_wconf 74' lang='lat' dir='ltr'>S</span> <span class='ocrx_word' id='word_1_400' title='bbox 777 3335 825 3383; x_wconf 93' lang='grc'><strong>7.</strong></span> <span class='ocrx_word' id='word_1_401' title='bbox 849 3340 903 3383; x_wconf 95' lang='lat' dir='ltr'><strong>D.</strong></span> <span class='ocrx_word' id='word_1_402' title='bbox 928 3338 1006 3385; x_wconf 80' lang='lat' dir='ltr'><strong>ad</strong></span> <span class='ocrx_word' id='word_1_403' title='bbox 1024 3341 1143 3398; x_wconf 76' lang='lat' dir='ltr'><strong>Leq.</strong></span> <span class='ocrx_word' id='word_1_404' title='bbox 1167 3340 1368 3387; x_wconf 78' lang='lat' dir='ltr'><strong>Fctlcid.</strong></span> <span class='ocrx_word' id='word_1_405' title='bbox 1414 3364 1474 3373; x_wconf 90' lang='lat'><strong>-—-</strong></span> <span class='ocrx_word' id='word_1_406' title='bbox 1517 3341 1609 3395; x_wconf 71' lang='grc'><strong>32.</strong></span> <span class='ocrx_word' id='word_1_407' title='bbox 1635 3340 1669 3383; x_wconf 89' lang='lat' dir='ltr'><strong>l.</strong></span> 
     </span>
     <span class='ocr_line' id='line_1_36' title="bbox 299 3398 1674 3458; baseline -0.001 -10"><span class='ocrx_word' id='word_1_408' title='bbox 299 3403 370 3448; x_wconf 85' lang='lat' dir='ltr'><strong>de</strong></span> <span class='ocrx_word' id='word_1_409' title='bbox 390 3398 689 3453; x_wconf 51' lang='lat' dir='ltr'><strong>usurum-L.</strong></span> <span class='ocrx_word' id='word_1_410' title='bbox 716 3400 760 3443; x_wconf 91' lang='grc'><strong>1.</strong></span> <span class='ocrx_word' id='word_1_411' title='bbox 783 3402 835 3445; x_wconf 92' lang='lat' dir='ltr'><strong>D.</strong></span> <span class='ocrx_word' id='word_1_412' title='bbox 860 3400 926 3445; x_wconf 82' lang='lat' dir='ltr'><strong>de</strong></span> <span class='ocrx_word' id='word_1_413' title='bbox 952 3401 1243 3454; x_wconf 76' lang='lat' dir='ltr'><strong>usufructu</strong></span> <span class='ocrx_word' id='word_1_414' title='bbox 1265 3413 1452 3448; x_wconf 83' lang='lat' dir='ltr'><strong>earum</strong></span> <span class='ocrx_word' id='word_1_415' title='bbox 1473 3413 1674 3458; x_wconf 82' lang='lat' dir='ltr'><strong>rerum,</strong></span> 
     </span>
     <span class='ocr_line' id='line_1_37' title="bbox 300 3464 1675 3523; baseline -0.001 -12"><span class='ocrx_word' id='word_1_416' title='bbox 300 3476 447 3522; x_wconf 81' lang='lat' dir='ltr'><strong>quae</strong></span> <span class='ocrx_word' id='word_1_417' title='bbox 469 3474 575 3508; x_wconf 87' lang='lat' dir='ltr'><strong>usu</strong></span> <span class='ocrx_word' id='word_1_418' title='bbox 611 3467 1009 3510; x_wconf 83' lang='lat' dir='ltr'><strong>consumuntur</strong></span> <span class='ocrx_word' id='word_1_419' title='bbox 1033 3466 1121 3510; x_wconf 89' lang='lat' dir='ltr'><strong>vet</strong></span> <span class='ocrx_word' id='word_1_420' title='bbox 1153 3464 1478 3511; x_wconf 76' lang='lat' dir='ltr'><strong>minuuntur</strong></span> <span class='ocrx_word' id='word_1_421' title='bbox 1517 3465 1533 3520; x_wconf 91' lang='lat'>(</span> <span class='ocrx_word' id='word_1_422' title='bbox 1559 3465 1637 3510; x_wconf 84' lang='lat' dir='ltr'><strong>vll</strong></span> <span class='ocrx_word' id='word_1_423' title='bbox 1659 3497 1675 3523; x_wconf 90' lang='lat'><strong>,</strong></span> 
     </span>
     <span class='ocr_line' id='line_1_38' title="bbox 300 3521 1674 3585; baseline -0.001 -12"><span class='ocrx_word' id='word_1_424' title='bbox 300 3526 388 3582; x_wconf 85' lang='lat'><strong>5.)</strong></span> <span class='ocrx_word' id='word_1_425' title='bbox 414 3550 469 3559; x_wconf 88' lang='lat'>-</span> <span class='ocrx_word' id='word_1_426' title='bbox 495 3526 548 3570; x_wconf 90' lang='lat' dir='ltr'><strong>L.</strong></span> <span class='ocrx_word' id='word_1_427' title='bbox 573 3521 622 3569; x_wconf 76' lang='lat'><strong>5.</strong></span> <span class='ocrx_word' id='word_1_428' title='bbox 645 3524 671 3578; x_wconf 75' lang='lat' dir='ltr'>S</span> <span class='ocrx_word' id='word_1_429' title='bbox 693 3522 741 3571; x_wconf 97' lang='grc'><strong>6.</strong></span> <span class='ocrx_word' id='word_1_430' title='bbox 766 3526 819 3570; x_wconf 93' lang='lat' dir='ltr'><strong>D.</strong></span> <span class='ocrx_word' id='word_1_431' title='bbox 845 3527 1164 3573; x_wconf 84' lang='lat' dir='ltr'><strong>commodati</strong></span> <span class='ocrx_word' id='word_1_432' title='bbox 1183 3526 1411 3585; x_wconf 80' lang='lat' dir='ltr'><strong>(xltt,ss.)</strong></span> <span class='ocrx_word' id='word_1_433' title='bbox 1435 3552 1495 3560; x_wconf 95' lang='lat'>—</span> <span class='ocrx_word' id='word_1_434' title='bbox 1518 3528 1586 3572; x_wconf 82' lang='lat' dir='ltr'><strong>A.</strong></span> <span class='ocrx_word' id='word_1_435' title='bbox 1616 3528 1674 3572; x_wconf 81' lang='lat' dir='ltr'><strong>F.</strong></span> 
     </span>
     <span class='ocr_line' id='line_1_39' title="bbox 301 3588 1676 3647; baseline 0.001 -11"><span class='ocrx_word' id='word_1_436' title='bbox 301 3588 487 3636; x_wconf 72' lang='lat' dir='ltr'><strong>Schott</strong></span> <span class='ocrx_word' id='word_1_437' title='bbox 508 3588 698 3643; x_wconf 85' lang='lat' dir='ltr'><strong>Prolus,</strong></span> <span class='ocrx_word' id='word_1_438' title='bbox 722 3598 816 3644; x_wconf 84' lang='lat' dir='ltr'><strong>qua</strong></span> <span class='ocrx_word' id='word_1_439' title='bbox 838 3599 1070 3647; x_wconf 78' lang='lat' dir='ltr'><strong>res,quae</strong></span> <span class='ocrx_word' id='word_1_440' title='bbox 1093 3591 1393 3637; x_wconf 76' lang='lat' dir='ltr'><strong>functionem</strong></span> <span class='ocrx_word' id='word_1_441' title='bbox 1417 3589 1676 3646; x_wconf 86' lang='lat' dir='ltr'><strong>recipiunt.</strong></span> 
     </span>
     <span class='ocr_line' id='line_1_40' title="bbox 303 3650 1678 3709; baseline -0.001 -11"><span class='ocrx_word' id='word_1_442' title='bbox 303 3651 610 3698; x_wconf 74' lang='lat' dir='ltr'><strong>definiuntur</strong></span> <span class='ocrx_word' id='word_1_443' title='bbox 642 3650 845 3707; x_wconf 86' lang='lat' dir='ltr'><strong>(opusc.</strong></span> <span class='ocrx_word' id='word_1_444' title='bbox 881 3651 1008 3707; x_wconf 86' lang='lat' dir='ltr'><strong>Lips.</strong></span> <span class='ocrx_word' id='word_1_445' title='bbox 1045 3650 1186 3698; x_wconf 88' lang='grc'><strong>1770.</strong></span> <span class='ocrx_word' id='word_1_446' title='bbox 1222 3665 1299 3698; x_wconf 81' lang='lat' dir='ltr'><strong>nr.</strong></span> <span class='ocrx_word' id='word_1_447' title='bbox 1350 3654 1428 3699; x_wconf 88' lang='lat' dir='ltr'><strong>Vl.</strong></span> <span class='ocrx_word' id='word_1_448' title='bbox 1472 3665 1521 3709; x_wconf 87' lang='lat' dir='ltr'><strong>p.</strong></span> <span class='ocrx_word' id='word_1_449' title='bbox 1546 3651 1678 3709; x_wconf 84' lang='grc'><strong>212.)</strong></span> 
     </span>
    </p>

    <p class='ocr_par' dir='ltr' id='par_1_12' title="bbox 302 3709 1678 3949">
     <span class='ocr_line' id='line_1_41' title="bbox 369 3709 1677 3771; baseline 0.002 -14"><span class='ocrx_word' id='word_1_450' title='bbox 369 3711 420 3771; x_wconf 87' lang='grc'><strong>7)</strong></span> <span class='ocrx_word' id='word_1_451' title='bbox 441 3712 552 3757; x_wconf 77' lang='lat' dir='ltr'><strong>Vid.</strong></span> <span class='ocrx_word' id='word_1_452' title='bbox 573 3723 619 3758; x_wconf 87' lang='lat' dir='ltr'><strong>e.</strong></span> <span class='ocrx_word' id='word_1_453' title='bbox 640 3723 714 3769; x_wconf 85' lang='lat' dir='ltr'><strong>gr.</strong></span> <span class='ocrx_word' id='word_1_454' title='bbox 740 3713 794 3757; x_wconf 88' lang='lat' dir='ltr'><strong>L.</strong></span> <span class='ocrx_word' id='word_1_455' title='bbox 817 3709 865 3757; x_wconf 81' lang='lat'><strong>5.</strong></span> <span class='ocrx_word' id='word_1_456' title='bbox 889 3712 982 3769; x_wconf 72' lang='grc'><strong>36.</strong></span> <span class='ocrx_word' id='word_1_457' title='bbox 1006 3715 1061 3760; x_wconf 92' lang='lat' dir='ltr'><strong>D.</strong></span> <span class='ocrx_word' id='word_1_458' title='bbox 1084 3713 1422 3762; x_wconf 84' lang='lat' dir='ltr'><strong>commodati.</strong></span> <span class='ocrx_word' id='word_1_459' title='bbox 1449 3738 1510 3746; x_wconf 92' lang='lat'><strong>—-—</strong></span> <span class='ocrx_word' id='word_1_460' title='bbox 1553 3715 1604 3760; x_wconf 87' lang='lat' dir='ltr'><strong>L.</strong></span> <span class='ocrx_word' id='word_1_461' title='bbox 1629 3714 1677 3759; x_wconf 81' lang='lat'><strong>3.</strong></span> 
     </span>
     <span class='ocr_line' id='line_1_42' title="bbox 305 3773 1678 3833; baseline 0.001 -12"><span class='ocrx_word' id='word_1_462' title='bbox 305 3776 363 3821; x_wconf 93' lang='lat' dir='ltr'><strong>D.</strong></span> <span class='ocrx_word' id='word_1_463' title='bbox 385 3775 487 3822; x_wconf 84' lang='lat' dir='ltr'><strong>loc.</strong></span> <span class='ocrx_word' id='word_1_464' title='bbox 511 3773 698 3829; x_wconf 72' lang='lat' dir='ltr'><strong>(xxix,</strong></span> <span class='ocrx_word' id='word_1_465' title='bbox 720 3774 788 3831; x_wconf 79' lang='lat'><strong>2.)</strong></span> <span class='ocrx_word' id='word_1_466' title='bbox 808 3799 871 3808; x_wconf 93' lang='lat'><em>-</em></span> <span class='ocrx_word' id='word_1_467' title='bbox 917 3776 932 3833; x_wconf 94' lang='lat'><strong>[</strong></span> <span class='ocrx_word' id='word_1_468' title='bbox 960 3777 1058 3822; x_wconf 79' lang='lat' dir='ltr'><strong>Hoc</strong></span> <span class='ocrx_word' id='word_1_469' title='bbox 1082 3780 1187 3824; x_wconf 90' lang='lat' dir='ltr'><strong>loco</strong></span> <span class='ocrx_word' id='word_1_470' title='bbox 1211 3778 1343 3823; x_wconf 83' lang='lat' dir='ltr'><strong>nisus</strong></span> <span class='ocrx_word' id='word_1_471' title='bbox 1369 3776 1678 3832; x_wconf 73' lang='lat' dir='ltr'><strong>Macketdes</strong></span> 
     </span>
     <span class='ocr_line' id='line_1_43' title="bbox 305 3834 1677 3900; baseline 0 -17"><span class='ocrx_word' id='word_1_472' title='bbox 305 3843 342 3884; x_wconf 88' lang='lat' dir='ltr'><strong>t.</strong></span> <span class='ocrx_word' id='word_1_473' title='bbox 370 3839 405 3883; x_wconf 91' lang='lat' dir='ltr'><strong>l.</strong></span> <span class='ocrx_word' id='word_1_474' title='bbox 431 3839 459 3893; x_wconf 76' lang='grc'>3</span> <span class='ocrx_word' id='word_1_475' title='bbox 481 3834 593 3883; x_wconf 85' lang='grc'><strong>149.</strong></span> <span class='ocrx_word' id='word_1_476' title='bbox 624 3836 863 3883; x_wconf 83' lang='lat' dir='ltr'><strong>vocabulo</strong></span> <span class='ocrx_word' id='word_1_477' title='bbox 887 3853 898 3883; x_wconf 89' lang='lat'>:</span> <span class='ocrx_word' id='word_1_478' title='bbox 926 3849 1013 3884; x_wconf 79' lang='lat' dir='ltr'><strong>res</strong></span> <span class='ocrx_word' id='word_1_479' title='bbox 1031 3837 1304 3900; x_wconf 75' lang='lat' dir='ltr'><strong>sunqibilis</strong></span> <span class='ocrx_word' id='word_1_480' title='bbox 1324 3841 1546 3886; x_wconf 88' lang='lat' dir='ltr'><strong>latiorem</strong></span> <span class='ocrx_word' id='word_1_481' title='bbox 1567 3852 1677 3884; x_wconf 78' lang='lat' dir='ltr'><strong>sen-</strong></span> 
     </span>
     <span class='ocr_line' id='line_1_44' title="bbox 302 3900 1503 3949; baseline -0.001 -5"><span class='ocrx_word' id='word_1_482' title='bbox 302 3911 417 3946; x_wconf 83' lang='lat' dir='ltr'><strong>snm</strong></span> <span class='ocrx_word' id='word_1_483' title='bbox 441 3900 718 3949; x_wconf 83' lang='lat' dir='ltr'><strong>attribuit.]</strong></span> <span class='ocrx_word' id='word_1_484' title='bbox 1495 3936 1503 3943; x_wconf 91' lang='lat'><strong>.</strong></span> 
     </span>
    </p>

    <p class='ocr_par' dir='ltr' id='par_1_13' title="bbox 300 3958 1687 5024">
     <span class='ocr_line' id='line_1_45' title="bbox 370 3958 1680 4022; baseline 0.002 -14"><span class='ocrx_word' id='word_1_485' title='bbox 370 3958 420 4019; x_wconf 84' lang='lat'><strong>8)</strong></span> <span class='ocrx_word' id='word_1_486' title='bbox 443 3964 496 4009; x_wconf 89' lang='lat' dir='ltr'><strong>L.</strong></span> <span class='ocrx_word' id='word_1_487' title='bbox 519 3963 565 4008; x_wconf 82' lang='lat'><strong>1.</strong></span> <span class='ocrx_word' id='word_1_488' title='bbox 589 3975 662 4021; x_wconf 90' lang='lat' dir='ltr'><strong>pr.</strong></span> <span class='ocrx_word' id='word_1_489' title='bbox 706 3961 758 4005; x_wconf 88' lang='lat' dir='ltr'><strong>D.</strong></span> <span class='ocrx_word' id='word_1_490' title='bbox 781 3959 850 4007; x_wconf 86' lang='lat' dir='ltr'><strong>de</strong></span> <span class='ocrx_word' id='word_1_491' title='bbox 871 3964 1119 4010; x_wconf 75' lang='lat' dir='ltr'><strong>contralz.</strong></span> <span class='ocrx_word' id='word_1_492' title='bbox 1137 3970 1258 4011; x_wconf 89' lang='lat' dir='ltr'><strong>emt.</strong></span> <span class='ocrx_word' id='word_1_493' title='bbox 1286 3965 1493 4022; x_wconf 79' lang='lat' dir='ltr'><strong>(lell,</strong></span> <span class='ocrx_word' id='word_1_494' title='bbox 1516 3963 1598 4021; x_wconf 89' lang='grc'><strong>1.)</strong></span> <span class='ocrx_word' id='word_1_495' title='bbox 1627 3988 1680 3996; x_wconf 88' lang='lat'><em>-</em></span> 
     </span>
     <span class='ocr_line' id='line_1_46' title="bbox 303 4022 1681 4084; baseline 0 -13"><span class='ocrx_word' id='word_1_496' title='bbox 303 4024 384 4071; x_wconf 65' lang='lat' dir='ltr'><strong>Cf.</strong></span> <span class='ocrx_word' id='word_1_497' title='bbox 407 4027 461 4072; x_wconf 90' lang='lat' dir='ltr'><strong>L.</strong></span> <span class='ocrx_word' id='word_1_498' title='bbox 484 4026 533 4072; x_wconf 85' lang='lat'><strong>2.</strong></span> <span class='ocrx_word' id='word_1_499' title='bbox 561 4026 614 4071; x_wconf 90' lang='lat' dir='ltr'><strong>C.</strong></span> <span class='ocrx_word' id='word_1_500' title='bbox 638 4022 706 4070; x_wconf 84' lang='lat' dir='ltr'><strong>de</strong></span> <span class='ocrx_word' id='word_1_501' title='bbox 722 4024 1171 4080; x_wconf 75' lang='lat' dir='ltr'><strong>ponderatoribus</strong></span> <span class='ocrx_word' id='word_1_502' title='bbox 1193 4030 1270 4084; x_wconf 77' lang='lat' dir='ltr'><strong>(X,</strong></span> <span class='ocrx_word' id='word_1_503' title='bbox 1291 4025 1394 4082; x_wconf 88' lang='grc'><strong>71.)</strong></span> <span class='ocrx_word' id='word_1_504' title='bbox 1415 4052 1466 4059; x_wconf 90' lang='lat'><strong>-—</strong></span> <span class='ocrx_word' id='word_1_505' title='bbox 1497 4027 1546 4071; x_wconf 89' lang='lat' dir='ltr'><strong>L.</strong></span> <span class='ocrx_word' id='word_1_506' title='bbox 1565 4027 1611 4072; x_wconf 88' lang='lat'><strong>1.</strong></span> <span class='ocrx_word' id='word_1_507' title='bbox 1634 4027 1681 4072; x_wconf 74' lang='lat'><strong>2.</strong></span> 
     </span>
     <span class='ocr_line' id='line_1_47' title="bbox 300 4086 1676 4148; baseline 0.002 -16"><span class='ocrx_word' id='word_1_508' title='bbox 300 4088 359 4133; x_wconf 87' lang='lat' dir='ltr'><strong>C.</strong></span> <span class='ocrx_word' id='word_1_509' title='bbox 384 4087 456 4134; x_wconf 83' lang='lat' dir='ltr'><strong>de</strong></span> <span class='ocrx_word' id='word_1_510' title='bbox 480 4086 676 4133; x_wconf 80' lang='lat' dir='ltr'><strong>veteris</strong></span> <span class='ocrx_word' id='word_1_511' title='bbox 699 4087 1032 4135; x_wconf 74' lang='lat' dir='ltr'><strong>numismatis</strong></span> <span class='ocrx_word' id='word_1_512' title='bbox 1059 4092 1325 4146; x_wconf 76' lang='lat' dir='ltr'><strong>potestate</strong></span> <span class='ocrx_word' id='word_1_513' title='bbox 1350 4090 1407 4148; x_wconf 86' lang='lat' dir='ltr'><strong>(x</strong></span> <span class='ocrx_word' id='word_1_514' title='bbox 1423 4121 1439 4147; x_wconf 92' lang='lat'><strong>,</strong></span> <span class='ocrx_word' id='word_1_515' title='bbox 1483 4088 1559 4135; x_wconf 87' lang='grc'><strong>10.</strong></span> <span class='ocrx_word' id='word_1_516' title='bbox 1580 4090 1597 4147; x_wconf 92' lang='grc'><strong>)</strong></span> <span class='ocrx_word' id='word_1_517' title='bbox 1622 4113 1676 4120; x_wconf 85' lang='grc'>-</span> 
     </span>
     <span class='ocr_line' id='line_1_48' title="bbox 305 4149 1681 4209; baseline 0.001 -15"><span class='ocrx_word' id='word_1_518' title='bbox 305 4151 370 4195; x_wconf 79' lang='grc' dir='ltr'><strong>Β.</strong></span> <span class='ocrx_word' id='word_1_519' title='bbox 392 4149 651 4197; x_wconf 73' lang='lat' dir='ltr'><strong>Branchu</strong></span> <span class='ocrx_word' id='word_1_520' title='bbox 674 4150 779 4195; x_wconf 79' lang='lat' dir='ltr'><strong>obs.</strong></span> <span class='ocrx_word' id='word_1_521' title='bbox 805 4151 914 4195; x_wconf 86' lang='lat' dir='ltr'><strong>Dec.</strong></span> <span class='ocrx_word' id='word_1_522' title='bbox 939 4151 1090 4197; x_wconf 82' lang='lat' dir='ltr'><strong>altera</strong></span> <span class='ocrx_word' id='word_1_523' title='bbox 1115 4152 1297 4209; x_wconf 82' lang='lat' dir='ltr'><strong>(Lugd.</strong></span> <span class='ocrx_word' id='word_1_524' title='bbox 1323 4155 1424 4198; x_wconf 80' lang='lat' dir='ltr'><strong>Bat.</strong></span> <span class='ocrx_word' id='word_1_525' title='bbox 1448 4149 1588 4198; x_wconf 79' lang='grc'><strong>1723.</strong></span> <span class='ocrx_word' id='word_1_526' title='bbox 1611 4149 1681 4207; x_wconf 92' lang='lat'><strong>8.)</strong></span> 
     </span>
     <span class='ocr_line' id='line_1_49' title="bbox 306 4208 1680 4274; baseline 0.001 -16"><span class='ocrx_word' id='word_1_527' title='bbox 306 4225 355 4258; x_wconf 88' lang='lat' dir='ltr'><strong>c.</strong></span> <span class='ocrx_word' id='word_1_528' title='bbox 382 4213 463 4258; x_wconf 83' lang='grc'><strong>11.</strong></span> <span class='ocrx_word' id='word_1_529' title='bbox 485 4212 564 4259; x_wconf 80' lang='lat'><strong>12.</strong></span> <span class='ocrx_word' id='word_1_530' title='bbox 591 4210 669 4258; x_wconf 79' lang='grc'><strong>15.</strong></span> <span class='ocrx_word' id='word_1_531' title='bbox 697 4208 773 4256; x_wconf 87' lang='grc'><strong>14.</strong></span> <span class='ocrx_word' id='word_1_532' title='bbox 797 4210 875 4258; x_wconf 87' lang='grc'><strong>16.</strong></span> <span class='ocrx_word' id='word_1_533' title='bbox 897 4212 991 4267; x_wconf 87' lang='lat' dir='ltr'><strong>(De</strong></span> <span class='ocrx_word' id='word_1_534' title='bbox 1010 4215 1244 4267; x_wconf 74' lang='lat' dir='ltr'><strong>pecunia</strong></span> <span class='ocrx_word' id='word_1_535' title='bbox 1257 4213 1680 4274; x_wconf 82' lang='lat' dir='ltr'><strong>quaedam‚cum</strong></span> 
     </span>
     <span class='ocr_line' id='line_1_50' title="bbox 304 4273 1682 4334; baseline 0.001 -14"><span class='ocrx_word' id='word_1_536' title='bbox 304 4286 550 4322; x_wconf 70' lang='lat' dir='ltr'><strong>excursu</strong></span> <span class='ocrx_word' id='word_1_537' title='bbox 570 4273 782 4331; x_wconf 79' lang='lat' dir='ltr'><strong>politico</strong></span> <span class='ocrx_word' id='word_1_538' title='bbox 796 4307 812 4334; x_wconf 88' lang='lat'><em>‚</em></span> <span class='ocrx_word' id='word_1_539' title='bbox 834 4274 902 4320; x_wconf 85' lang='lat' dir='ltr'><strong>de</strong></span> <span class='ocrx_word' id='word_1_540' title='bbox 923 4275 1133 4322; x_wconf 82' lang='lat' dir='ltr'><strong>ratione</strong></span> <span class='ocrx_word' id='word_1_541' title='bbox 1153 4276 1380 4324; x_wconf 76' lang='lat' dir='ltr'><strong>civitatis</strong></span> <span class='ocrx_word' id='word_1_542' title='bbox 1397 4275 1682 4330; x_wconf 82' lang='lat' dir='ltr'><strong>ditandae,</strong></span> 
     </span>
     <span class='ocr_line' id='line_1_51' title="bbox 306 4335 1683 4398; baseline 0 -15"><span class='ocrx_word' id='word_1_543' title='bbox 306 4349 354 4384; x_wconf 85' lang='lat' dir='ltr'><strong>c.</strong></span> <span class='ocrx_word' id='word_1_544' title='bbox 383 4335 463 4385; x_wconf 91' lang='grc'><strong>14.</strong></span> <span class='ocrx_word' id='word_1_545' title='bbox 485 4338 629 4394; x_wconf 60' lang='grc' dir='ltr'><strong>δῶ)</strong></span> <span class='ocrx_word' id='word_1_546' title='bbox 671 4337 895 4393; x_wconf 83' lang='lat' dir='ltr'><strong>Inprimis</strong></span> <span class='ocrx_word' id='word_1_547' title='bbox 917 4349 1033 4384; x_wconf 80' lang='lat' dir='ltr'><strong>vero</strong></span> <span class='ocrx_word' id='word_1_548' title='bbox 1055 4338 1278 4395; x_wconf 77' lang='lat' dir='ltr'><strong>Pfee&#39;ffer</strong></span> <span class='ocrx_word' id='word_1_549' title='bbox 1295 4343 1449 4398; x_wconf 81' lang='lat' dir='ltr'><strong>praet.</strong></span> <span class='ocrx_word' id='word_1_550' title='bbox 1476 4338 1683 4384; x_wconf 69' lang='lat' dir='ltr'><strong>Ausittb-</strong></span> 
     </span>
     <span class='ocr_line' id='line_1_52' title="bbox 307 4398 1684 4460; baseline -0.001 -14"><span class='ocrx_word' id='word_1_551' title='bbox 307 4413 524 4459; x_wconf 80' lang='lat' dir='ltr'><strong>rungen.</strong></span> <span class='ocrx_word' id='word_1_552' title='bbox 568 4399 627 4446; x_wconf 81' lang='grc' dir='ltr'><strong>Τ.</strong></span> <span class='ocrx_word' id='word_1_553' title='bbox 661 4401 702 4445; x_wconf 91' lang='grc' dir='ltr'><strong>Ι.</strong></span> <span class='ocrx_word' id='word_1_554' title='bbox 741 4398 863 4445; x_wconf 80' lang='lat' dir='ltr'><strong>Diss.</strong></span> <span class='ocrx_word' id='word_1_555' title='bbox 893 4400 996 4446; x_wconf 84' lang='lat' dir='ltr'><strong>vll.</strong></span> <span class='ocrx_word' id='word_1_556' title='bbox 1024 4426 1077 4432; x_wconf 89' lang='lat'>—</span> <span class='ocrx_word' id='word_1_557' title='bbox 1127 4405 1159 4446; x_wconf 76' lang='grc' dir='ltr'><strong>Α</strong></span> <span class='ocrx_word' id='word_1_558' title='bbox 1195 4404 1396 4460; x_wconf 86' lang='lat' dir='ltr'><strong>pecunia</strong></span> <span class='ocrx_word' id='word_1_559' title='bbox 1430 4406 1684 4447; x_wconf 85' lang='lat' dir='ltr'><strong>numerata</strong></span> 
     </span>
     <span class='ocr_line' id='line_1_53' title="bbox 306 4458 1686 4527; baseline -0.002 -17"><span class='ocrx_word' id='word_1_560' title='bbox 306 4474 520 4523; x_wconf 78' lang='lat' dir='ltr'><strong>corpora</strong></span> <span class='ocrx_word' id='word_1_561' title='bbox 544 4463 942 4519; x_wconf 82' lang='lat' dir='ltr'><strong>distinguuntur:</strong></span> <span class='ocrx_word' id='word_1_562' title='bbox 969 4462 1020 4506; x_wconf 86' lang='lat'><strong>1..</strong></span> <span class='ocrx_word' id='word_1_563' title='bbox 1046 4460 1122 4509; x_wconf 86' lang='grc'><strong>19.</strong></span> <span class='ocrx_word' id='word_1_564' title='bbox 1147 4458 1171 4527; x_wconf 57' lang='lat'>3</span> <span class='ocrx_word' id='word_1_565' title='bbox 1199 4466 1244 4512; x_wconf 80' lang='lat'><strong>-2,</strong></span> <span class='ocrx_word' id='word_1_566' title='bbox 1267 4463 1404 4512; x_wconf 83' lang='lat' dir='ltr'><strong>D.de</strong></span> <span class='ocrx_word' id='word_1_567' title='bbox 1424 4460 1581 4511; x_wconf 81' lang='lat' dir='ltr'><strong>cond.</strong></span> <span class='ocrx_word' id='word_1_568' title='bbox 1605 4461 1686 4508; x_wconf 82' lang='lat' dir='ltr'><strong>in-</strong></span> 
     </span>
     <span class='ocr_line' id='line_1_54' title="bbox 306 4522 1687 4585; baseline -0.002 -12"><span class='ocrx_word' id='word_1_569' title='bbox 306 4526 428 4573; x_wconf 80' lang='lat' dir='ltr'><strong>deb.</strong></span> <span class='ocrx_word' id='word_1_570' title='bbox 456 4527 600 4584; x_wconf 77' lang='grc' dir='ltr'><strong>(ΧΠ.</strong></span> <span class='ocrx_word' id='word_1_571' title='bbox 620 4522 671 4571; x_wconf 81' lang='lat'><strong>6.</strong></span> <span class='ocrx_word' id='word_1_572' title='bbox 697 4528 713 4582; x_wconf 86' lang='lat'>)</span> <span class='ocrx_word' id='word_1_573' title='bbox 756 4523 849 4578; x_wconf 77' lang='lat' dir='ltr'><strong>(cf.</strong></span> <span class='ocrx_word' id='word_1_574' title='bbox 891 4525 943 4570; x_wconf 84' lang='grc' dir='ltr'><strong>Ι..</strong></span> <span class='ocrx_word' id='word_1_575' title='bbox 969 4522 1050 4571; x_wconf 86' lang='grc'><strong>46.</strong></span> <span class='ocrx_word' id='word_1_576' title='bbox 1077 4528 1234 4585; x_wconf 86' lang='lat' dir='ltr'><strong>eod.).</strong></span> <span class='ocrx_word' id='word_1_577' title='bbox 1262 4552 1321 4559; x_wconf 94' lang='lat'>—</span> <span class='ocrx_word' id='word_1_578' title='bbox 1367 4529 1419 4573; x_wconf 89' lang='lat' dir='ltr'><strong>L.</strong></span> <span class='ocrx_word' id='word_1_579' title='bbox 1445 4523 1493 4572; x_wconf 83' lang='lat'><strong>5.</strong></span> <span class='ocrx_word' id='word_1_580' title='bbox 1523 4537 1596 4583; x_wconf 85' lang='lat' dir='ltr'><strong>pr.</strong></span> <span class='ocrx_word' id='word_1_581' title='bbox 1618 4525 1687 4570; x_wconf 84' lang='lat' dir='ltr'><strong>de</strong></span> 
     </span>
     <span class='ocr_line' id='line_1_55' title="bbox 303 4584 1683 4647; baseline -0.003 -10"><span class='ocrx_word' id='word_1_582' title='bbox 303 4590 532 4647; x_wconf 76' lang='lat' dir='ltr'><strong>imperis.</strong></span> <span class='ocrx_word' id='word_1_583' title='bbox 577 4589 634 4635; x_wconf 86' lang='lat' dir='ltr'><strong>in</strong></span> <span class='ocrx_word' id='word_1_584' title='bbox 668 4596 756 4633; x_wconf 81' lang='lat' dir='ltr'><strong>res</strong></span> <span class='ocrx_word' id='word_1_585' title='bbox 777 4587 941 4634; x_wconf 81' lang='lat' dir='ltr'><strong>dotat.</strong></span> <span class='ocrx_word' id='word_1_586' title='bbox 961 4585 1094 4639; x_wconf 76' lang='lat' dir='ltr'><strong>fact.</strong></span> <span class='ocrx_word' id='word_1_587' title='bbox 1138 4590 1153 4643; x_wconf 92' lang='lat'>(</span> <span class='ocrx_word' id='word_1_588' title='bbox 1174 4591 1316 4640; x_wconf 76' lang='lat' dir='ltr'><strong>xxv.</strong></span> <span class='ocrx_word' id='word_1_589' title='bbox 1338 4591 1382 4635; x_wconf 94' lang='grc'><strong>1.</strong></span> <span class='ocrx_word' id='word_1_590' title='bbox 1406 4591 1421 4646; x_wconf 96' lang='grc'><strong>)</strong></span> <span class='ocrx_word' id='word_1_591' title='bbox 1447 4613 1506 4621; x_wconf 95' lang='grc'>-</span> <span class='ocrx_word' id='word_1_592' title='bbox 1530 4589 1581 4634; x_wconf 88' lang='lat' dir='ltr'><strong>L.</strong></span> <span class='ocrx_word' id='word_1_593' title='bbox 1603 4584 1683 4633; x_wconf 76' lang='grc'><strong>34.</strong></span> 
     </span>
     <span class='ocr_line' id='line_1_56' title="bbox 305 4647 1682 4710; baseline -0.001 -12"><span class='ocrx_word' id='word_1_594' title='bbox 305 4652 399 4709; x_wconf 73' lang='lat'><strong>35.</strong></span> <span class='ocrx_word' id='word_1_595' title='bbox 422 4650 471 4699; x_wconf 87' lang='grc'><strong>4.</strong></span> <span class='ocrx_word' id='word_1_596' title='bbox 496 4656 552 4700; x_wconf 92' lang='lat' dir='ltr'><strong>D.</strong></span> <span class='ocrx_word' id='word_1_597' title='bbox 575 4650 646 4697; x_wconf 82' lang='lat' dir='ltr'><strong>de</strong></span> <span class='ocrx_word' id='word_1_598' title='bbox 665 4651 765 4708; x_wconf 76' lang='lat' dir='ltr'><strong>leq.</strong></span> <span class='ocrx_word' id='word_1_599' title='bbox 791 4650 827 4694; x_wconf 87' lang='lat'><strong>1.</strong></span> <span class='ocrx_word' id='word_1_600' title='bbox 849 4676 912 4684; x_wconf 93' lang='lat'><strong>—</strong></span> <span class='ocrx_word' id='word_1_601' title='bbox 931 4651 981 4695; x_wconf 92' lang='lat' dir='ltr'><strong>L.</strong></span> <span class='ocrx_word' id='word_1_602' title='bbox 1013 4648 1093 4696; x_wconf 83' lang='grc'><strong>95.</strong></span> <span class='ocrx_word' id='word_1_603' title='bbox 1120 4651 1187 4697; x_wconf 81' lang='lat' dir='ltr'><strong>de</strong></span> <span class='ocrx_word' id='word_1_604' title='bbox 1204 4653 1301 4710; x_wconf 70' lang='lat' dir='ltr'><strong>leq.</strong></span> <span class='ocrx_word' id='word_1_605' title='bbox 1323 4653 1403 4698; x_wconf 86' lang='lat' dir='ltr'><strong>tlt.</strong></span> <span class='ocrx_word' id='word_1_606' title='bbox 1427 4675 1480 4683; x_wconf 87' lang='lat'><strong>——</strong></span> <span class='ocrx_word' id='word_1_607' title='bbox 1528 4652 1581 4695; x_wconf 89' lang='lat' dir='ltr'><strong>L.</strong></span> <span class='ocrx_word' id='word_1_608' title='bbox 1601 4647 1682 4697; x_wconf 87' lang='grc'><strong>94.</strong></span> 
     </span>
     <span class='ocr_line' id='line_1_57' title="bbox 308 4711 1686 4770; baseline -0.002 -8"><span class='ocrx_word' id='word_1_609' title='bbox 308 4717 335 4770; x_wconf 75' lang='lat' dir='ltr'>S</span> <span class='ocrx_word' id='word_1_610' title='bbox 357 4717 401 4762; x_wconf 90' lang='grc'><strong>1.</strong></span> <span class='ocrx_word' id='word_1_611' title='bbox 431 4718 488 4762; x_wconf 91' lang='lat' dir='ltr'><strong>D.</strong></span> <span class='ocrx_word' id='word_1_612' title='bbox 513 4715 584 4761; x_wconf 80' lang='lat' dir='ltr'><strong>de</strong></span> <span class='ocrx_word' id='word_1_613' title='bbox 604 4714 771 4762; x_wconf 83' lang='lat' dir='ltr'><strong>solut.</strong></span> <span class='ocrx_word' id='word_1_614' title='bbox 793 4713 981 4767; x_wconf 72' lang='lat' dir='ltr'><strong>(xtvt,</strong></span> <span class='ocrx_word' id='word_1_615' title='bbox 1001 4711 1050 4758; x_wconf 78' lang='lat'><strong>5.</strong></span> <span class='ocrx_word' id='word_1_616' title='bbox 1072 4715 1088 4769; x_wconf 94' lang='lat'>)</span> <span class='ocrx_word' id='word_1_617' title='bbox 1112 4719 1205 4761; x_wconf 87' lang='lat' dir='ltr'><strong>etc.</strong></span> <span class='ocrx_word' id='word_1_618' title='bbox 1226 4739 1279 4746; x_wconf 93' lang='lat'><strong>—</strong></span> <span class='ocrx_word' id='word_1_619' title='bbox 1300 4714 1373 4761; x_wconf 77' lang='lat' dir='ltr'><strong>ef.</strong></span> <span class='ocrx_word' id='word_1_620' title='bbox 1394 4715 1528 4760; x_wconf 86' lang='lat' dir='ltr'><strong>Jan.</strong></span> <span class='ocrx_word' id='word_1_621' title='bbox 1548 4716 1686 4759; x_wconf 83' lang='lat' dir='ltr'><strong>Ave-</strong></span> 
     </span>
     <span class='ocr_line' id='line_1_58' title="bbox 308 4772 1687 4835; baseline -0.002 -12"><span class='ocrx_word' id='word_1_622' title='bbox 308 4778 458 4825; x_wconf 79' lang='lat' dir='ltr'><strong>rane‘i</strong></span> <span class='ocrx_word' id='word_1_623' title='bbox 480 4778 745 4835; x_wconf 84' lang='lat' dir='ltr'><strong>interpret.</strong></span> <span class='ocrx_word' id='word_1_624' title='bbox 776 4775 876 4829; x_wconf 81' lang='lat' dir='ltr'><strong>jur.</strong></span> <span class='ocrx_word' id='word_1_625' title='bbox 901 4775 1007 4820; x_wconf 86' lang='lat' dir='ltr'><strong>Lib.</strong></span> <span class='ocrx_word' id='word_1_626' title='bbox 1033 4776 1112 4821; x_wconf 88' lang='lat' dir='ltr'><strong>tlt.</strong></span> <span class='ocrx_word' id='word_1_627' title='bbox 1142 4789 1185 4822; x_wconf 87' lang='lat' dir='ltr'><strong>c.</strong></span> <span class='ocrx_word' id='word_1_628' title='bbox 1212 4777 1291 4824; x_wconf 89' lang='grc'><strong>10.</strong></span> <span class='ocrx_word' id='word_1_629' title='bbox 1326 4790 1401 4822; x_wconf 91' lang='lat' dir='ltr'><strong>nr.</strong></span> <span class='ocrx_word' id='word_1_630' title='bbox 1425 4774 1530 4820; x_wconf 80' lang='grc'><strong>5-</strong></span> <span class='ocrx_word' id='word_1_631' title='bbox 1553 4772 1600 4821; x_wconf 83' lang='grc'><strong>5.</strong></span> <span class='ocrx_word' id='word_1_632' title='bbox 1625 4799 1687 4807; x_wconf 92' lang='lat'>-</span> 
     </span>
     <span class='ocr_line' id='line_1_59' title="bbox 306 4842 1686 4896; baseline -0.002 -9"><span class='ocrx_word' id='word_1_633' title='bbox 306 4842 522 4887; x_wconf 85' lang='lat' dir='ltr'><strong>Pecunia</strong></span> <span class='ocrx_word' id='word_1_634' title='bbox 548 4847 715 4886; x_wconf 85' lang='lat' dir='ltr'><strong>autem</strong></span> <span class='ocrx_word' id='word_1_635' title='bbox 734 4842 988 4885; x_wconf 83' lang='lat' dir='ltr'><strong>numerata</strong></span> <span class='ocrx_word' id='word_1_636' title='bbox 1004 4870 1019 4895; x_wconf 92' lang='lat'><strong>,</strong></span> <span class='ocrx_word' id='word_1_637' title='bbox 1035 4844 1276 4896; x_wconf 83' lang='lat' dir='ltr'><strong>quatenus</strong></span> <span class='ocrx_word' id='word_1_638' title='bbox 1298 4845 1352 4885; x_wconf 88' lang='lat' dir='ltr'><strong>ut</strong></span> <span class='ocrx_word' id='word_1_639' title='bbox 1374 4850 1548 4895; x_wconf 83' lang='lat' dir='ltr'><strong>corpus</strong></span> <span class='ocrx_word' id='word_1_640' title='bbox 1568 4850 1686 4884; x_wconf 91' lang='lat' dir='ltr'><strong>con-</strong></span> 
     </span>
     <span class='ocr_line' id='line_1_60' title="bbox 306 4897 1682 4959; baseline -0.001 -12"><span class='ocrx_word' id='word_1_641' title='bbox 306 4905 574 4958; x_wconf 78' lang='lat' dir='ltr'><strong>sideretur,</strong></span> <span class='ocrx_word' id='word_1_642' title='bbox 599 4914 661 4947; x_wconf 84' lang='lat' dir='ltr'><strong>ex</strong></span> <span class='ocrx_word' id='word_1_643' title='bbox 687 4903 806 4948; x_wconf 87' lang='lat' dir='ltr'><strong>locis</strong></span> <span class='ocrx_word' id='word_1_644' title='bbox 840 4901 914 4946; x_wconf 82' lang='lat' dir='ltr'><strong>bis</strong></span> <span class='ocrx_word' id='word_1_645' title='bbox 953 4901 1160 4958; x_wconf 79' lang='lat' dir='ltr'><strong>intelligi</strong></span> <span class='ocrx_word' id='word_1_646' title='bbox 1188 4914 1274 4959; x_wconf 88' lang='lat' dir='ltr'><strong>par</strong></span> <span class='ocrx_word' id='word_1_647' title='bbox 1310 4907 1381 4947; x_wconf 84' lang='lat' dir='ltr'><strong>est</strong></span> <span class='ocrx_word' id='word_1_648' title='bbox 1409 4917 1420 4946; x_wconf 87' lang='lat'>:</span> <span class='ocrx_word' id='word_1_649' title='bbox 1446 4901 1497 4944; x_wconf 91' lang='lat' dir='ltr'><strong>L.</strong></span> <span class='ocrx_word' id='word_1_650' title='bbox 1523 4897 1603 4945; x_wconf 83' lang='grc'><strong>24.</strong></span> <span class='ocrx_word' id='word_1_651' title='bbox 1629 4901 1682 4947; x_wconf 91' lang='lat' dir='ltr'><strong>D.</strong></span> 
     </span>
     <span class='ocr_line' id='line_1_61' title="bbox 309 4962 1684 5024; baseline -0.002 -13"><span class='ocrx_word' id='word_1_652' title='bbox 309 4966 542 5023; x_wconf 77' lang='lat' dir='ltr'><strong>depositi</strong></span> <span class='ocrx_word' id='word_1_653' title='bbox 560 4965 710 5024; x_wconf 71' lang='lat' dir='ltr'><strong>(xvi,</strong></span> <span class='ocrx_word' id='word_1_654' title='bbox 730 4963 801 5021; x_wconf 72' lang='grc' dir='ltr'><strong>ὅ.)</strong></span> <span class='ocrx_word' id='word_1_655' title='bbox 825 4988 878 4996; x_wconf 86' lang='grc'>-</span> <span class='ocrx_word' id='word_1_656' title='bbox 905 4963 956 5008; x_wconf 85' lang='lat' dir='ltr'><strong>L.</strong></span> <span class='ocrx_word' id='word_1_657' title='bbox 976 4962 1023 5009; x_wconf 76' lang='lat'><strong>3.</strong></span> <span class='ocrx_word' id='word_1_658' title='bbox 1045 4964 1096 5008; x_wconf 90' lang='lat' dir='ltr'><strong>in</strong></span> <span class='ocrx_word' id='word_1_659' title='bbox 1112 4963 1150 5009; x_wconf 80' lang='lat' dir='ltr'><strong>l&#39;.</strong></span> <span class='ocrx_word' id='word_1_660' title='bbox 1173 4969 1222 5009; x_wconf 86' lang='lat' dir='ltr'><strong>et</strong></span> <span class='ocrx_word' id='word_1_661' title='bbox 1243 4965 1294 5011; x_wconf 89' lang='lat' dir='ltr'><strong>L.</strong></span> <span class='ocrx_word' id='word_1_662' title='bbox 1320 4962 1368 5011; x_wconf 84' lang='grc'><strong>4.</strong></span> <span class='ocrx_word' id='word_1_663' title='bbox 1386 4964 1440 5008; x_wconf 93' lang='lat' dir='ltr'><strong>D.</strong></span> <span class='ocrx_word' id='word_1_664' title='bbox 1461 4974 1684 5009; x_wconf 84' lang='lat' dir='ltr'><strong>commo·</strong></span> 
     </span>
    </p>
   </div>
   <div class='ocr_carea' id='block_1_10' title="bbox 1724 2586 3122 5021">
    <p class='ocr_par' dir='ltr' id='par_1_14' title="bbox 1724 2586 3107 3018">
     <span class='ocr_line' id='line_1_62' title="bbox 1724 2586 3107 2646; baseline 0.001 -12"><span class='ocrx_word' id='word_1_665' title='bbox 1724 2592 1815 2635; x_wconf 83' lang='lat' dir='ltr'><strong>Fr.</strong></span> <span class='ocrx_word' id='word_1_666' title='bbox 1842 2591 1897 2632; x_wconf 85' lang='lat' dir='ltr'><strong>G.</strong></span> <span class='ocrx_word' id='word_1_667' title='bbox 1922 2589 2121 2634; x_wconf 71' lang='lat' dir='ltr'><strong>Str-uve</strong></span> <span class='ocrx_word' id='word_1_668' title='bbox 2142 2589 2290 2646; x_wconf 85' lang='lat' dir='ltr'><strong>(resp.</strong></span> <span class='ocrx_word' id='word_1_669' title='bbox 2321 2586 2548 2644; x_wconf 71' lang='lat' dir='ltr'><strong>Gelliud)</strong></span> <span class='ocrx_word' id='word_1_670' title='bbox 2573 2590 2628 2634; x_wconf 94' lang='lat' dir='ltr'><strong>D.</strong></span> <span class='ocrx_word' id='word_1_671' title='bbox 2653 2590 2714 2635; x_wconf 89' lang='lat' dir='ltr'><strong>de</strong></span> <span class='ocrx_word' id='word_1_672' title='bbox 2737 2590 2938 2645; x_wconf 78' lang='lat' dir='ltr'><strong>pecunia</strong></span> <span class='ocrx_word' id='word_1_673' title='bbox 2963 2601 3107 2646; x_wconf 83' lang='lat' dir='ltr'><strong>prae·-</strong></span> 
     </span>
     <span class='ocr_line' id='line_1_63' title="bbox 1729 2650 3106 2710; baseline -0.001 -14"><span class='ocrx_word' id='word_1_674' title='bbox 1729 2652 1844 2697; x_wconf 84' lang='lat' dir='ltr'><strong>sidii</strong></span> <span class='ocrx_word' id='word_1_675' title='bbox 1868 2660 2013 2695; x_wconf 81' lang='lat' dir='ltr'><strong>causa</strong></span> <span class='ocrx_word' id='word_1_676' title='bbox 2036 2651 2391 2708; x_wconf 82' lang='lat' dir='ltr'><strong>reposita,vom</strong></span> <span class='ocrx_word' id='word_1_677' title='bbox 2404 2650 2707 2707; x_wconf 83' lang='lat' dir='ltr'><strong>Spabr-oder</strong></span> <span class='ocrx_word' id='word_1_678' title='bbox 2727 2652 3106 2710; x_wconf 64' lang='lat' dir='ltr'><strong>Nulli-Pl&#39;cnnig,</strong></span> 
     </span>
     <span class='ocr_line' id='line_1_64' title="bbox 1729 2709 3107 2772; baseline 0.001 -11"><span class='ocrx_word' id='word_1_679' title='bbox 1729 2715 1841 2761; x_wconf 87' lang='lat' dir='ltr'><strong>Jen.</strong></span> <span class='ocrx_word' id='word_1_680' title='bbox 1885 2709 2026 2759; x_wconf 86' lang='grc'><strong>1710.</strong></span> <span class='ocrx_word' id='word_1_681' title='bbox 2069 2712 2118 2761; x_wconf 88' lang='grc'><strong>4.</strong></span> <span class='ocrx_word' id='word_1_682' title='bbox 2163 2718 2213 2760; x_wconf 86' lang='lat' dir='ltr'><strong>et</strong></span> <span class='ocrx_word' id='word_1_683' title='bbox 2252 2714 2451 2772; x_wconf 84' lang='lat' dir='ltr'><strong>inprim.</strong></span> <span class='ocrx_word' id='word_1_684' title='bbox 2479 2713 2786 2761; x_wconf 72' lang='lat' dir='ltr'><strong>Branchul.</strong></span> <span class='ocrx_word' id='word_1_685' title='bbox 2813 2716 2846 2761; x_wconf 91' lang='lat' dir='ltr'><strong>l.</strong></span> <span class='ocrx_word' id='word_1_686' title='bbox 2870 2727 2915 2762; x_wconf 86' lang='lat' dir='ltr'><strong>c.</strong></span> <span class='ocrx_word' id='word_1_687' title='bbox 2944 2711 3020 2762; x_wconf 77' lang='lat'><strong>15.</strong></span> <span class='ocrx_word' id='word_1_688' title='bbox 3045 2736 3107 2748; x_wconf 89' lang='lat'><strong>-·</strong></span> 
     </span>
     <span class='ocr_line' id='line_1_65' title="bbox 1734 2774 3105 2834; baseline 0 -11"><span class='ocrx_word' id='word_1_689' title='bbox 1734 2779 1786 2824; x_wconf 90' lang='lat' dir='ltr'><strong>C.</strong></span> <span class='ocrx_word' id='word_1_690' title='bbox 1812 2779 1866 2823; x_wconf 81' lang='lat' dir='ltr'><strong>L.</strong></span> <span class='ocrx_word' id='word_1_691' title='bbox 1895 2774 2038 2822; x_wconf 86' lang='lat' dir='ltr'><strong>Crelt</strong></span> <span class='ocrx_word' id='word_1_692' title='bbox 2066 2777 2121 2823; x_wconf 94' lang='lat' dir='ltr'><strong>D.</strong></span> <span class='ocrx_word' id='word_1_693' title='bbox 2158 2777 2220 2822; x_wconf 89' lang='lat' dir='ltr'><strong>de</strong></span> <span class='ocrx_word' id='word_1_694' title='bbox 2261 2778 2452 2834; x_wconf 87' lang='lat' dir='ltr'><strong>peculio</strong></span> <span class='ocrx_word' id='word_1_695' title='bbox 2494 2787 2811 2832; x_wconf 83' lang='lat' dir='ltr'><strong>personarum</strong></span> <span class='ocrx_word' id='word_1_696' title='bbox 2848 2779 2922 2823; x_wconf 84' lang='lat' dir='ltr'><strong>sui</strong></span> <span class='ocrx_word' id='word_1_697' title='bbox 2961 2776 3105 2832; x_wconf 83' lang='lat' dir='ltr'><strong>juris.</strong></span> 
     </span>
     <span class='ocr_line' id='line_1_66' title="bbox 1729 2836 3099 2896; baseline 0.001 -12"><span class='ocrx_word' id='word_1_698' title='bbox 1729 2840 1892 2885; x_wconf 83' lang='lat' dir='ltr'><strong>viteb.</strong></span> <span class='ocrx_word' id='word_1_699' title='bbox 1916 2836 2058 2883; x_wconf 84' lang='grc'><strong>1751.</strong></span> <span class='ocrx_word' id='word_1_700' title='bbox 2084 2862 2141 2871; x_wconf 90' lang='lat'><strong>--</strong></span> <span class='ocrx_word' id='word_1_701' title='bbox 2169 2842 2219 2885; x_wconf 83' lang='lat' dir='ltr'><strong>c.</strong></span> <span class='ocrx_word' id='word_1_702' title='bbox 2249 2842 2304 2885; x_wconf 80' lang='lat' dir='ltr'><strong>G.</strong></span> <span class='ocrx_word' id='word_1_703' title='bbox 2339 2837 2593 2885; x_wconf 81' lang='lat' dir='ltr'><strong>Haubold</strong></span> <span class='ocrx_word' id='word_1_704' title='bbox 2622 2840 2688 2884; x_wconf 78' lang='lat' dir='ltr'><strong>tle</strong></span> <span class='ocrx_word' id='word_1_705' title='bbox 2732 2840 2829 2896; x_wconf 83' lang='lat' dir='ltr'><strong>leg.</strong></span> <span class='ocrx_word' id='word_1_706' title='bbox 2871 2840 3099 2886; x_wconf 85' lang='lat' dir='ltr'><strong>nominis.</strong></span> 
     </span>
     <span class='ocr_line' id='line_1_67' title="bbox 1729 2895 2959 3018; baseline 0 -71"><span class='ocrx_word' id='word_1_707' title='bbox 1729 2902 1877 2960; x_wconf 85' lang='lat' dir='ltr'><strong>(Lips.</strong></span> <span class='ocrx_word' id='word_1_708' title='bbox 1901 2898 2063 2958; x_wconf 80' lang='grc'><strong>1793.)</strong></span> <span class='ocrx_word' id='word_1_709' title='bbox 2082 2902 2108 2955; x_wconf 74' lang='lat' dir='ltr'>S</span> <span class='ocrx_word' id='word_1_710' title='bbox 2128 2895 2175 2948; x_wconf 86' lang='grc'><strong>4.</strong></span> <span class='ocrx_word' id='word_1_711' title='bbox 2198 2914 2273 2948; x_wconf 90' lang='lat' dir='ltr'><strong>nr.</strong></span> <span class='ocrx_word' id='word_1_712' title='bbox 2293 2902 2352 3018; x_wconf 64' lang='lat' dir='ltr'><strong>tls.</strong></span> <span class='ocrx_word' id='word_1_713' title='bbox 2367 2901 2563 3009; x_wconf 58' lang='grc' dir='ltr'><strong>ἑὲῗιιοο.</strong></span> <span class='ocrx_word' id='word_1_714' title='bbox 2590 2903 2626 2946; x_wconf 91' lang='lat' dir='ltr'><strong>l.</strong></span> <span class='ocrx_word' id='word_1_715' title='bbox 2652 2914 2702 2960; x_wconf 93' lang='lat' dir='ltr'><strong>p.</strong></span> <span class='ocrx_word' id='word_1_716' title='bbox 2725 2899 2822 2949; x_wconf 85' lang='grc'><strong>515</strong></span> <span class='ocrx_word' id='word_1_717' title='bbox 2843 2905 2959 2961; x_wconf 85' lang='lat' dir='ltr'><strong>sq.).</strong></span> 
     </span>
    </p>

    <p class='ocr_par' dir='ltr' id='par_1_15' title="bbox 1730 3024 3111 3519">
     <span class='ocr_line' id='line_1_68' title="bbox 1798 3024 3109 3089; baseline 0.002 -18"><span class='ocrx_word' id='word_1_718' title='bbox 1798 3024 1862 3089; x_wconf 59' lang='lat'><strong>(³)</strong></span> <span class='ocrx_word' id='word_1_719' title='bbox 1890 3028 1941 3071; x_wconf 76' lang='lat' dir='ltr'><strong>L.</strong></span> <span class='ocrx_word' id='word_1_720' title='bbox 1955 3028 2011 3072; x_wconf 89' lang='lat' dir='ltr'><strong>G.</strong></span> <span class='ocrx_word' id='word_1_721' title='bbox 2027 3028 2214 3085; x_wconf 74' lang='lat' dir='ltr'><strong>Moqen</strong></span> <span class='ocrx_word' id='word_1_722' title='bbox 2236 3037 2413 3071; x_wconf 86' lang='lat' dir='ltr'><strong>comm.</strong></span> <span class='ocrx_word' id='word_1_723' title='bbox 2437 3027 2620 3071; x_wconf 79' lang='lat' dir='ltr'><strong>devera</strong></span> <span class='ocrx_word' id='word_1_724' title='bbox 2639 3036 2697 3071; x_wconf 83' lang='lat' dir='ltr'><strong>ac</strong></span> <span class='ocrx_word' id='word_1_725' title='bbox 2712 3026 2923 3081; x_wconf 80' lang='lat' dir='ltr'><strong>genuina</strong></span> <span class='ocrx_word' id='word_1_726' title='bbox 2944 3038 3109 3074; x_wconf 87' lang='lat' dir='ltr'><strong>rerum</strong></span> 
     </span>
     <span class='ocr_line' id='line_1_69' title="bbox 1731 3087 3107 3143; baseline -0.001 -7"><span class='ocrx_word' id='word_1_727' title='bbox 1731 3089 1986 3137; x_wconf 83' lang='lat' dir='ltr'><strong>mobilium</strong></span> <span class='ocrx_word' id='word_1_728' title='bbox 1998 3088 2376 3134; x_wconf 84' lang='lat' dir='ltr'><strong>etimmobilium</strong></span> <span class='ocrx_word' id='word_1_729' title='bbox 2390 3087 2670 3139; x_wconf 75' lang='lat' dir='ltr'><strong>indole,sec.</strong></span> <span class='ocrx_word' id='word_1_730' title='bbox 2684 3087 2973 3143; x_wconf 63' lang='lat' dir='ltr'><strong>‹livet-sajum</strong></span> <span class='ocrx_word' id='word_1_731' title='bbox 2982 3101 3107 3135; x_wconf 88' lang='lat' dir='ltr'><strong>rom.</strong></span> 
     </span>
     <span class='ocr_line' id='line_1_70' title="bbox 1730 3146 3108 3273; baseline -0.001 -12"><span class='ocrx_word' id='word_1_732' title='bbox 1730 3147 2526 3273; x_wconf 54' lang='lat' dir='ltr'><strong>0¹{325³·.v‘.220131222¹;;⁸..¹.⁷2t</strong></span> <span class='ocrx_word' id='word_1_733' title='bbox 2533 3146 2844 3269; x_wconf 41' lang='lat' dir='ltr'><strong>&amp;af-§3⁹-</strong></span> <span class='ocrx_word' id='word_1_734' title='bbox 2858 3148 3108 3260; x_wconf 48' lang='lat' dir='ltr'><strong>..W</strong></span> 
     </span>
     <span class='ocr_line' id='line_1_71' title="bbox 1734 3272 3109 3333; baseline -0.001 -9"><span class='ocrx_word' id='word_1_735' title='bbox 1734 3277 1802 3324; x_wconf 84' lang='lat' dir='ltr'><strong>de</strong></span> <span class='ocrx_word' id='word_1_736' title='bbox 1826 3274 2013 3332; x_wconf 82' lang='lat' dir='ltr'><strong>supelt.</strong></span> <span class='ocrx_word' id='word_1_737' title='bbox 2040 3274 2135 3333; x_wconf 73' lang='lat' dir='ltr'><strong>leq.</strong></span> <span class='ocrx_word' id='word_1_738' title='bbox 2159 3273 2395 3333; x_wconf 74' lang='lat' dir='ltr'><strong>(xxxlll,</strong></span> <span class='ocrx_word' id='word_1_739' title='bbox 2420 3273 2495 3321; x_wconf 92' lang='grc'><strong>10.</strong></span> <span class='ocrx_word' id='word_1_740' title='bbox 2523 3274 2538 3329; x_wconf 91' lang='grc'><strong>)</strong></span> <span class='ocrx_word' id='word_1_741' title='bbox 2586 3298 2638 3305; x_wconf 83' lang='lat'>—</span> <span class='ocrx_word' id='word_1_742' title='bbox 2668 3274 2718 3319; x_wconf 86' lang='lat' dir='ltr'><strong>t..</strong></span> <span class='ocrx_word' id='word_1_743' title='bbox 2741 3272 2816 3320; x_wconf 92' lang='grc'><strong>15.</strong></span> <span class='ocrx_word' id='word_1_744' title='bbox 2837 3276 2864 3330; x_wconf 77' lang='lat' dir='ltr'>S</span> <span class='ocrx_word' id='word_1_745' title='bbox 2886 3274 2933 3320; x_wconf 80' lang='lat'><strong>2.</strong></span> <span class='ocrx_word' id='word_1_746' title='bbox 2958 3275 3014 3320; x_wconf 91' lang='lat' dir='ltr'><strong>D.</strong></span> <span class='ocrx_word' id='word_1_747' title='bbox 3039 3274 3109 3322; x_wconf 80' lang='lat' dir='ltr'><strong>de</strong></span> 
     </span>
     <span class='ocr_line' id='line_1_72' title="bbox 1737 3331 3111 3396; baseline -0.001 -11"><span class='ocrx_word' id='word_1_748' title='bbox 1737 3351 1800 3387; x_wconf 85' lang='lat' dir='ltr'><strong>re</strong></span> <span class='ocrx_word' id='word_1_749' title='bbox 1823 3339 1948 3394; x_wconf 85' lang='lat' dir='ltr'><strong>jud.</strong></span> <span class='ocrx_word' id='word_1_750' title='bbox 1972 3335 2131 3396; x_wconf 74' lang='lat' dir='ltr'><strong>(XLII,</strong></span> <span class='ocrx_word' id='word_1_751' title='bbox 2152 3337 2218 3393; x_wconf 87' lang='lat'><strong>1.)</strong></span> <span class='ocrx_word' id='word_1_752' title='bbox 2244 3358 2298 3366; x_wconf 91' lang='lat'><strong>-—</strong></span> <span class='ocrx_word' id='word_1_753' title='bbox 2325 3338 2377 3382; x_wconf 88' lang='lat' dir='ltr'><strong>t..</strong></span> <span class='ocrx_word' id='word_1_754' title='bbox 2415 3335 2463 3383; x_wconf 87' lang='grc'><strong>5.</strong></span> <span class='ocrx_word' id='word_1_755' title='bbox 2486 3340 2511 3393; x_wconf 70' lang='lat'><strong>3</strong></span> <span class='ocrx_word' id='word_1_756' title='bbox 2535 3331 2580 3380; x_wconf 93' lang='grc'><strong>1.</strong></span> <span class='ocrx_word' id='word_1_757' title='bbox 2619 3336 2673 3382; x_wconf 93' lang='lat' dir='ltr'><strong>D.</strong></span> <span class='ocrx_word' id='word_1_758' title='bbox 2710 3334 2778 3383; x_wconf 80' lang='lat' dir='ltr'><strong>de</strong></span> <span class='ocrx_word' id='word_1_759' title='bbox 2802 3335 3002 3394; x_wconf 83' lang='lat' dir='ltr'><strong>requir.</strong></span> <span class='ocrx_word' id='word_1_760' title='bbox 3027 3338 3111 3384; x_wconf 86' lang='lat' dir='ltr'><strong>vet</strong></span> 
     </span>
     <span class='ocr_line' id='line_1_73' title="bbox 1738 3396 3110 3456; baseline -0.001 -8"><span class='ocrx_word' id='word_1_761' title='bbox 1738 3399 1998 3449; x_wconf 84' lang='lat' dir='ltr'><strong>absentib.</strong></span> <span class='ocrx_word' id='word_1_762' title='bbox 2017 3398 2313 3446; x_wconf 69' lang='lat' dir='ltr'><strong>damnanti.</strong></span> <span class='ocrx_word' id='word_1_763' title='bbox 2340 3399 2546 3456; x_wconf 79' lang='lat' dir='ltr'><strong>(XLVlll</strong></span> <span class='ocrx_word' id='word_1_764' title='bbox 2566 3432 2580 3445; x_wconf 92' lang='lat'><strong>.</strong></span> <span class='ocrx_word' id='word_1_765' title='bbox 2606 3396 2767 3453; x_wconf 89' lang='grc'><strong>17.)-</strong></span> <span class='ocrx_word' id='word_1_766' title='bbox 2786 3401 2837 3446; x_wconf 92' lang='lat' dir='ltr'><strong>L.</strong></span> <span class='ocrx_word' id='word_1_767' title='bbox 2860 3397 2941 3444; x_wconf 78' lang='grc'><strong>93.</strong></span> <span class='ocrx_word' id='word_1_768' title='bbox 2966 3401 3021 3445; x_wconf 93' lang='lat' dir='ltr'><strong>D.</strong></span> <span class='ocrx_word' id='word_1_769' title='bbox 3040 3398 3110 3446; x_wconf 80' lang='lat' dir='ltr'><strong>de</strong></span> 
     </span>
     <span class='ocr_line' id='line_1_74' title="bbox 1740 3458 3107 3519; baseline -0.002 -8"><span class='ocrx_word' id='word_1_770' title='bbox 1740 3466 1812 3512; x_wconf 90' lang='lat' dir='ltr'><strong>V.</strong></span> <span class='ocrx_word' id='word_1_771' title='bbox 1835 3466 1887 3511; x_wconf 84' lang='lat' dir='ltr'><strong>S.</strong></span> <span class='ocrx_word' id='word_1_772' title='bbox 1921 3488 1981 3496; x_wconf 89' lang='lat'><strong>—-</strong></span> <span class='ocrx_word' id='word_1_773' title='bbox 2006 3464 2057 3509; x_wconf 90' lang='lat' dir='ltr'><strong>L.</strong></span> <span class='ocrx_word' id='word_1_774' title='bbox 2080 3459 2161 3510; x_wconf 94' lang='grc'><strong>49.</strong></span> <span class='ocrx_word' id='word_1_775' title='bbox 2186 3462 2211 3516; x_wconf 78' lang='lat' dir='ltr'>S</span> <span class='ocrx_word' id='word_1_776' title='bbox 2232 3460 2280 3506; x_wconf 87' lang='grc'><strong>2.</strong></span> <span class='ocrx_word' id='word_1_777' title='bbox 2306 3463 2359 3507; x_wconf 82' lang='lat' dir='ltr'><strong>C.</strong></span> <span class='ocrx_word' id='word_1_778' title='bbox 2400 3461 2467 3509; x_wconf 87' lang='lat' dir='ltr'><strong>de</strong></span> <span class='ocrx_word' id='word_1_779' title='bbox 2495 3458 2654 3519; x_wconf 82' lang='lat' dir='ltr'><strong>episc.</strong></span> <span class='ocrx_word' id='word_1_780' title='bbox 2678 3464 2732 3507; x_wconf 86' lang='lat' dir='ltr'><strong>et</strong></span> <span class='ocrx_word' id='word_1_781' title='bbox 2750 3462 2920 3515; x_wconf 63' lang='lat' dir='ltr'><strong>alent,</strong></span> <span class='ocrx_word' id='word_1_782' title='bbox 2938 3459 2987 3507; x_wconf 79' lang='lat'><strong>5.</strong></span> <span class='ocrx_word' id='word_1_783' title='bbox 3008 3466 3107 3508; x_wconf 84' lang='lat' dir='ltr'><strong>etc.</strong></span> 
     </span>
    </p>

    <p class='ocr_par' dir='ltr' id='par_1_16' title="bbox 1740 3522 3110 3708">
     <span class='ocr_line' id='line_1_75' title="bbox 1803 3522 3110 3584; baseline -0.002 -13"><span class='ocrx_word' id='word_1_784' title='bbox 1803 3526 1852 3584; x_wconf 79' lang='lat'><strong>2)</strong></span> <span class='ocrx_word' id='word_1_785' title='bbox 1874 3527 1928 3572; x_wconf 87' lang='lat' dir='ltr'><strong>L.</strong></span> <span class='ocrx_word' id='word_1_786' title='bbox 1958 3524 2007 3571; x_wconf 91' lang='grc'><strong>6.</strong></span> <span class='ocrx_word' id='word_1_787' title='bbox 2031 3538 2105 3584; x_wconf 90' lang='lat' dir='ltr'><strong>pr.</strong></span> <span class='ocrx_word' id='word_1_788' title='bbox 2126 3525 2181 3570; x_wconf 87' lang='lat' dir='ltr'><strong>D.</strong></span> <span class='ocrx_word' id='word_1_789' title='bbox 2206 3524 2277 3569; x_wconf 81' lang='lat' dir='ltr'><strong>de</strong></span> <span class='ocrx_word' id='word_1_790' title='bbox 2297 3523 2618 3580; x_wconf 75' lang='lat' dir='ltr'><strong>supellectile</strong></span> <span class='ocrx_word' id='word_1_791' title='bbox 2636 3525 2731 3583; x_wconf 73' lang='lat' dir='ltr'><strong>leq.</strong></span> <span class='ocrx_word' id='word_1_792' title='bbox 2754 3524 2959 3578; x_wconf 78' lang='lat' dir='ltr'><strong>(xxxltt</strong></span> <span class='ocrx_word' id='word_1_793' title='bbox 2974 3558 2990 3582; x_wconf 84' lang='lat'>‚</span> <span class='ocrx_word' id='word_1_794' title='bbox 3010 3522 3110 3580; x_wconf 92' lang='grc'><strong>10.)</strong></span> 
     </span>
     <span class='ocr_line' id='line_1_76' title="bbox 1740 3584 3110 3647; baseline -0.003 -12"><span class='ocrx_word' id='word_1_795' title='bbox 1740 3614 1802 3622; x_wconf 91' lang='grc'>-</span> <span class='ocrx_word' id='word_1_796' title='bbox 1827 3591 1878 3635; x_wconf 90' lang='lat' dir='ltr'><strong>L.</strong></span> <span class='ocrx_word' id='word_1_797' title='bbox 1904 3590 1952 3636; x_wconf 85' lang='lat'><strong>1.</strong></span> <span class='ocrx_word' id='word_1_798' title='bbox 1977 3594 2026 3634; x_wconf 87' lang='lat' dir='ltr'><strong>et</strong></span> <span class='ocrx_word' id='word_1_799' title='bbox 2046 3584 2096 3634; x_wconf 91' lang='grc'><strong>7.</strong></span> <span class='ocrx_word' id='word_1_800' title='bbox 2122 3600 2197 3646; x_wconf 92' lang='lat' dir='ltr'><strong>pr.</strong></span> <span class='ocrx_word' id='word_1_801' title='bbox 2222 3584 2338 3631; x_wconf 80' lang='lat' dir='ltr'><strong>eod.</strong></span> <span class='ocrx_word' id='word_1_802' title='bbox 2362 3611 2422 3619; x_wconf 89' lang='lat'>—</span> <span class='ocrx_word' id='word_1_803' title='bbox 2445 3585 2632 3645; x_wconf 75' lang='lat' dir='ltr'><strong>Aeqid.</strong></span> <span class='ocrx_word' id='word_1_804' title='bbox 2676 3586 2911 3647; x_wconf 70' lang='lat' dir='ltr'><strong>Menayii</strong></span> <span class='ocrx_word' id='word_1_805' title='bbox 2942 3598 3110 3632; x_wconf 85' lang='lat' dir='ltr'><strong>amoe-</strong></span> 
     </span>
     <span class='ocr_line' id='line_1_77' title="bbox 1741 3647 2632 3708; baseline -0.001 -12"><span class='ocrx_word' id='word_1_806' title='bbox 1741 3651 1884 3698; x_wconf 81' lang='lat' dir='ltr'><strong>nitat.</strong></span> <span class='ocrx_word' id='word_1_807' title='bbox 1909 3652 2002 3708; x_wconf 87' lang='lat' dir='ltr'><strong>jur.</strong></span> <span class='ocrx_word' id='word_1_808' title='bbox 2027 3651 2119 3695; x_wconf 80' lang='lat' dir='ltr'><strong>civ.</strong></span> <span class='ocrx_word' id='word_1_809' title='bbox 2144 3662 2187 3695; x_wconf 87' lang='lat' dir='ltr'><strong>c.</strong></span> <span class='ocrx_word' id='word_1_810' title='bbox 2209 3647 2289 3694; x_wconf 80' lang='lat'><strong>29.</strong></span> <span class='ocrx_word' id='word_1_811' title='bbox 2310 3660 2354 3692; x_wconf 88' lang='lat' dir='ltr'><strong>v.</strong></span> <span class='ocrx_word' id='word_1_812' title='bbox 2375 3650 2632 3705; x_wconf 74' lang='lat' dir='ltr'><strong>supellex.</strong></span> 
     </span>
    </p>

    <p class='ocr_par' dir='ltr' id='par_1_17' title="bbox 1744 3708 3114 4077">
     <span class='ocr_line' id='line_1_78' title="bbox 1806 3708 3114 3770; baseline -0.004 -11"><span class='ocrx_word' id='word_1_813' title='bbox 1806 3712 1855 3770; x_wconf 77' lang='lat'><strong>3)</strong></span> <span class='ocrx_word' id='word_1_814' title='bbox 1882 3716 1933 3761; x_wconf 90' lang='lat' dir='ltr'><strong>L.</strong></span> <span class='ocrx_word' id='word_1_815' title='bbox 1964 3714 2013 3759; x_wconf 73' lang='lat'><strong>8.</strong></span> <span class='ocrx_word' id='word_1_816' title='bbox 2050 3714 2100 3758; x_wconf 91' lang='lat' dir='ltr'><strong>L.</strong></span> <span class='ocrx_word' id='word_1_817' title='bbox 2128 3713 2207 3757; x_wconf 80' lang='lat'><strong>12.</strong></span> <span class='ocrx_word' id='word_1_818' title='bbox 2231 3723 2305 3768; x_wconf 88' lang='lat' dir='ltr'><strong>pr.</strong></span> <span class='ocrx_word' id='word_1_819' title='bbox 2331 3710 2458 3767; x_wconf 70' lang='lat'><strong>312.</strong></span> <span class='ocrx_word' id='word_1_820' title='bbox 2492 3709 2603 3769; x_wconf 75' lang='grc'><strong>316</strong></span> <span class='ocrx_word' id='word_1_821' title='bbox 2627 3735 2685 3742; x_wconf 93' lang='grc'><strong>-</strong></span> <span class='ocrx_word' id='word_1_822' title='bbox 2709 3710 2787 3757; x_wconf 78' lang='grc'><strong>25.</strong></span> <span class='ocrx_word' id='word_1_823' title='bbox 2815 3708 2939 3768; x_wconf 69' lang='lat'><strong>327.</strong></span> <span class='ocrx_word' id='word_1_824' title='bbox 2964 3710 3020 3755; x_wconf 91' lang='lat' dir='ltr'><strong>D.</strong></span> <span class='ocrx_word' id='word_1_825' title='bbox 3045 3708 3114 3755; x_wconf 85' lang='lat' dir='ltr'><strong>de</strong></span> 
     </span>
     <span class='ocr_line' id='line_1_79' title="bbox 1745 3772 3111 3834; baseline -0.003 -12"><span class='ocrx_word' id='word_1_826' title='bbox 1745 3776 2010 3823; x_wconf 83' lang='lat' dir='ltr'><strong>instructo</strong></span> <span class='ocrx_word' id='word_1_827' title='bbox 2028 3775 2114 3821; x_wconf 90' lang='lat' dir='ltr'><strong>vel</strong></span> <span class='ocrx_word' id='word_1_828' title='bbox 2127 3774 2375 3820; x_wconf 81' lang='lat' dir='ltr'><strong>instrum.</strong></span> <span class='ocrx_word' id='word_1_829' title='bbox 2398 3775 2498 3834; x_wconf 75' lang='lat' dir='ltr'><strong>leq.</strong></span> <span class='ocrx_word' id='word_1_830' title='bbox 2523 3772 2833 3829; x_wconf 56' lang='lat' dir='ltr'><strong>(xxxma.</strong></span> <span class='ocrx_word' id='word_1_831' title='bbox 2857 3776 2872 3829; x_wconf 94' lang='lat'>)</span> <span class='ocrx_word' id='word_1_832' title='bbox 2895 3796 2955 3805; x_wconf 84' lang='lat'><strong>—-</strong></span> <span class='ocrx_word' id='word_1_833' title='bbox 2999 3772 3111 3818; x_wconf 82' lang='lat' dir='ltr'><strong>vid.</strong></span> 
     </span>
     <span class='ocr_line' id='line_1_80' title="bbox 1745 3832 3112 3896; baseline -0.007 -9"><span class='ocrx_word' id='word_1_834' title='bbox 1745 3839 1950 3896; x_wconf 77' lang='lat' dir='ltr'><strong>cujacii</strong></span> <span class='ocrx_word' id='word_1_835' title='bbox 1973 3838 2189 3885; x_wconf 81' lang='lat' dir='ltr'><strong>Paratitl.</strong></span> <span class='ocrx_word' id='word_1_836' title='bbox 2215 3836 2276 3882; x_wconf 84' lang='lat' dir='ltr'><strong>ad</strong></span> <span class='ocrx_word' id='word_1_837' title='bbox 2293 3837 2390 3881; x_wconf 86' lang='lat' dir='ltr'><strong>Tit.</strong></span> <span class='ocrx_word' id='word_1_838' title='bbox 2403 3838 2507 3893; x_wconf 81' lang='lat' dir='ltr'><strong>Dig.</strong></span> <span class='ocrx_word' id='word_1_839' title='bbox 2522 3836 2799 3882; x_wconf 58' lang='grc' dir='ltr'><strong>(ῆι-ΑΜ.</strong></span> <span class='ocrx_word' id='word_1_840' title='bbox 2818 3832 3112 3893; x_wconf 75' lang='lat' dir='ltr'><strong>Auqustini</strong></span> 
     </span>
     <span class='ocr_line' id='line_1_81' title="bbox 1744 3895 3111 3957; baseline -0.003 -11"><span class='ocrx_word' id='word_1_841' title='bbox 1744 3901 1988 3948; x_wconf 82' lang='lat' dir='ltr'><strong>emendat.</strong></span> <span class='ocrx_word' id='word_1_842' title='bbox 2014 3906 2062 3947; x_wconf 87' lang='lat' dir='ltr'><strong>et</strong></span> <span class='ocrx_word' id='word_1_843' title='bbox 2089 3900 2226 3957; x_wconf 87' lang='lat' dir='ltr'><strong>opin.</strong></span> <span class='ocrx_word' id='word_1_844' title='bbox 2256 3899 2273 3954; x_wconf 98' lang='lat'>(</span> <span class='ocrx_word' id='word_1_845' title='bbox 2297 3899 2415 3945; x_wconf 83' lang='lat' dir='ltr'><strong>otto</strong></span> <span class='ocrx_word' id='word_1_846' title='bbox 2438 3898 2650 3944; x_wconf 85' lang='lat' dir='ltr'><strong>thesaur.</strong></span> <span class='ocrx_word' id='word_1_847' title='bbox 2681 3898 2739 3942; x_wconf 85' lang='lat' dir='ltr'><strong>T.</strong></span> <span class='ocrx_word' id='word_1_848' title='bbox 2767 3899 2878 3954; x_wconf 85' lang='lat' dir='ltr'><strong>lv.)</strong></span> <span class='ocrx_word' id='word_1_849' title='bbox 2915 3895 3024 3942; x_wconf 86' lang='lat' dir='ltr'><strong>Lib.</strong></span> <span class='ocrx_word' id='word_1_850' title='bbox 3050 3897 3111 3942; x_wconf 91' lang='grc'><strong>11.</strong></span> 
     </span>
     <span class='ocr_line' id='line_1_82' title="bbox 1746 3958 3112 4015; baseline -0.004 -5"><span class='ocrx_word' id='word_1_851' title='bbox 1746 3978 1791 4011; x_wconf 92' lang='lat' dir='ltr'><strong>c.</strong></span> <span class='ocrx_word' id='word_1_852' title='bbox 1811 3963 1860 4012; x_wconf 89' lang='grc'><strong>4.</strong></span> <span class='ocrx_word' id='word_1_853' title='bbox 1884 3989 1944 3997; x_wconf 89' lang='grc'>-</span> <span class='ocrx_word' id='word_1_854' title='bbox 1968 3964 2207 4010; x_wconf 82' lang='lat' dir='ltr'><strong>Brisson.</strong></span> <span class='ocrx_word' id='word_1_855' title='bbox 2233 3974 2348 4007; x_wconf 87' lang='lat' dir='ltr'><strong>voce</strong></span> <span class='ocrx_word' id='word_1_856' title='bbox 2369 3960 2781 4007; x_wconf 76' lang='lat' dir='ltr'><strong>instrumentum</strong></span> <span class='ocrx_word' id='word_1_857' title='bbox 2827 3962 2852 4015; x_wconf 68' lang='lat' dir='ltr'>S</span> <span class='ocrx_word' id='word_1_858' title='bbox 2885 3958 2931 4005; x_wconf 80' lang='grc'><strong>2.</strong></span> <span class='ocrx_word' id='word_1_859' title='bbox 2969 3982 3029 3991; x_wconf 90' lang='lat'>-</span> <span class='ocrx_word' id='word_1_860' title='bbox 3053 3960 3112 4005; x_wconf 86' lang='lat' dir='ltr'><strong>G.</strong></span> 
     </span>
     <span class='ocr_line' id='line_1_83' title="bbox 1750 4019 2984 4077; baseline -0.006 -3"><span class='ocrx_word' id='word_1_861' title='bbox 1750 4030 1809 4075; x_wconf 81' lang='lat'><strong>1..</strong></span> <span class='ocrx_word' id='word_1_862' title='bbox 1833 4028 2017 4073; x_wconf 70' lang='lat' dir='ltr'><strong>Funlre</strong></span> <span class='ocrx_word' id='word_1_863' title='bbox 2038 4025 2115 4073; x_wconf 86' lang='lat' dir='ltr'><strong>die</strong></span> <span class='ocrx_word' id='word_1_864' title='bbox 2136 4024 2287 4070; x_wconf 87' lang='lat' dir='ltr'><strong>Lebre</strong></span> <span class='ocrx_word' id='word_1_865' title='bbox 2310 4036 2403 4069; x_wconf 76' lang='lat' dir='ltr'><strong>von</strong></span> <span class='ocrx_word' id='word_1_866' title='bbox 2424 4025 2518 4069; x_wconf 89' lang='lat' dir='ltr'><strong>den</strong></span> <span class='ocrx_word' id='word_1_867' title='bbox 2546 4022 2865 4067; x_wconf 87' lang='lat' dir='ltr'><strong>Pertinenzen</strong></span> <span class='ocrx_word' id='word_1_868' title='bbox 2886 4024 2912 4077; x_wconf 69' lang='grc' dir='ltr'><strong><em>ς</em></strong></span> <span class='ocrx_word' id='word_1_869' title='bbox 2935 4019 2984 4067; x_wconf 92' lang='grc'><strong>7.</strong></span> 
     </span>
    </p>

    <p class='ocr_par' dir='ltr' id='par_1_18' title="bbox 1742 4084 3120 4330">
     <span class='ocr_line' id='line_1_84' title="bbox 1807 4084 3120 4145; baseline -0.005 -9"><span class='ocrx_word' id='word_1_870' title='bbox 1807 4088 1855 4145; x_wconf 87' lang='grc'><strong>4)</strong></span> <span class='ocrx_word' id='word_1_871' title='bbox 1879 4090 1930 4135; x_wconf 88' lang='lat' dir='ltr'><strong>L.</strong></span> <span class='ocrx_word' id='word_1_872' title='bbox 1950 4087 2031 4135; x_wconf 78' lang='grc'><strong>23.</strong></span> <span class='ocrx_word' id='word_1_873' title='bbox 2056 4089 2110 4133; x_wconf 91' lang='lat' dir='ltr'><strong>D.</strong></span> <span class='ocrx_word' id='word_1_874' title='bbox 2134 4086 2203 4132; x_wconf 82' lang='lat' dir='ltr'><strong>de</strong></span> <span class='ocrx_word' id='word_1_875' title='bbox 2224 4098 2393 4145; x_wconf 87' lang='lat' dir='ltr'><strong>auro,</strong></span> <span class='ocrx_word' id='word_1_876' title='bbox 2417 4085 2666 4144; x_wconf 75' lang='lat' dir='ltr'><strong>arqentO,</strong></span> <span class='ocrx_word' id='word_1_877' title='bbox 2694 4084 2913 4145; x_wconf 82' lang='lat' dir='ltr'><strong>mundo,</strong></span> <span class='ocrx_word' id='word_1_878' title='bbox 2954 4094 3120 4130; x_wconf 83' lang='lat' dir='ltr'><strong>orna-</strong></span> 
     </span>
     <span class='ocr_line' id='line_1_85' title="bbox 1747 4145 3118 4209; baseline -0.006 -11"><span class='ocrx_word' id='word_1_879' title='bbox 1747 4151 1963 4207; x_wconf 81' lang='lat' dir='ltr'><strong>mentis,</strong></span> <span class='ocrx_word' id='word_1_880' title='bbox 1988 4148 2301 4209; x_wconf 75' lang='lat' dir='ltr'><strong>unqucntls‚</strong></span> <span class='ocrx_word' id='word_1_881' title='bbox 2349 4149 2491 4193; x_wconf 83' lang='lat' dir='ltr'><strong>veste</strong></span> <span class='ocrx_word' id='word_1_882' title='bbox 2534 4146 2618 4191; x_wconf 86' lang='lat' dir='ltr'><strong>vel</strong></span> <span class='ocrx_word' id='word_1_883' title='bbox 2659 4145 2983 4194; x_wconf 84' lang='lat' dir='ltr'><strong>vestimentis</strong></span> <span class='ocrx_word' id='word_1_884' title='bbox 3003 4180 3020 4207; x_wconf 87' lang='lat'><strong>,</strong></span> <span class='ocrx_word' id='word_1_885' title='bbox 3060 4147 3118 4191; x_wconf 82' lang='lat' dir='ltr'><strong>et</strong></span> 
     </span>
     <span class='ocr_line' id='line_1_86' title="bbox 1742 4204 3113 4271; baseline -0.004 -12"><span class='ocrx_word' id='word_1_886' title='bbox 1742 4213 1934 4260; x_wconf 83' lang='lat' dir='ltr'><strong>statuis</strong></span> <span class='ocrx_word' id='word_1_887' title='bbox 1955 4212 2141 4271; x_wconf 76' lang='lat' dir='ltr'><strong>leqate&#39;s</strong></span> <span class='ocrx_word' id='word_1_888' title='bbox 2161 4211 2385 4268; x_wconf 77' lang='lat' dir='ltr'><strong>(XXXIV,</strong></span> <span class='ocrx_word' id='word_1_889' title='bbox 2402 4207 2471 4266; x_wconf 86' lang='grc'><strong>2.)</strong></span> <span class='ocrx_word' id='word_1_890' title='bbox 2498 4231 2559 4240; x_wconf 90' lang='grc'>-</span> <span class='ocrx_word' id='word_1_891' title='bbox 2579 4208 2633 4252; x_wconf 90' lang='lat' dir='ltr'><strong>L.</strong></span> <span class='ocrx_word' id='word_1_892' title='bbox 2658 4204 2770 4253; x_wconf 84' lang='grc'><strong>127.</strong></span> <span class='ocrx_word' id='word_1_893' title='bbox 2796 4210 2851 4255; x_wconf 94' lang='lat' dir='ltr'><strong>D.</strong></span> <span class='ocrx_word' id='word_1_894' title='bbox 2877 4209 2946 4255; x_wconf 82' lang='lat' dir='ltr'><strong>de</strong></span> <span class='ocrx_word' id='word_1_895' title='bbox 2965 4211 3036 4257; x_wconf 90' lang='lat' dir='ltr'><strong>V.</strong></span> <span class='ocrx_word' id='word_1_896' title='bbox 3057 4211 3113 4256; x_wconf 90' lang='lat' dir='ltr'><strong>S.</strong></span> 
     </span>
     <span class='ocr_line' id='line_1_87' title="bbox 1747 4267 2810 4330; baseline -0.007 -8"><span class='ocrx_word' id='word_1_897' title='bbox 1747 4301 1804 4309; x_wconf 88' lang='lat'>—</span> <span class='ocrx_word' id='word_1_898' title='bbox 1825 4277 1899 4322; x_wconf 74' lang='lat' dir='ltr'><strong>Cf.</strong></span> <span class='ocrx_word' id='word_1_899' title='bbox 1926 4275 1977 4319; x_wconf 90' lang='lat' dir='ltr'><strong>L.</strong></span> <span class='ocrx_word' id='word_1_900' title='bbox 1999 4272 2077 4321; x_wconf 89' lang='grc'><strong>15.</strong></span> <span class='ocrx_word' id='word_1_901' title='bbox 2100 4276 2125 4330; x_wconf 79' lang='lat' dir='ltr'>S</span> <span class='ocrx_word' id='word_1_902' title='bbox 2145 4275 2194 4320; x_wconf 89' lang='grc'><strong>5.</strong></span> <span class='ocrx_word' id='word_1_903' title='bbox 2219 4273 2272 4318; x_wconf 92' lang='lat' dir='ltr'><strong>D.</strong></span> <span class='ocrx_word' id='word_1_904' title='bbox 2298 4271 2366 4318; x_wconf 84' lang='lat' dir='ltr'><strong>de</strong></span> <span class='ocrx_word' id='word_1_905' title='bbox 2389 4267 2567 4322; x_wconf 78' lang='lat' dir='ltr'><strong>ususr.</strong></span> <span class='ocrx_word' id='word_1_906' title='bbox 2597 4270 2718 4327; x_wconf 79' lang='lat' dir='ltr'><strong>(Vll,</strong></span> <span class='ocrx_word' id='word_1_907' title='bbox 2743 4270 2810 4327; x_wconf 89' lang='lat'><strong>1.)</strong></span> 
     </span>
    </p>

    <p class='ocr_par' dir='ltr' id='par_1_19' title="bbox 1749 4331 3119 4706">
     <span class='ocr_line' id='line_1_88' title="bbox 1809 4331 3116 4394; baseline -0.002 -11"><span class='ocrx_word' id='word_1_908' title='bbox 1809 4334 1859 4394; x_wconf 83' lang='lat'><strong>5)</strong></span> <span class='ocrx_word' id='word_1_909' title='bbox 1900 4338 2087 4383; x_wconf 82' lang='lat' dir='ltr'><strong>Festus</strong></span> <span class='ocrx_word' id='word_1_910' title='bbox 2125 4346 2169 4380; x_wconf 81' lang='lat' dir='ltr'><strong>v.</strong></span> <span class='ocrx_word' id='word_1_911' title='bbox 2213 4345 2422 4391; x_wconf 83' lang='lat' dir='ltr'><strong>penora</strong></span> <span class='ocrx_word' id='word_1_912' title='bbox 2456 4333 2472 4390; x_wconf 93' lang='lat'>(</span> <span class='ocrx_word' id='word_1_913' title='bbox 2496 4344 2575 4390; x_wconf 82' lang='lat' dir='ltr'><strong>ap.</strong></span> <span class='ocrx_word' id='word_1_914' title='bbox 2623 4331 2858 4386; x_wconf 73' lang='lat' dir='ltr'><strong>Gotkofr.</strong></span> <span class='ocrx_word' id='word_1_915' title='bbox 2906 4346 2955 4391; x_wconf 91' lang='lat' dir='ltr'><strong>p.</strong></span> <span class='ocrx_word' id='word_1_916' title='bbox 3000 4332 3116 4381; x_wconf 84' lang='grc'><strong>562.</strong></span> 
     </span>
     <span class='ocr_line' id='line_1_89' title="bbox 1756 4394 3117 4455; baseline 0.001 -14"><span class='ocrx_word' id='word_1_917' title='bbox 1756 4418 1780 4441; x_wconf 66' lang='grc' dir='ltr'><strong>ι.</strong></span> <span class='ocrx_word' id='word_1_918' title='bbox 1798 4401 1981 4445; x_wconf 85' lang='lat' dir='ltr'><strong>Penora</strong></span> <span class='ocrx_word' id='word_1_919' title='bbox 2003 4400 2236 4445; x_wconf 86' lang='lat' dir='ltr'><strong>dicuntur</strong></span> <span class='ocrx_word' id='word_1_920' title='bbox 2259 4409 2333 4442; x_wconf 84' lang='lat' dir='ltr'><strong>res</strong></span> <span class='ocrx_word' id='word_1_921' title='bbox 2352 4394 2651 4442; x_wconf 82' lang='lat' dir='ltr'><strong>necessariae</strong></span> <span class='ocrx_word' id='word_1_922' title='bbox 2692 4396 2753 4441; x_wconf 86' lang='lat' dir='ltr'><strong>ad</strong></span> <span class='ocrx_word' id='word_1_923' title='bbox 2791 4397 2972 4442; x_wconf 84' lang='lat' dir='ltr'><strong>victum</strong></span> <span class='ocrx_word' id='word_1_924' title='bbox 2993 4409 3117 4455; x_wconf 90' lang='lat' dir='ltr'><strong>quo-</strong></span> 
     </span>
     <span class='ocr_line' id='line_1_90' title="bbox 1749 4457 3115 4518; baseline -0.003 -10"><span class='ocrx_word' id='word_1_925' title='bbox 1749 4464 2013 4517; x_wconf 86' lang='lat' dir='ltr'><strong>tidianum,</strong></span> <span class='ocrx_word' id='word_1_926' title='bbox 2035 4466 2085 4506; x_wconf 89' lang='lat' dir='ltr'><strong>et</strong></span> <span class='ocrx_word' id='word_1_927' title='bbox 2106 4462 2237 4505; x_wconf 84' lang='lat' dir='ltr'><strong>locus</strong></span> <span class='ocrx_word' id='word_1_928' title='bbox 2260 4470 2431 4504; x_wconf 89' lang='lat' dir='ltr'><strong>eorum</strong></span> <span class='ocrx_word' id='word_1_929' title='bbox 2450 4458 2694 4515; x_wconf 85' lang='lat' dir='ltr'><strong>penarius.</strong></span> <span class='ocrx_word' id='word_1_930' title='bbox 2709 4473 2732 4497; x_wconf 73' lang='grc' dir='ltr'><strong>ι»</strong></span> <span class='ocrx_word' id='word_1_931' title='bbox 2754 4460 2768 4513; x_wconf 96' lang='grc'><strong>)</strong></span> <span class='ocrx_word' id='word_1_932' title='bbox 2802 4482 2863 4492; x_wconf 77' lang='lat'><strong>—-</strong></span> <span class='ocrx_word' id='word_1_933' title='bbox 2896 4460 2949 4506; x_wconf 89' lang='lat' dir='ltr'><strong>L.</strong></span> <span class='ocrx_word' id='word_1_934' title='bbox 2966 4457 3016 4506; x_wconf 79' lang='grc' dir='ltr'><strong>ὃ.</strong></span> <span class='ocrx_word' id='word_1_935' title='bbox 3039 4472 3115 4518; x_wconf 89' lang='lat' dir='ltr'><strong>pr.</strong></span> 
     </span>
     <span class='ocr_line' id='line_1_91' title="bbox 1752 4516 3119 4581; baseline -0.001 -10"><span class='ocrx_word' id='word_1_936' title='bbox 1752 4527 1806 4571; x_wconf 89' lang='lat' dir='ltr'><strong>D.</strong></span> <span class='ocrx_word' id='word_1_937' title='bbox 1831 4525 1899 4571; x_wconf 83' lang='lat' dir='ltr'><strong>de</strong></span> <span class='ocrx_word' id='word_1_938' title='bbox 1915 4536 2058 4580; x_wconf 89' lang='lat' dir='ltr'><strong>penu</strong></span> <span class='ocrx_word' id='word_1_939' title='bbox 2073 4523 2251 4581; x_wconf 79' lang='lat' dir='ltr'><strong>leqata</strong></span> <span class='ocrx_word' id='word_1_940' title='bbox 2274 4521 2501 4577; x_wconf 67' lang='lat' dir='ltr'><strong>(xxxin,</strong></span> <span class='ocrx_word' id='word_1_941' title='bbox 2522 4516 2592 4573; x_wconf 90' lang='grc'><strong>9.)</strong></span> <span class='ocrx_word' id='word_1_942' title='bbox 2626 4519 2643 4576; x_wconf 92' lang='grc'><strong>(</strong></span> <span class='ocrx_word' id='word_1_943' title='bbox 2663 4538 2684 4561; x_wconf 74' lang='grc' dir='ltr'>α</span> <span class='ocrx_word' id='word_1_944' title='bbox 2717 4544 2773 4553; x_wconf 90' lang='lat'>-</span> <span class='ocrx_word' id='word_1_945' title='bbox 2792 4534 2921 4578; x_wconf 85' lang='lat' dir='ltr'><strong>penu</strong></span> <span class='ocrx_word' id='word_1_946' title='bbox 2957 4523 3119 4579; x_wconf 79' lang='lat' dir='ltr'><strong>legata</strong></span> 
     </span>
     <span class='ocr_line' id='line_1_92' title="bbox 1749 4583 3114 4644; baseline -0.001 -12"><span class='ocrx_word' id='word_1_947' title='bbox 1749 4589 2009 4643; x_wconf 87' lang='lat' dir='ltr'><strong>contineri,</strong></span> <span class='ocrx_word' id='word_1_948' title='bbox 2032 4596 2157 4644; x_wconf 84' lang='lat' dir='ltr'><strong>quae</strong></span> <span class='ocrx_word' id='word_1_949' title='bbox 2180 4586 2281 4629; x_wconf 81' lang='lat' dir='ltr'><strong>esui</strong></span> <span class='ocrx_word' id='word_1_950' title='bbox 2302 4584 2534 4641; x_wconf 82' lang='lat' dir='ltr'><strong>potuique</strong></span> <span class='ocrx_word' id='word_1_951' title='bbox 2548 4583 2729 4640; x_wconf 70' lang='lat' dir='ltr'><strong>suntm)</strong></span> <span class='ocrx_word' id='word_1_952' title='bbox 2753 4584 2887 4630; x_wconf 77' lang='lat' dir='ltr'><strong>-ct.</strong></span> <span class='ocrx_word' id='word_1_953' title='bbox 2909 4586 3114 4632; x_wconf 82' lang='lat' dir='ltr'><strong>Brisso-</strong></span> 
     </span>
     <span class='ocr_line' id='line_1_93' title="bbox 1751 4646 2511 4706; baseline -0.008 -10"><span class='ocrx_word' id='word_1_954' title='bbox 1751 4651 1874 4698; x_wconf 80' lang='lat' dir='ltr'><strong>nius</strong></span> <span class='ocrx_word' id='word_1_955' title='bbox 1898 4662 1942 4695; x_wconf 87' lang='lat' dir='ltr'><strong>v.</strong></span> <span class='ocrx_word' id='word_1_956' title='bbox 1961 4646 2231 4706; x_wconf 78' lang='lat' dir='ltr'><strong>penuaria</strong></span> <span class='ocrx_word' id='word_1_957' title='bbox 2253 4653 2301 4691; x_wconf 86' lang='lat' dir='ltr'><strong>et</strong></span> <span class='ocrx_word' id='word_1_958' title='bbox 2318 4657 2511 4702; x_wconf 87' lang='lat' dir='ltr'><strong>penus.</strong></span> 
     </span>
    </p>

    <p class='ocr_par' dir='ltr' id='par_1_20' title="bbox 1749 4704 3117 4829">
     <span class='ocr_line' id='line_1_94' title="bbox 1813 4704 3117 4770; baseline -0.004 -12"><span class='ocrx_word' id='word_1_959' title='bbox 1813 4712 1860 4770; x_wconf 87' lang='lat'><strong>6)</strong></span> <span class='ocrx_word' id='word_1_960' title='bbox 1884 4714 1934 4757; x_wconf 88' lang='lat' dir='ltr'><strong>L.</strong></span> <span class='ocrx_word' id='word_1_961' title='bbox 1959 4710 2040 4759; x_wconf 83' lang='grc'><strong>66.</strong></span> <span class='ocrx_word' id='word_1_962' title='bbox 2068 4712 2122 4756; x_wconf 88' lang='lat' dir='ltr'><strong>D.</strong></span> <span class='ocrx_word' id='word_1_963' title='bbox 2148 4708 2216 4755; x_wconf 83' lang='lat' dir='ltr'><strong>de</strong></span> <span class='ocrx_word' id='word_1_964' title='bbox 2238 4709 2307 4755; x_wconf 88' lang='lat' dir='ltr'><strong>V.</strong></span> <span class='ocrx_word' id='word_1_965' title='bbox 2333 4711 2386 4754; x_wconf 91' lang='lat' dir='ltr'><strong>S.</strong></span> <span class='ocrx_word' id='word_1_966' title='bbox 2415 4709 2469 4766; x_wconf 66' lang='lat' dir='ltr'><strong>(a</strong></span> <span class='ocrx_word' id='word_1_967' title='bbox 2485 4704 2653 4751; x_wconf 81' lang='lat' dir='ltr'><strong>Mercis</strong></span> <span class='ocrx_word' id='word_1_968' title='bbox 2675 4709 2936 4765; x_wconf 79' lang='lat' dir='ltr'><strong>appellatio</strong></span> <span class='ocrx_word' id='word_1_969' title='bbox 2958 4710 3019 4755; x_wconf 90' lang='lat' dir='ltr'><strong>ad</strong></span> <span class='ocrx_word' id='word_1_970' title='bbox 3040 4721 3117 4754; x_wconf 83' lang='lat' dir='ltr'><strong>res</strong></span> 
     </span>
     <span class='ocr_line' id='line_1_95' title="bbox 1749 4768 2919 4829; baseline -0.004 -7"><span class='ocrx_word' id='word_1_971' title='bbox 1749 4776 1952 4821; x_wconf 83' lang='lat' dir='ltr'><strong>mobiles</strong></span> <span class='ocrx_word' id='word_1_972' title='bbox 1976 4777 2167 4820; x_wconf 90' lang='lat' dir='ltr'><strong>tantum</strong></span> <span class='ocrx_word' id='word_1_973' title='bbox 2185 4772 2445 4829; x_wconf 75' lang='lat' dir='ltr'><strong>pertinet.»</strong></span> <span class='ocrx_word' id='word_1_974' title='bbox 2462 4774 2477 4828; x_wconf 89' lang='lat'>)</span> <span class='ocrx_word' id='word_1_975' title='bbox 2496 4794 2555 4801; x_wconf 93' lang='lat'><strong>—-</strong></span> <span class='ocrx_word' id='word_1_976' title='bbox 2585 4768 2636 4813; x_wconf 87' lang='lat' dir='ltr'><strong>L.</strong></span> <span class='ocrx_word' id='word_1_977' title='bbox 2661 4768 2775 4815; x_wconf 92' lang='grc'><strong>207.</strong></span> <span class='ocrx_word' id='word_1_978' title='bbox 2800 4771 2919 4817; x_wconf 83' lang='lat' dir='ltr'><strong>eod.</strong></span> 
     </span>
    </p>

    <p class='ocr_par' dir='ltr' id='par_1_21' title="bbox 1740 4832 3122 4956">
     <span class='ocr_line' id='line_1_96' title="bbox 1812 4832 3122 4893; baseline -0.003 -10"><span class='ocrx_word' id='word_1_979' title='bbox 1812 4835 1861 4893; x_wconf 90' lang='grc'><strong>7)</strong></span> <span class='ocrx_word' id='word_1_980' title='bbox 1886 4839 1939 4883; x_wconf 89' lang='grc'><strong>1..</strong></span> <span class='ocrx_word' id='word_1_981' title='bbox 1963 4835 2043 4882; x_wconf 82' lang='grc'><strong>62.</strong></span> <span class='ocrx_word' id='word_1_982' title='bbox 2067 4836 2120 4880; x_wconf 92' lang='lat' dir='ltr'><strong>D.</strong></span> <span class='ocrx_word' id='word_1_983' title='bbox 2153 4834 2221 4880; x_wconf 83' lang='lat' dir='ltr'><strong>de</strong></span> <span class='ocrx_word' id='word_1_984' title='bbox 2243 4833 2312 4881; x_wconf 86' lang='lat' dir='ltr'><strong>V.</strong></span> <span class='ocrx_word' id='word_1_985' title='bbox 2336 4836 2388 4881; x_wconf 90' lang='lat' dir='ltr'><strong>S.</strong></span> <span class='ocrx_word' id='word_1_986' title='bbox 2414 4858 2471 4866; x_wconf 96' lang='lat'><strong>—</strong></span> <span class='ocrx_word' id='word_1_987' title='bbox 2496 4835 2547 4879; x_wconf 88' lang='lat' dir='ltr'><strong>L.</strong></span> <span class='ocrx_word' id='word_1_988' title='bbox 2575 4833 2622 4877; x_wconf 87' lang='lat'><strong>1.</strong></span> <span class='ocrx_word' id='word_1_989' title='bbox 2647 4835 2673 4889; x_wconf 75' lang='lat' dir='ltr'><strong>s</strong></span> <span class='ocrx_word' id='word_1_990' title='bbox 2704 4832 2745 4879; x_wconf 91' lang='grc'><strong>1.</strong></span> <span class='ocrx_word' id='word_1_991' title='bbox 2774 4834 2829 4879; x_wconf 91' lang='lat' dir='ltr'><strong>D.</strong></span> <span class='ocrx_word' id='word_1_992' title='bbox 2868 4833 2936 4880; x_wconf 83' lang='lat' dir='ltr'><strong>de</strong></span> <span class='ocrx_word' id='word_1_993' title='bbox 2977 4833 3122 4891; x_wconf 74' lang='lat' dir='ltr'><strong>tiqno</strong></span> 
     </span>
     <span class='ocr_line' id='line_1_97' title="bbox 1740 4894 2250 4956; baseline -0.012 -9"><span class='ocrx_word' id='word_1_994' title='bbox 1740 4902 1937 4954; x_wconf 83' lang='lat' dir='ltr'><strong>juncto</strong></span> <span class='ocrx_word' id='word_1_995' title='bbox 1958 4899 2158 4956; x_wconf 78' lang='lat' dir='ltr'><strong>(van,</strong></span> <span class='ocrx_word' id='word_1_996' title='bbox 2179 4894 2250 4954; x_wconf 79' lang='lat'><strong>5.)</strong></span> 
     </span>
    </p>

    <p class='ocr_par' dir='ltr' id='par_1_22' title="bbox 1811 4954 3120 5021">
     <span class='ocr_line' id='line_1_98' title="bbox 1811 4954 3120 5021; baseline -0.004 -12"><span class='ocrx_word' id='word_1_997' title='bbox 1811 4961 1859 5021; x_wconf 90' lang='lat'><strong>8)</strong></span> <span class='ocrx_word' id='word_1_998' title='bbox 1884 4962 2066 5018; x_wconf 83' lang='lat' dir='ltr'><strong>Quibus</strong></span> <span class='ocrx_word' id='word_1_999' title='bbox 2085 4963 2401 5021; x_wconf 89' lang='lat' dir='ltr'><strong>opponuntur</strong></span> <span class='ocrx_word' id='word_1_1000' title='bbox 2417 4958 2531 5017; x_wconf 74' lang='lat' dir='ltr'><strong>fixa</strong></span> <span class='ocrx_word' id='word_1_1001' title='bbox 2554 4958 2751 5007; x_wconf 87' lang='lat' dir='ltr'><strong>vincta.</strong></span> <span class='ocrx_word' id='word_1_1002' title='bbox 2776 4983 2830 4990; x_wconf 93' lang='lat'><strong>—-</strong></span> <span class='ocrx_word' id='word_1_1003' title='bbox 2853 4959 2905 5004; x_wconf 89' lang='lat' dir='ltr'><strong>L.</strong></span> <span class='ocrx_word' id='word_1_1004' title='bbox 2928 4954 3041 5004; x_wconf 83' lang='grc'><strong>241.</strong></span> <span class='ocrx_word' id='word_1_1005' title='bbox 3064 4957 3120 5004; x_wconf 93' lang='lat' dir='ltr'><strong>D.</strong></span> 
     </span>
    </p>
   </div>
   <div class='ocr_carea' id='block_1_11' title="bbox 2712 5040 2791 5096">
    <p class='ocr_par' dir='ltr' id='par_1_23' title="bbox 2712 5040 2791 5096">
     <span class='ocr_line' id='line_1_99' title="bbox 2712 5040 2791 5096; baseline -0.013 0"><span class='ocrx_word' id='word_1_1006' title='bbox 2712 5040 2791 5096; x_wconf 85' lang='grc'><strong>27</strong></span> 
     </span>
    </p>
   </div>
  </div>
 </body>
</html>
