3544 5506
531 322 644 381 ⁸94
1247 333 1398 377 rans
1434 332 1595 377 suc.
1633 334 1754 378 un.
1794 333 1860 377 v.
1900 334 1977 376 na
2013 332 2445 377 numnam
2484 333 2659 376 suns.

535 449 675 511 sola
705 443 991 522 privatae
1009 445 1368 519 scripturae
1395 446 1520 504 ilde
1547 451 2005 504 testamentum
2029 445 2255 504 nititur
2271 488 2289 520 ,
2314 451 2509 505 testes
2527 490 2545 520 ,
2573 441 2684 519 qui
2713 446 2870 505 illud
2900 447 3341 521 signaverunt,

532 550 854 621 quotquot
917 549 1306 616 supererunt
1333 583 1348 608 ,
1399 542 1481 599 ad
1544 543 2067 613 recognoscenda
2118 537 2294 612 signa
2346 540 2976 615 subscriptionesque
3010 538 3343 601 adhibendi

534 652 684 705 sunt
712 642 788 719 2),
834 649 947 700 aut
986 643 1037 700 si
1080 656 1272 700 nemo
1317 656 1541 699 eorum
1594 647 1803 700 exstat
1832 681 1851 709 ‚
1898 640 2034 699 aliis
2081 641 2395 714 probandi
2437 640 2764 710 subsidiis,
2803 643 2981 700 velut
3025 642 3344 700 literarum

533 743 1052 817 comparatione,
1084 743 1475 815 exploranda
1514 741 1635 799 erit
1679 742 2048 799 testamenti
2091 742 2245 800 tides
2288 749 2483 814 atque
2528 742 2878 800 auctoritas
2903 739 2972 811 ³).
2999 742 3109 802 Sin
3147 743 3345 813 lingua

531 853 782 905 tantum
805 850 1249 917 nuncupatum
1270 850 1366 901 est
1388 849 1866 911 testamentum,
1883 849 2023 901 tum
2050 850 2267 913 testes,
2288 850 2608 916 quotquot
2634 845 2889 912 adsunt,
2915 843 2999 900 ad
3022 839 3342 903 minimum

530 960 688 1005 vero
724 945 854 1002 duo
882 990 898 1015 ,
952 950 1020 1002 et
1067 944 1148 1001 de
1201 949 1349 1001 actu
1397 942 1672 1000 testandi
1722 942 2007 1014 legitimo
2048 950 2113 1001 et
2152 944 2233 1001 de
2282 943 2647 1001 testamenti
2698 950 3120 1014 argumento,
3172 943 3346 1002 certis

533 1037 1031 1111 professionibus
1052 1035 1403 1094 edisserant
1424 1049 1686 1093 necesse
1724 1040 1822 1092 est
1840 1031 1902 1103 ⁴).
1929 1039 2264 1093 Caeterum
2304 1036 2490 1094 oneri
2520 1031 2920 1107 probationis
2960 1036 3343 1094 sublevando

537 1132 826 1207 apprime
870 1131 1131 1190 inservit
1162 1127 1581 1188 interdictum
1620 1131 1702 1187 de
1730 1129 1963 1187 tabulis
1987 1129 2358 1188 exhibendis
2378 1172 2395 1197 ,
2431 1131 2603 1203 quod
2633 1130 2978 1188 heredibus
3006 1132 3339 1203 competit,

532 1227 839 1300 aliisque,
894 1242 1171 1300 quorum
1217 1226 1279 1282 id
1341 1224 1641 1293 interest,
1692 1225 1871 1282 velut
1919 1219 2278 1299 legatariis,
2332 1239 2645 1283 eorumve
2689 1225 3073 1293 heredibus,
3122 1232 3342 1284 contra

532 1341 1008 1400 quemcunque,
1037 1326 1145 1398 qui
1169 1324 1419 1382 tabulas
1439 1324 1520 1381 ad
1545 1324 1910 1382 testamenti
1928 1339 2189 1382 causam
2214 1323 2608 1397 pertinentes
2627 1323 2895 1397 detinet,
2912 1324 3182 1397 cuiusve
3207 1326 3344 1383 dolo

531 1423 704 1480 malo
725 1421 966 1480 factum
990 1427 1121 1490 est,
1155 1435 1288 1492 quo
1319 1419 1529 1477 minus
1563 1414 1920 1493 detineret,
1953 1434 2105 1477 eum
2142 1420 2207 1477 in
2242 1419 2475 1495 finem,
2504 1427 2578 1478 ut
2601 1426 2715 1478 aut
2740 1420 3039 1480 exhibeat
3074 1421 3340 1490 tabulas,

533 1523 648 1574 aut
678 1516 801 1576 litis
823 1516 1333 1575 aestimationem
1363 1520 1647 1587 praestet
1673 1514 1879 1572 actori
1919 1513 1994 1586 ε5).

1087 1708 1115 1782 §
1142 1706 1284 1768 655.
1309 1704 1375 1783 B)
1397 1707 1480 1765 De
1499 1705 1823 1785 aperiendis
1849 1705 2268 1787 recitandique
2291 1709 2642 1770 testantem&
2669 1711 2773 1787 (⁸).

615 1902 849 1980 Quodsi
864 1910 1113 1962 certum
1144 1909 1262 1973 est,
1285 1901 1626 1961 decessisse
1653 1908 2029 1961 testatorem
2056 1900 2120 1976 ¹),
2162 1908 2510 1962 testament
2526 1918 2658 1971 um,
2699 1903 2876 1974 quod
2902 1902 3166 1975 quidem
3197 1899 3336 1962 scri-

534 2003 657 2074 ptis
686 2008 971 2074 constat,
998 2008 1136 2059 tum
1162 2003 1355 2061 etiam
1382 2001 1819 2074 quodcunque
1846 2002 1929 2059 ad
1951 2015 2216 2060 causam
2243 2002 2523 2074 pertinet
2536 2000 2802 2074 huiusce
2830 2001 3194 2060 testamenti
3218 1996 3288 2075 ²),
3305 2015 3338 2056 a

531 2099 974 2171 praesentibus
1004 2093 1260 2171 quidem
1283 2100 1506 2170 utique
1534 2096 1703 2155 intra
1737 2098 2033 2170 quinque
2061 2094 2195 2156 dies
2221 2104 2365 2170 post
2396 2104 2667 2156 mortem
2703 2098 3029 2157 testatoris
3056 2096 3103 2163 ⁸1
3123 2137 3142 2165 ,
3171 2097 3337 2154 dum-

536 2196 736 2256 modo
759 2198 840 2255 ad
866 2212 1129 2255 manum
1152 2197 1232 2255 sit
1251 2193 1295 2269 ⁴)
1315 2240 1332 2271 ,
1362 2198 1446 2255 ad
1476 2191 1757 2269 Judicem
1791 2196 2187 2272 perferatur,
2229 2204 2296 2255 et
2338 2197 2632 2256 adhibitis
2660 2198 2769 2265 iis,
2804 2198 2916 2270 qui
2943 2198 3336 2270 signaverunt

540 2297 995 2350 testamentum
1016 2289 1061 2364 1⁵)
1082 2335 1098 2362 ,
1131 2288 1488 2364 agnitisque
1530 2297 1596 2349 et
1623 2291 1813 2362 signis
1852 2298 1920 2350 et
1955 2292 2601 2365 superscriptionibus
2645 2299 2711 2352 et
2743 2290 3329 2367 subscriptionibus,

534 2391 788 2463 publice
816 2386 1127 2449 recitetur
1153 2387 1228 2463 ὅ),
1264 2397 1524 2464 praeter
1554 2405 1696 2448 eam
1739 2392 2100 2450 testamenti
2133 2399 2419 2464 partem,
2466 2407 2662 2465 quam
2701 2392 2939 2465 aperiri
2985 2398 3054 2450 et
3101 2389 3333 2451 recitari

539 2488 884 2548 defunctus
908 2491 1135 2556 noluit,
1163 2497 1274 2547 aut
1297 2487 1577 2549 noluisse
1601 2498 1904 2549 censetur
1924 2488 1995 2563 ⁷).
2033 2494 2224 2549 Facta
2250 2498 2469 2549 autem
2495 2492 2876 2551 recitatione
2898 2496 3330 2550 testamentum

546 2584 727 2656 signo
752 2585 1006 2658 publico
1031 2580 1433 2655 obsignatum
1465 2586 1528 2643 in
1551 2585 1885 2644 archivum
1907 2581 2217 2658 redigitur
2238 2582 2314 2661 ⁸),
2347 2593 2415 2644 et
2436 2588 2670 2660 cuique
2695 2592 2983 2660 potestas
3005 2586 3190 2644 datur
3208 2586 3329 2658 ejus

545 2691 614 2742 et
661 2686 1030 2758 inspiciendi
1061 2692 1126 2743 et
1158 2682 1557 2744 describendi
1583 2683 1657 2760 ⁹).
1693 2688 2242 2765 Quemadmodum
2266 2694 2483 2745 autem
2517 2688 2884 2747 describere
2910 2702 3045 2746 non
3077 2686 3217 2745 licet
3253 2691 3331 2742 te-

540 2787 840 2844 stamenti
866 2786 1076 2858 capita
1097 2829 1112 2856 ,
1139 2802 1304 2859 quae
1333 2785 1674 2846 defunctus
1703 2789 1937 2861 aperiri
1962 2789 2221 2847 omnino
2245 2784 2451 2847 noluit
2478 2789 2608 2849 :sic
2630 2805 2752 2849 nec
2769 2805 2871 2863 ea,
2897 2804 3069 2862 quae
3083 2790 3161 2845 ad
3174 2790 3332 2859 igno·

536 2881 796 2938 miniam
812 2881 1080 2955 alicujus
1099 2882 1445 2953 pertinent,
1469 2882 1709 2941 scilicet
1729 2899 1813 2942 ne
1826 2880 2124 2943 materies
2134 2891 2473 2956 spargatur
2487 2885 2959 2943 inimicitiarum
2973 2882 3065 2957 ¹⁰);
3078 2886 3334 2955 itemque

541 2989 666 3033 nec
691 2971 858 3033 diem
894 2982 1008 3033 aut
1027 2977 1355 3034 consulem
1380 3018 1399 3046 ,
1423 2978 1662 3036 idcirco
1685 2974 1990 3037 nimirum
2011 3020 2030 3048 ,
2065 2994 2147 3038 ne
2173 2979 2325 3052 quid
2358 2980 2494 3038 falsi
2520 2981 2631 3038 ssat
2669 2979 2759 3055 ιι).
2790 2984 3122 3040 Caeterum
3149 2976 3334 3051 publi·

538 3071 805 3130 cationis
832 3077 1388 3141 testamentorum,
1420 3079 1494 3129 ut
1520 3069 1783 3145 quidem
1813 3073 2068 3143 dicitur,
2095 3075 2284 3145 ratio,
2310 3090 2439 3147 qua
2462 3075 2651 3133 hodie
2671 3076 2938 3148 utimur,
2956 3075 3329 3148 aliquantum

542 3166 789 3226 recedit
818 3166 996 3225 abiis
1028 3165 1300 3227 Romani
1321 3167 1487 3242 juris
1518 3168 1817 3239 decretis,
1849 3184 2017 3243 quae
2045 3171 2241 3230 modo
2269 3171 2493 3231 anobis
2520 3171 2903 3229 adumbrata
2924 3177 3075 3230 sunt
3093 3165 3180 3244 ¹²).

545 3352 658 3398 dem
683 3352 1041 3410 instrumentis,
1060 3363 1186 3410 quae
1206 3364 1265 3399 ex
1283 3352 1603 3399 tabellionum
1626 3355 1923 3402 auctoritate
2048 3349 2097 3399 3)
2130 3352 2313 3402 Paulli
2349 3356 2458 3401 sent
2471 3387 2483 3399 .
2507 3366 2607 3401 rec.
2630 3354 2712 3414 lv,
2732 3352 2783 3400 6.
2820 3355 2847 3410 3
2888 3351 2939 3399 δ.
2959 3377 3019 3386 -
3037 3353 3210 3398 Contra
3230 3358 3334 3393 reto

549 3413 767 3473 protecta
787 3419 923 3473 sunt;
942 3414 1006 3462 cf.
1031 3415 1151 3461 Nov.
1172 3410 1255 3461 73.
1274 3427 1321 3460 c.
1348 3410 1401 3460 7.
1422 3416 1449 3469 3
1470 3415 1494 3460 1
1519 3426 1628 3473 sqq.
1674 3417 1787 3463 vid.
1832 3425 1882 3464 et
1905 3452 1921 3479 ,
1982 3416 2119 3474 elus,
2140 3416 2224 3474 qui
2244 3417 2433 3463 occisus
2452 3423 2578 3474 erat,
2599 3421 2949 3462 testamentum
2972 3427 3071 3461 non
3093 3415 3216 3470 prius
3234 3421 3336 3480 spe·

544 3487 676 3535 quae
694 3476 879 3532 dejure
899 3476 1271 3535 aperiendorum
1292 3482 1342 3521 et
1364 3477 1732 3524 recitandorum
1771 3483 1923 3526 testa·
1985 3477 2068 3523 riri
2103 3484 2297 3536 poterat
2336 3485 2486 3537 atque
2528 3480 2723 3525 recitari
2747 3512 2763 3536 ‚
2806 3489 2955 3536 quam
2977 3479 3040 3523 de
3063 3478 3203 3521 servis
3237 3481 3336 3527 esu!

548 3543 828 3584 mentorum
850 3540 1111 3585 universim
1133 3539 1497 3597 praecipiuntur
1517 3541 1544 3594 3
1565 3550 1668 3597 seq.
2026 3543 2210 3586 uaestio
2221 3553 2279 3586 ex
2294 3541 2417 3587 SCto
2437 3540 2687 3587 Silaniano
2706 3540 2873 3586 habita
2890 3545 3035 3584 esset.
3051 3538 3151 3594 Dig.
3168 3534 3337 3594 (xxix.

615 3601 664 3656 2)
698 3601 750 3647 L.
770 3598 820 3646 3.
842 3601 869 3655 3
886 3599 936 3647 9.
963 3603 1015 3646 D.
1040 3601 1092 3647 Ιι.
1116 3603 1153 3646 t.
1179 3601 1359 3659 (xLlll,
1379 3597 1468 3658 5.).
1505 3624 1562 3634 -
1597 3600 1673 3646 Ci'.
1695 3604 1746 3646 et
1763 3602 1791 3656 3
1812 3614 1916 3663 seq.
2018 3633 2030 3647 .
2051 3603 2067 3658 )
2086 3602 2155 3648 de
2175 3604 2305 3649 SClo
2325 3603 2605 3651 Silaniano
2646 3605 2704 3650 et
2742 3600 3038 3648 Claudiano
3060 3631 3079 3660 ,
3120 3605 3333 3656 quom

559 3668 666 3709 not.
690 3660 739 3708 4.
1984 3666 2296 3711 laslamenla
2319 3677 2390 3712 ne
2406 3664 2741 3722 aperiantur.
2769 3686 2825 3696 ——
2856 3663 2978 3710 cod.
3002 3662 3106 3720 (Vi,
3135 3658 3234 3716 65.)
3254 3654 3331 3713 (ds

615 3720 664 3780 3)
697 3725 815 3774 Nov.
835 3721 916 3770 73.
938 3735 983 3770 c.
1004 3719 1055 3770 7.
1083 3733 1157 3781 pr.
1178 3727 1228 3768 et
1248 3724 1274 3779 3
1291 3734 1397 3781 seq.
1413 3728 1518 3771 not.
1542 3721 1736 3769 ⁴.—cr.
1758 3725 1923 3774 Gluek
1982 3725 2082 3786 Itis,
2098 3726 2291 3784 qulbus
2311 3730 2375 3773 ue
2387 3723 3061 3786 indiqu.1oerea.aurer.ee)
3076 3722 3329 3769 adseram

559 3787 614 3832 D.
641 3786 701 3831 de
721 3786 999 3833 testamenti
1019 3785 1191 3843 privati
1214 3787 1441 3831 solemnis
1480 3786 1769 3844 probatione
1795 3822 1811 3845 ‚
1835 3801 1921 3845 per
1982 3788 2336 3837 SilanIanum.

552 3853 737 3906 septem
762 3848 969 3894 testesin
984 3858 1042 3891 eo
1054 3845 1324 3893 ordinando
1335 3847 1918 3906 adhibitos,lnstituenda
2043 3847 2091 3905 4)
2124 3851 2243 3896 Nam
2260 3850 2358 3896 vid.
2381 3852 2438 3897 1..
2460 3851 2507 3895 9.
2532 3853 2558 3906 3
2574 3848 2607 3897 7
2615 3884 2627 3896 .
2647 3846 2696 3896 8.
2719 3852 2768 3894 et
2790 3849 2844 3894 1..
2862 3844 2911 3893 3.
2937 3849 2992 3893 D.
3016 3845 3070 3892 Ιι.
3098 3848 3137 3891 t.

557 3910 746 3968 (opusc.
775 3914 907 3956 Fase.
933 3911 969 3954 l.
992 3910 1046 3954 N.
1073 3909 1128 3967 l.)
1150 3908 1176 3962 3
1196 3906 1247 3954 7.
1268 3908 1318 3954 8.
2041 3908 2091 3969 5)
2124 3913 2177 3959 L.
2197 3910 2244 3959 4.
2272 3913 2326 3958 D.
2350 3912 2404 3958 Ιι.
2430 3918 2467 3961 t.
2491 3913 2586 3962 (Cl'.
2604 3909 2760 3966 3654.
2784 3914 2891 3958 nol.
2909 3909 2983 3965 2.)
3024 3910 3077 3954 t..
3097 3905 3146 3954 5.
3164 3903 3332 3953 ead.—

620 3969 669 4028 4)
703 3971 812 4018 vid.
837 3974 1032 4027 Leyser
1050 3971 1180 4017 med.
1209 3971 1272 4016 ad
1308 3972 1461 4019 Pand.
1483 3984 1558 4030 sp.
1577 3968 1690 4018 555.
1711 3975 1844 4021 med.
1864 3971 1913 4021 4.
1978 3975 2032 4021 L.
2054 3971 2103 4019 6.
2125 3973 2244 4021 eod.
2269 3996 2325 4006 —-
2352 3975 2406 4021 L.
2425 3973 2476 4023 7.
2497 3975 2617 4021 eod.
2634 3998 2690 4007 —
2710 3973 2893 4019 L.2.C.
2909 3972 2964 4018 10.
2988 3970 3030 4019 t.

559 4033 1122 4079 -Diuent.ctuc1cl.l.
1148 4029 1239 4087 so.
1267 4031 1348 4078 to.
1810 4081 1816 4086 ,
2041 4032 2090 4093 6)
2126 4034 2303 4084 Paulli
2323 4044 2454 4084 seni.
2481 4047 2585 4082 rec.
2610 4037 2689 4092 tv,
2708 4036 2758 4082 s.
2779 4037 2806 4090 ς
2826 4034 2877 4079 1.
2912 4057 2976 4068 -
3006 4032 3081 4080 ce.
3112 4027 3337 4086 Savw

622 4093 671 4154 5)
705 4096 756 4140 L.
793 4093 838 4141 1.
866 4106 938 4152 pr.
966 4096 992 4151 3
1015 4091 1157 4140 1-4,
1178 4095 1234 4140 D.
1257 4093 1309 4141 Ιι.
1333 4098 1372 4142 l.
1394 4114 1452 4125 —
1478 4095 1529 4142 L.
1552 4095 1602 4144 2.
1626 4097 1652 4152 3
1673 4095 1735 4144 10
1754 4122 1817 4131 -
1839 4093 1921 4144 17.
1989 4096 2161 4144 Gesch.
2182 4098 2234 4144 d.
2260 4098 2316 4144 R.
2342 4098 2401 4144 R.
2423 4101 2489 4147 im
2504 4098 2803 4145 Mittelalter.
2820 4098 2857 4142 l.
2882 4108 2932 4155 p.
2953 4093 3037 4142 84.
3056 4096 3211 4140 elnot-
3234 4084 3335 4134 1⁹⁸.

553 4156 799 4203 eom-1..
819 4154 867 4203 3.
892 4155 1014 4203 sod.
1992 4160 2165 4206 -vim
2187 4165 2237 4205 et
2261 4160 2312 4205 L.
2336 4161 2436 4209 ult.
2469 4162 2527 4206 D.
2561 4160 2614 4206 lt.
2640 4162 2743 4205 t.—
2763 4156 2840 4204 Cf.
2865 4160 2921 4205 L.
2946 4155 3028 4205 2⁴.
3050 4159 3102 4203 D.
3118 4150 3208 4212 qut
3226 4151 3338 4198 use

1151 4245 1180 4301 s
1213 4242 1328 4292 355·
1992 4217 2103 4274 sac.
2138 4245 2198 4255 --
2232 4221 2494 4270 Caeterum
2508 4222 2568 4268 de
2593 4222 2650 4267 ils
2677 4230 2838 4278 ,quae
2868 4220 3071 4266 ulterius
3108 4209 3339 4262 observari

1997 4284 2137 4329 solita
2159 4288 2271 4329 sunt
2292 4284 2343 4329 in
2362 4284 2638 4344 aperiendis
2659 4282 3018 4340 recitandisque
3033 4275 3338 4327 testamentis,

626 4338 681 4394 (⁶)
718 4338 823 4396 Dig.
842 4338 1028 4395 (xxix,
1050 4338 1121 4396 3.)
1140 4344 1190 4384 et
1211 4340 1329 4386 Cod.
1353 4340 1454 4388 (Vl.
1474 4340 1574 4399 52.)
1598 4343 1932 4392 Testamenta
1991 4344 2091 4390 vid.
2145 4351 2356 4391 eslorum
2378 4346 2603 4403 exempla
2630 4355 2659 4390 a
2698 4343 2955 4403 Saviynio
2996 4343 3172 4399 (distr.
3211 4335 3337 4383 und.

561 4400 1005 4456 quemadmodum
1050 4401 1382 4464 aperiantur·
1401 4434 1418 4461 ‚
1474 4402 1829 4461 inspiciantur
1878 4411 1933 4454 el
1993 4417 2045 4464 p.
2069 4404 2099 4451 7
2144 4410 2270 4465 sqq.)
2293 4412 2341 4453 et
2356 4405 2834 4467 Spanqenberylol.
2861 4408 2896 4453 l.
2915 4407 3091 4454 editor.

562 4460 956 4509 describantur.
991 4486 1052 4494 —
1084 4463 1265 4512 Paulli
1306 4468 1433 4510 sent.
1458 4477 1556 4512 rec.
1602 4468 1680 4523 lv,
1703 4465 1753 4513 6.
1776 4492 1835 4500 —-
1862 4469 1930 4516 de
2055 4466 2105 4526 7)
2141 4470 2191 4514 L.
2216 4467 2266 4515 ὅ.
2290 4470 2341 4516 C.
2364 4471 2420 4518 Ιι.
2447 4471 2605 4516 1.-1..
2629 4466 2678 4514 8.
2703 4470 2757 4513 D.
2783 4468 2906 4514 eod.

562 4523 797 4582 Saviqny·
819 4525 964 4570 dialr.
990 4523 1036 4569 in
1061 4528 1111 4573 d.
1137 4526 1375 4571 Abhandl.
1397 4525 1446 4570 d.
1464 4528 1644 4585 kunigl.
1668 4529 1818 4575 Akad.
1841 4530 1928 4577 der
2055 4527 2103 4578 8)
2137 4531 2311 4578 Paulli
2328 4537 2455 4578 sent.
2478 4543 2577 4578 rec.
2598 4532 2678 4588 lv,
2697 4528 2748 4575 6.
2769 4530 2797 4584 3
2820 4528 2867 4576 1.

566 4585 713 4629 Wiss.
737 4588 878 4637 (lieri.
905 4583 1066 4645 1818.)
1090 4589 1210 4633 llist.
1234 4587 1468 4645 philolog.
1492 4591 1565 4636 ΚΙ.
1592 4603 1638 4648 p.
1662 4590 1724 4637 67
1747 4603 1925 4649 sqq.—-
2053 4590 2104 4648 9)
2138 4593 2188 4638 1..
2216 4595 2261 4638 1.
2282 4606 2356 4650 pr.
2383 4601 2434 4640 et
2454 4595 2481 4648 3
2505 4594 2550 4639 1.
2570 4594 2627 4638 D.
2647 4592 2698 4638 lt.
2722 4594 2760 4637 t.
2789 4616 2839 4625 -
2872 4593 2927 4639 L.
2948 4590 2999 4638 2.
3021 4586 3109 4646 85.
3130 4583 3249 4634 eod.

557 4646 939 4706 spangenberq
977 4649 1026 4693 in
1052 4649 1223 4695 Archiv
1266 4650 1307 4695 Ι.
1331 4650 1422 4694 civ.
1448 4652 1529 4698 Pr.
1552 4653 1636 4698 Bd.
1668 4655 1726 4700 V.
1761 4655 1844 4701 Nr.
1869 4655 1925 4698 V.
2055 4654 2134 4711 10)
2168 4656 2217 4700 L.
2236 4652 2284 4702 3.
2303 4654 2355 4699 C.
2385 4656 2437 4702 Ιι.
2462 4658 2498 4701 t.

561 4717 610 4762 μ.
636 4707 719 4753 161
747 4720 853 4766 sqq.
2059 4715 2137 4772 11)
2170 4716 2283 4762 Ι..Ξ.
2306 4717 2331 4770 8
2353 4716 2406 4764 6.
2433 4719 2486 4763 D.
2511 4715 2562 4761 h.
2586 4719 2625 4762 l.

628 4768 673 4822 1)
711 4770 764 4814 L.
789 4769 836 4815 2.
861 4771 887 4825 3
904 4767 951 4817 4.
980 4772 1034 4817 D.
1059 4771 1113 4817 Ιι.
1136 4775 1175 4816 l.
2060 4776 2138 4834 12)
2170 4779 2279 4824 vid.
2299 4779 2355 4824 J.
2381 4783 2449 4824 N.
2477 4777 2695 4824 Hei-lius
2714 4773 3348 4835 desperturstestsmemoe.

630 4830 678 4884 2)
713 4831 765 4876 L.
786 4829 834 4876 Ξ.
859 4832 885 4884 S
912 4832 931 4879 1
959 4834 1335 4943 -3.1,.11.ῐέ.
1359 4833 1415 4944 lg.

1576 4837 1628 4885 L.
1653 4835 1699 4886 1.
1723 4841 1750 4895 3
1770 4839 1802 4883 2
1823 4850 1930 4899 sqq.
1997 4843 2183 4899 (opusc.
2208 4842 2310 4886 Vol.
2336 4841 2399 4888 ll.
2425 4842 2483 4886 T.
2506 4836 2555 4886 5.
2580 4853 2627 4898 p.
2649 4837 2742 4886 152
2761 4847 2986 4898 sqq.).—
3010 4839 3071 4884 Β.
3096 4837 3145 4882 c.
3169 4832 3348 4881 W‘ese·

549 4889 633 4952 -D.
656 4891 724 4940 de
746 4892 909 4941 labul.
930 4894 1107 4942 exhib.
1135 4918 1189 4928 —
1217 4895 1268 4944 L.

1439 4839 1494 4944 51-
1518 4901 1553 4944 1.
1992 4903 2131 4961 pha!
2147 4913 2239 4948 von
2255 4903 2455 4960 voi-leg.
2470 4913 2521 4948 u.
2546 4899 2728 4950 Eroffn.
2747 4901 2801 4951 d.
2820 4904 3037 4950 Testam.
3060 4897 3151 4946 rel.
3179 4896 3343 4953 Leim-
