3544 5506
526 349 642 408 512

444 478 449 486 '
527 475 830 553 iunctim,
863 473 927 530 in
965 470 1236 530 solidum
1270 477 1521 543 tamen,
1564 486 1671 531 res
1699 469 1949 546 pignori
1973 473 2126 531 data
2153 477 2251 531 est
2269 515 2288 547 ‚
2318 473 2695 545 possidentis
2720 479 2820 532 est
2847 472 3075 532 melior
3102 486 3340 544 causa3

525 574 621 631 sin
651 578 761 630 aut
782 582 973 628 nemo
1002 581 1232 626 eorum
1267 569 1571 643 possidet,
1598 575 1711 627 aut
1737 585 1859 642 pro
1881 575 2066 643 parte
2090 569 2404 628 duntaxat
2422 585 2525 629 res
2553 571 2832 642 obligata
2859 577 2955 629 est
2978 611 2995 637 ‚
3023 584 3250 629 omnes
3269 565 3338 626 in

526 669 790 742 pignore
814 671 1210 724 concurrent
1226 661 1297 738 ⁸).
1325 669 1411 724 Ac
1444 666 1659 724 similis
1685 672 1781 724 est
1808 681 2035 726 eorum
2054 682 2272 736 causa,
2309 663 2421 739 qui
2453 675 2568 726 aut
2599 684 2637 726 a
2665 651 2929 726 diversis
2962 682 3094 726 non
3124 667 3338 726 domi-

523 765 622 822 nis
642 764 869 836 pignus
893 768 1287 848 acceperunt
1303 757 1375 836 ⁹),
1402 769 1517 820 aut
1543 757 1713 821 diem
1736 758 2066 822 constituti
2087 764 2251 838 juris
2274 765 2521 822 nulium
2548 765 2741 823 edere
2771 770 3041 836 possunt
3060 808 3078 833 ‚
3106 763 3340 837 quibus

519 870 715 929 etiam
743 870 968 943 reliqui
998 867 1474 942 praeferuntur,
1505 866 1733 942 utique
1767 866 1854 939 hi,
1869 887 2152 944 quorum
2174 887 2251 930 ex
2281 873 2590 945 temporis
2620 873 3069 945 praerogativa
3092 871 3336 944 pendet

513 968 621 1042 jus
645 963 740 1041 ιο).
760 970 1101 1024 Praeterea
1130 972 1362 1039 sponte
1396 966 1770 1039 intelligitur
1791 1009 1805 1036 ,
1838 982 2011 1035 eum,
2044 968 2151 1041 qui
2185 968 2413 1041 pignus
2453 967 2735 1042 pignoris
2762 970 3084 1041 acceperit
3108 966 3156 1042 (S
3182 969 3329 1027 522.

523 1080 624 1121 nr.
662 1062 769 1137 5.)‚
792 1063 1018 1134 utique
1043 1060 1357 1134 praeferri
1382 1077 1500 1121 suo
1521 1062 1794 1121 debitori
1826 1059 1926 1133 ιθα)
1954 1062 2057 1136 ΙΙ.)
2092 1061 2566 1136 privilegiorum
2594 1065 2779 1128 ratio.
2806 1065 3039 1138 quibus
3061 1059 3171 1121 alii
3197 1063 3336 1122 aliis

521 1170 671 1223 sunt
695 1164 999 1236 potiores,
1033 1169 1144 1220 aut
1184 1164 1251 1220 in
1290 1159 1592 1236 singulari
1620 1178 2043 1236 personarum
2070 1165 2288 1225 favore
2315 1167 2521 1239 posita
2556 1172 2673 1236 est,
2705 1166 2904 1225 autin
2931 1167 3071 1239 ipsa
3095 1164 3336 1236 obliga-—

519 1255 710 1320 tionis
728 1276 945 1333 causa,
975 1266 1087 1318 aut
1125 1277 1162 1319 a
1190 1260 1400 1319 forma
1423 1261 1659 1332 pendet
1670 1262 1833 1336 juris
1856 1262 2181 1321 constituti
2206 1259 2297 1338 ιι).
2326 1263 2386 1336 1)
2413 1268 2499 1323 Ex
2525 1261 2724 1337 priori
2750 1259 2858 1322 ina
2890 1279 3087 1322 causa
3115 1268 3333 1321 caete-

520 1362 608 1420 ris
624 1357 1032 1434 praeferendi
1046 1366 1195 1419 sunt
1212 1357 1636 1421 creditoribus
1664 1379 1682 1421 ε
1713 1361 1774 1436 a)
1798 1364 1985 1422 fiscus
2013 1364 2059 1437 (ς
2074 1365 2220 1438 314,
2249 1366 2278 1422 1
2293 1364 2365 1436 .),
2393 1378 2541 1423 cum
2564 1366 2955 1423 tributorum
2974 1357 3332 1436 nomine¹²)‚

518 1463 659 1515 tum
686 1464 955 1530 propter
968 1473 1067 1527 ea,
1096 1472 1263 1530 quae
1284 1472 1360 1516 ex
1380 1465 1720 1517 contractu
1737 1459 1824 1517 iili
1847 1460 2187 1534 debentur,
2214 1457 2455 1519 scilicet
2483 1462 2546 1519 in
2574 1461 2783 1532 bonis,
2815 1476 2986 1534 quae
3018 1466 3336 1533 postcon-

519 1562 803 1613 tractum
827 1554 1150 1613 debitores
1177 1552 1764 1630 acquisivemnt¹³);
1785 1555 1848 1630 b)
1864 1572 2048 1628 uxor,
2078 1557 2345 1632 ejusque
2369 1555 2575 1624 liberi.
2603 1561 2824 1619 dotem
2849 1564 3220 1632 repetentes
3238 1553 3328 1630 ι1).

515 1651 581 1725 Ξ)
609 1655 693 1710 Ex
719 1649 1119 1723 obligationis
1140 1666 1334 1709 causa
1356 1652 1443 1726 hi,
1475 1668 1752 1727 quorum
1775 1650 2048 1726 pecunia
2075 1669 2178 1712 res
2199 1650 2506 1714 debitoris
2529 1662 2640 1714 aut
2672 1661 3072 1729 comparata,
3097 1661 3214 1713 aut
3232 1668 3338 1711 re-

517 1747 685 1806 fecta
704 1791 719 1815 ,
751 1753 863 1804 aut
887 1753 1137 1805 servata
1173 1755 1301 1816 est,
1329 1745 1632 1804 dummodo
1672 1747 1907 1806 omnino
1943 1748 2187 1807 habeant
2199 1748 2300 1826 jus
2313 1750 2598 1827 piqnoris‚
2627 1752 2691 1810 in
2722 1767 2799 1810 ea
2829 1766 2901 1810 re
2932 1745 3338 1824 potentiores

517 1851 691 1920 sunt,
715 1845 838 1903 hoc
855 1850 1068 1917 pacto,
1093 1851 1166 1902 ut
1187 1845 1575 1918 posteriores
1598 1846 2054 1918 praeferantur
2072 1847 2416 1920 prioribus,
2441 1846 2746 1922 quoniam
2761 1845 3021 1908 iliorum
3053 1847 3335 1922 pecunia

515 1943 758 2001 salvam
782 1938 931 2000 fecit
948 1941 1145 2000 totius
1167 1942 1447 2015 pignoris
1470 1958 1731 2001 causam
1755 1939 1852 2008 ¹⁵).
1879 1940 2165 2017 Denique
2189 1943 2251 2018 5)
2276 1959 2353 2003 ex
2382 1946 2853 2005 constitutionis
2885 1947 3097 2006 forma
3121 1947 3335 2019 potio-

515 2055 621 2099 res
650 2040 968 2097 habentur
992 2079 1010 2110 ‚
1052 2039 1161 2112 qui
1192 2039 1449 2112 publico
1477 2041 1578 2098 vel
1607 2040 1787 2113 quasi
1813 2041 2067 2113 publico
2099 2037 2530 2100 instrumento
2569 2043 2685 2101 sibi
2718 2051 3036 2101 caverunt
3058 2043 3107 2120 (§
3129 2042 3329 2114 310.).

505 2138 692 2200 'Inter
721 2156 944 2200 omues
976 2138 1168 2212 igitur
1209 2142 1561 2201 creditores
1600 2142 1956 2215 principem
1995 2143 2241 2201 obtinet
2283 2144 2498 2201 iocum
2541 2144 2751 2212 fiscus,
2782 2151 3107 2217 quatenus
3135 2143 3334 2200 habet

515 2243 913 2316 privilegium
938 2238 1029 2316 ’Ἲς
1062 2243 1417 2300 secundum
1446 2242 1518 2313 is,
1546 2242 1652 2315 qui
1675 2243 1755 2299 ad
1786 2242 2072 2301 militiam
2097 2243 2436 2301 emendam
2464 2248 2756 2301 mutuam
2789 2243 3131 2316 pecuniam
3153 2242 3337 2300 dedit

515 2339 762 2417 sibique
793 2344 1247 2412 instrumento,
1279 2345 1538 2403 testium
1553 2339 2019 2417 subscriptione
2039 2345 2312 2418 munito,
2337 2350 2409 2401 ut
2421 2343 2744 2417 potiorem
2765 2344 3090 2403 obtineret
3110 2346 3332 2403 locum

1122 363 1273 406 rute
1310 362 1474 405 SPBC.
1516 362 1634 406 un.
1677 364 1750 406 ¹1.
1793 363 1869 406 DE
1905 360 2091 405 REBUS
2130 363 2406 414 tutuno.
2448 363 2725 407 Domum.

580 2563 628 2622 8)
652 2566 703 2613 L.
732 2561 809 2612 10.
829 2567 883 2613 1..
910 2566 988 2614 16.
1030 2569 1056 2622 S
1090 2565 1140 2616 8.
1180 2570 1233 2614 D.
1259 2567 1486 2628 depiqn.
1513 2569 1529 2625 (
1552 2565 1713 2616 eniel.-
1758 2570 1888 2616 xlx.

517 2639 565 2685 p.
594 2627 689 2675 225
709 2641 782 2687 sq.
807 2636 859 2675 et
894 2641 946 2686 p.
969 2629 1063 2676 315
1088 2643 1194 2689 sqq.
1230 2654 1291 2662 —
1327 2631 1574 2678 Huschke
1612 2632 1814 2678 Studien
1833 2632 1885 2678 d.

518 2689 657 2735 Rom.
684 2693 738 2737 R.
765 2703 813 2747 p.
836 2687 949 2738 574.
968 2716 1028 2724 —
1047 2694 1116 2740 de
1135 2692 1426 2741 Bucldzoltz
1445 2707 1495 2753 p.
1518 2691 1578 2741 57
1600 2695 1790 2752 sq.).—-
1809 2695 1884 2741 Cf.

526 2752 578 2797 1..
604 2749 682 2801 15.
709 2756 763 2800 D.
784 2752 836 2801 Ιι.
862 2758 900 2801 t.
927 2755 1239 2812 (Westphal
1261 2756 1286 2811 S
1308 2752 1438 2813 154.)

583 2811 635 2869 9)
661 2816 712 2862 1..
740 2812 816 2865 14.
844 2819 899 2863 D.
919 2818 971 2864 Ιι.
996 2822 1034 2865 t.
1058 2819 1143 2875 (cf.
1170 2819 1224 2863 L.
1249 2815 1328 2864 18.
1353 2821 1407 2864 D.
1426 2818 1495 2864 de
1513 2816 1680 2877 piqn.)

586 2875 664 2935 10)
688 2879 763 2925 Ct'.
781 2879 981 2935 Lesser
996 2881 1127 2928 med.
1152 2880 1213 2926 ad
1238 2881 1391 2927 Pand.
1417 2893 1490 2938 sp.
1514 2877 1628 2927 486.
1647 2892 1714 2926 m.
1735 2878 1787 2926 8.

583 2937 701 2997 1οη)
725 2937 836 2988 vid.
856 2953 1002 2999 supra
1023 2945 1048 2998 S
1069 2940 1182 2989 522.
1200 2943 1282 2988 Nr.
1300 2940 1490 2989 5.-cr.
1504 2941 1887 2990 omninoLoelu·

518 3001 691 3049 Archiv
712 3003 748 3049 f.
769 3008 861 3051 civ.
886 3005 966 3052 Pr.
990 3007 1050 3052 Τ.
1075 3004 1196 3051 xiv.
1224 3006 1343 3050 Diss.
1365 3008 1465 3053 vti.

581 3065 659 3121 11)
695 3066 769 3111 Cf.
794 3065 1071 3116 Zimmern
1092 3067 1378 3125 geschichti.
1403 3067 1604 3125 Uebers.
1627 3067 1678 3112 d.
1702 3067 1886 3114 Pfand-

516 3125 799 3185 privilegien
826 3131 892 3187 (in
917 3133 1037 3187 ejus
1054 3136 1104 3176 et
1126 3130 1435 3178 Neustetelii
1451 3130 1584 3177 Abh.
1604 3131 1691 3177 Nr.
1715 3130 1836 3187 XL).

581 3189 662 3248 12)
685 3192 737 3236 1..
768 3192 813 3237 1.
843 3193 891 3238 in
916 3193 953 3239 f.
975 3194 1028 3239 C.
1055 3192 1102 3238 si
1122 3196 1347 3249 propter
1361 3193 1511 3249 publ.
1530 3192 1729 3250 pensu.
1750 3191 1769 3249 (
1790 3194 1849 3238 iv
1869 3227 1885 3253 ‚

497 3247 529 3299 4
549 3246 625 3308 6.)
648 3276 709 3285 --
732 3252 993 3302 Meissner
1031 3255 1284 3301 stilischw.
1313 3256 1446 3302 Pfdr.
1469 3259 1494 3313 s
1515 3254 1597 3302 99.
1622 3280 1679 3288 -
1722 3255 1886 3313 Neque

516 3323 634 3422 vei-40
655 3314 752 3360 huc
771 3319 984 3375 pertinet
1003 3317 1055 3364 1..
1076 3317 1123 3363 2.
1145 3318 1199 3363 C.
1224 3318 1341 3364 eod.
1368 3318 1472 3365 vid.
1497 3319 1563 3366 de
1581 3316 1883 3366 Buclzlaouz

517 3386 568 3434 p.
620 3378 743 3436 5sq.

580 3439 657 3495 13)
677 3440 731 3485 L.
754 3438 835 3486 28.
857 3441 912 3486 D.
938 3441 1149 3496 dejure
1166 3440 1300 3498 fisci.
1327 3444 1505 3501 (XLIX,
1524 3440 1624 3499 14.)
1646 3443 1740 3487 Nec
1761 3454 1882 3489 con-

516 3501 678 3547 traria
701 3506 775 3547 est
793 3504 843 3547 L.
872 3503 952 3551 21.
976 3516 1050 3562 pr.
1076 3505 1130 3549 D.
1149 3504 1200 3548 Ιι.
1228 3508 1331 3551 t.--
1351 3507 1537 3564 Quippe
1558 3517 1616 3551 ex
1638 3516 1698 3549 eo
1719 3506 1881 3563 expli-

515 3563 725 3609 candum
754 3598 770 3619 ‚
802 3569 931 3622 quod
970 3566 1235 3613 novatione
1276 3568 1405 3614 facta
1450 3569 1651 3625 pignora
1685 3567 1884 3613 retineri

518 3630 746 3682 poterant
765 3626 809 3684 (S
831 3626 943 3676 316.
968 3632 1071 3674 not.
1093 3625 1188 3686 3.);
1214 3641 1311 3674 non
1326 3630 1481 3687 magis
1503 3641 1650 3687 quam
1677 3629 1725 3674 1..
1754 3629 1804 3677 2.
1830 3631 1881 3676 C.

518 3686 590 3732 de
612 3688 751 3744 priv.
792 3689 926 3746 fisci.
953 3689 1186 3748 (v11‚75.
1208 3692 1251 3752 );
1274 3704 1398 3749 quae
1439 3692 1666 3748 ambigua
1702 3691 1793 3748 sit,
1825 3704 1886 3738 ex

515 3748 770 3797 Pandectis
812 3753 906 3799 erit
929 3753 1575 3810 interpretanda.--Caeter.
1606 3752 1666 3797 de
1699 3753 1794 3798 hoc
1810 3765 1888 3799 ar·

513 3823 648 3868 gum.
683 3813 732 3859 in
760 3815 928 3871 primis
950 3815 1257 3861 conferendi:
1281 3814 1515 3867 Hellfeld
1526 3827 1693 3874 opusc.
1718 3827 1797 3860 nr.
1825 3818 1882 3861 x.

517 3876 877 3932 —lVestplial
896 3881 923 3934 ς
941 3875 1051 3925 164.
1075 3889 1122 3935 p.
1152 3874 1323 3924 iaz-
1342 3881 1703 3924 Hennemann
1720 3877 1808 3923 uh.
1831 3880 1882 3924 d.

518 3932 718 3983 bevorz.
742 3938 865 3997 Hyp.
885 3942 935 3986 d.
958 3941 1080 3986 Fisc.
1105 3943 1200 3987 rel.
1223 3938 1440 3986 Schwer.
1468 3938 1602 3989 1800.
1630 3965 1683 3972 —-
1710 3939 1883 3986 Dabe—

516 3997 617 4042 low
638 4001 785 4046 conc.
811 4014 860 4058 p.
885 3999 1157 4049 204—214.
1178 3987 1519 4049 —Me'issner
1537 4004 1572 4049 l.
1598 4004 1634 4049 1.
1657 4004 1683 4057 S
1706 4001 1803 4050 100
1826 4027 1880 4036 -

512 4057 625 4106 100.
663 4087 717 4094 -
762 4064 981 4112 Unlerh.
1016 4064 1118 4120 jnr.
1161 4063 1282 4111 Abh.
1310 4066 1390 4110 Nr.
1417 4065 1475 4111 11.
1512 4077 1561 4123 p.
1583 4063 1644 4113 59
1680 4075 1788 4123 sqq.
1813 4089 1876 4099 —

513 4123 676 4169 Glz'e'clc
699 4126 822 4173 xtx.
844 4139 892 4185 p.
913 4125 1187 4175 249-267.
1212 4127 1294 4183 (cf.
1320 4126 1388 4174 ib.
1410 4139 1458 4184 p.
1483 4123 1797 4186 235-240.).
1817 4151 1872 4161 -—

512 4185 792 4232 Zimmern
815 4190 848 4235 1.
871 4189 907 4235 1.
933 4202 981 4248 p.
1007 4188 1284 4237 295-500.
1303 4215 1363 4223 -·
1387 4190 1620 4246 Seuffert
1640 4191 1797 4237 Erort.
1814 4191 1874 4236 11.

512 4256 563 4303 p.
588 4246 1302 4313 123—130.-Spanqenberq
1325 4251 1468 4297 Arch.
1494 4253 1532 4298 f.
1558 4254 1687 4299 civil.
1710 4254 1877 4299 Praxis

511 4310 592 4356 xi.
621 4322 669 4366 p.
696 4308 792 4359 ⁴55
819 4338 876 4346 -
893 4312 1004 4361 458.
1031 4337 1093 4349 -
1133 4315 1431 4364 Waecltter
1451 4315 1593 4361 Arch.
1615 4316 1653 4361 f.
1678 4317 1772 4363 civ.
1795 4316 1875 4361 Pr.

509 4370 570 4417 Τ.
594 4373 715 4419 xiv.
741 4386 789 4433 p.
814 4373 908 4421 379
933 4388 1039 4435 sqq.
1067 4402 1128 4411 —
1151 4377 1392 4425 Rosslzirt
1415 4378 1647 4424 zeitschr.
1673 4380 1709 4423 1.
1731 4392 1786 4437 p.
1815 4376 1877 4425 25

512 4443 622 4493 sqq.
644 4462 703 4469 —
727 4440 878 4495 Hepp
900 4438 1018 4485 ibid.
1041 4452 1092 4497 p.
1116 4439 1214 4486 260
1234 4450 1341 4498 sqq.
1367 4439 1411 4495 (S
1436 4437 1878 4498 13.)-Goesclsen

514 4494 779 4546 Grundriss
805 4514 855 4559 p.
882 4498 975 4546 180
998 4514 1106 4561 sqq.

577 4556 655 4613 14)
678 4562 729 4606 L.
754 4564 846 4608 ult.
872 4564 924 4610 C.
953 4562 1005 4609 Ιι.
1028 4568 1067 4610 t.
1087 4564 1280 4612 —Nov.
1301 4561 1384 4610 91.
1405 4575 1480 4621 pr.
1505 4566 1554 4609 et
1573 4575 1618 4609 c.
1643 4565 1690 4609 1.
1711 4589 1766 4596 —
1797 4566 1871 4612 Cf.

510 4621 766 4669 Auctoris
791 4626 868 4670 Pr.
894 4626 956 4671 de
986 4624 1099 4681 ,iure
1134 4626 1272 4684 ejus,
1313 4626 1390 4671 cui
1436 4628 1533 4672 act.
1580 4636 1701 4672 cess.
1735 4627 1869 4673 cred.

508 4692 560 4741 p.
584 4680 663 4728 35.
681 4688 787 4732 not.
813 4686 882 4731 ¹⁸⁵.
909 4711 965 4719 -
990 4687 1100 4734 vid.
1132 4694 1182 4733 et
1204 4692 1275 4735 Κ.
1298 4690 1363 4734 Α.
1388 4698 1439 4733 v.
1462 4688 1691 4744 Kamptz
1712 4688 1868 4735 Revis.

509 4744 561 4791 d.
608 4745 757 4791 Lehre
790 4758 837 4793 v.
875 4748 1161 4808 Uebergang
1182 4754 1233 4798 d.
1260 4748 1739 4808 Brautschatzprivil.
1784 4751 1874 4796 auf

508 4806 590 4852 die
613 4808 749 4855 Dese.
772 4808 821 4854 d.
844 4808 1010 4856 Ehei‘r.
1038 4814 1163 4859 [ζει-1.
1188 4811 1329 4860 1811.
1365 4836 1419 4843 -
1463 4814 1499 4858 Α
1521 4825 1618 4871 quo
1641 4813 1868 4858 dissentit

506 4869 686 4915 Loeler
710 4870 883 4918 Archiv
903 4870 938 4916 i'.
964 4873 1239 4920 civ.Praxis
1262 4877 1302 4921 V
1344 4874 1423 4919 12.
1446 4900 1505 4907 --
1530 4879 1589 4922 At
1608 4876 1704 4922 vid.
1787 4885 1876 4921 uae

512 4936 701 4979 contra
726 4933 860 4982 hunc
882 4934 1075 4992 scripsit
1095 4934 1162 4983 de
1181 4908 1469 4986 Bucfilwltz
1491 4948 1540 4996 p.
1564 4908 1744 4987 16-'2
1783 4972 1794 4986 .
1816 4961 1877 4970 —

1950 2565 2025 2615 Cf.
2061 2572 2111 2615 et
2145 2569 2311 2616 Glzick
2343 2570 2464 2615 xlx.
2510 2583 2558 2628 p.
2593 2567 2688 2616 275
2733 2595 2788 2603 -
2833 2566 2947 2616 288.
3003 2570 3020 2625 (
3065 2570 3135 2615 De
3177 2568 3289 2615 aliis
3309 2604 3327 2626 ‚

1949 2643 2085 2741 qua}
2096 2632 2190 2678 hoc
2208 2632 2259 2679 in
2279 2634 2390 2679 ioco
2411 2632 2584 2692 quaeri
2604 2635 2786 2692 soient,
2800 2633 2902 2679 vid.
2926 2633 2954 2688 s
2969 2629 3086 2680 314.
3111 2636 3216 2678 not.
3247 2631 3326 2680 11.

1952 2700 2001 2741 et
2024 2696 2048 2739 1
2089 2728 2100 2741 .

2015 2756 2091 2813 15)
2116 2695 2171 2807 1)..
2195 2758 2243 2807 3.
2269 2761 2295 2815 S
2317 2758 2363 2807 1.
2401 2763 2455 2807 L.
2479 2763 2529 2809 5.
2551 2757 2600 2807 0.
2623 2757 2674 2806 7.
2699 2770 2774 2817 pr.
2801 2759 2855 2803 D.
2881 2756 2935 2805 Ιι.
2961 2763 3004 2805 t.
3028 2783 3084 2790 —
3119 2758 3173 2803 L.
3192 2752 3245 2802 7.
3265 2757 3325 2803 C.

1949 2820 2002 2867 Ιι.
2023 2823 2061 2867 t.
2086 2822 2171 2879 (σί.
2197 2824 2251 2870 L.
2277 2821 2355 2869 17.
2372 2825 2434 2870 C.
2454 2822 2719 2883 demam).
2757 2845 2817 2854 -
2858 2820 2979 2868 Nor.
2997 2818 3084 2867 97.
3116 2833 3165 2866 c.
3199 2820 3252 2864 3.
3274 2817 3327 2867 4.

1947 2907 2012 2917 -
2045 2886 2237 2932 Caeter.
2280 2885 2409 2933 hanc
2448 2888 2691 2933 rationem
2731 2882 2869 2938 justo
2924 2885 3077 2929 iatius
3135 2882 3327 2941 profert

1949 2947 2240 3003 Scliweppe
2283 2949 2411 3005 Mag.
2435 2949 2517 2994 Nr.
2538 2948 2619 2994 vt.
2658 2970 2715 2979 -
2749 2945 2862 2991 vid.
2898 2944 3184 2992 Zimmern
3215 2945 3254 2990 1.
3289 2945 3326 2992 1.

1948 3021 1996 3068 p.
2020 3008 2116 3056 282
2133 3022 2238 3070 sqq.
2262 3035 2324 3044 —
2357 3010 2590 3067 Seuffert
2625 3010 2662 3055 1.
2707 3009 2741 3054 i.
2783 3020 2831 3065 p.
2874 3005 2970 3053 118
3004 3021 3119 3067 sqq.
3158 3026 3224 3038 -·-
3253 3005 3325 3053 de

1953 3072 2244 3122 Buchlzouz
2259 3086 2305 3120 c.
2329 3073 2406 3119 lv.
2430 3085 2478 3131 p.
2500 3068 2714 3119 27-55.
2737 3094 2799 3104 —
2818 3070 2895 3118 Cf.
2920 3071 3203 3119 Goescloen
3226 3069 3261 3115 1.
3284 3071 3319 3115 1.

1951 3146 2000 3192 p.
2029 3131 2120 3181 184
2143 3149 2251 3197 sqq.
2276 3136 2358 3181 Nr.
2377 3136 2458 3181 111.

2014 3195 2092 3255 16)
2120 3201 2231 3259 Arg.
2255 3200 2306 3244 1..
2334 3195 2380 3244 1.
2403 3197 2454 3244 in
2477 3195 2513 3242 i'.
2554 3197 2607 3242 C.
2655 3193 2701 3240 si
2732 3197 2908 3249 propt.
2938 3192 3092 3249 publ.
3128 3195 3323 3251 pensu.

1962 3258 2073 3313 (iv.
2097 3258 2174 3309 46.
2203 3262 2288 3319 )et
2305 3260 2357 3306 L.
2381 3256 2462 3306 28.
2480 3260 2535 3305 D.
2564 3257 2770 3314 dejure
2786 3255 2926 3313 fiscl-
2951 3257 3085 3313 (not.
3103 3259 3226 3314 13.).
3262 3284 3324 3293 —

1948 3322 2178 3371 Baclww
2202 3328 2235 3372 1.
2276 3324 2311 3368 l.
2367 3323 2447 3381 iv,
2469 3320 2548 3368 10.
2602 3342 2663 3350 -
2695 3317 2973 3366 Zimmern
2996 3320 3033 3366 Ι.
3073 3320 3110 3365 1.
3149 3333 3202 3380 p.
3231 3320 3325 3368 103

1947 3384 2376 3441 sqq.-—Seuffert
2397 3385 2555 3430 Erort.
2575 3383 2636 3428 11.
2662 3394 2710 3441 p.
2736 3378 2827 3427 155
2848 3393 2925 3438 sq.
2945 3383 3046 3434 (nr.
3073 3381 3124 3429 5.
3149 3381 3239 3442 1.).
3265 3408 3320 3417 -—

1945 3445 2063 3492 Cum
2085 3449 2192 3495 aliis
2213 3449 2416 3495 dissent.
2437 3447 2506 3492 de
2529 3443 2825 3494 Buclelsoltz
2851 3456 2898 3489 c.
2923 3443 3009 3489 111.
3034 3457 3086 3501 p.
3114 3443 3322 3492 10-16.

1945 3513 1994 3553 et
2013 3521 2060 3555 c.
2089 3512 2174 3571 V.;
2199 3511 2413 3556 maxime
2434 3510 2598 3566 (quod
2632 3508 2830 3566 quidem
2871 3506 3036 3551 uxorii
3081 3508 3321 3565 privilegii

1949 3581 2144 3619 causam
2167 3572 2359 3629 attinet)
2381 3575 2582 3629 propter
2604 3568 2747 3616 LAQ.
2772 3569 2799 3624 S
2820 3567 2866 3614 1.
2886 3569 2939 3613 C.
2957 3566 3014 3613 Ιι.
3036 3571 3076 3615 l.
3100 3572 3326 3627 (aa—san-

1949 3633 2138 3693 cimus,
2161 3661 2215 3667 —
2257 3659 2312 3666 -
2338 3635 2525 3692 potiora
2566 3634 2680 3689 jura
2720 3636 2892 3677 contra
2927 3642 3106 3677 omnes
3138 3633 3324 3680 habere

1949 3698 2114 3741 mariti
2149 3697 2413 3743 creditores
2433 3729 2450 3753 ‚
2491 3697 2602 3742 iicet
2634 3694 2893 3740 anterioris
2925 3696 3028 3738 siut
3067 3694 3322 3751 temporis

1951 3759 2203 3816 privilegio
2226 3759 2427 3804 vallati»
2450 3761 2500 3815 )‚
2517 3782 2577 3791 -
2601 3759 2720 3803 Nov.
2740 3751 2821 3801 97.
2847 3767 2894 3801 c.
2915 3755 2964 3801 3.
2989 3762 3044 3801 et
3064 3769 3114 3803 c.
3132 3756 3183 3805 4.
3205 3758 3254 3803 in
3279 3757 3317 3804 f.

1949 3821 2010 3865 At
2032 3833 2145 3866 vero
2168 3822 2216 3867 id
2239 3822 2510 3877 imperator
2528 3822 2628 3877 egit
2649 3819 2725 3864 his
2748 3819 2797 3863 in
2818 3817 2938 3863 iocis
2958 3819 3177 3877 aliisque
3201 3821 3321 3875 (ve-

1949 3882 2021 3926 lut
2043 3884 2162 3929 Nov.
2188 3881 2296 3930 109.
2317 3894 2362 3928 c.
2384 3882 2475 3939 1.)‚
2494 3889 2547 3928 ut
2561 3882 2902 3932 constitueret,
2916 3883 3163 3928 mutieres
3182 3894 3322 3941 prae·

1947 3942 2172 3991 ferendas
2194 3957 2297 3991 esse
2319 3945 2665 4002 creditoribus,
2686 3945 2770 4000 qui
2793 3943 3034 4001 temporis
3060 3956 3322 4002 praeroga·

1947 4006 2042 4052 tiva
2084 4008 2263 4054 muniti
2309 4011 2424 4052 sunt
2446 4007 2547 4065 (ci.
2581 4008 2650 4053 de
2689 4005 2977 4053 Solu-oeten·
3015 4007 3257 4054 zeitschr.
3280 4005 3319 4053 f.

1940 4068 2107 4115 Civiir.
2130 4082 2179 4117 u.
2202 4070 2339 4115 Proc.
2364 4070 2400 4115 l.
2446 4082 2497 4127 p.
2516 4066 2605 4116 341
2633 4080 2739 4126 sqq.
2777 4079 2853 4113 nr.
2880 4067 2930 4115 4.
2960 4085 2976 4132 ;
3009 4071 3322 4129 quiquidem

1941 4131 1991 4176 in
2013 4142 2071 4175 eo
2089 4132 2343 4189 insigniter
2374 4143 2541 4179 errare
2580 4131 2698 4178 mihi
2734 4130 2926 4177 videtur
2950 4167 2969 4189 9
3008 4135 3150 4191 quod
3187 4132 3321 4177 auti-

1940 4193 2134 4249 quiores
2148 4196 2272 4240 exin
2294 4204 2398 4239 rem
2423 4194 2643 4240 versione
2666 4192 2934 4240 creditores
2956 4194 3322 4253 praeferendos

1940 4265 2044 4300 esse
2066 4261 2206 4314 putat
2237 4256 2546 4303 mulieribus.
2586 4257 2687 4303 Boc
2709 4255 2838 4300 enim
2874 4256 2986 4315 ipso
3019 4259 3246 4303 cernitur
3269 4257 3321 4303 in

1941 4328 2045 4362 rem
2066 4318 2299 4364 versionis
2329 4319 2635 4377 privilegium
2660 4352 2675 4373 ,
2694 4317 2825 4376 quod
2862 4321 3171 4374 posteriores
3195 4325 3321 4366 tem·

1942 4390 2059 4435 pore
2086 4380 2197 4434 jure
2223 4382 2319 4426 sint
2354 4382 2562 4437 priores.
2599 4381 2673 4427 Cf.
2699 4382 2748 4425 in
2771 4385 3015 4427 contextu
3062 4394 3148 4429 nr.
3177 4379 3229 4428 Ξ.
3269 4386 3321 4427 et

1938 4443 2052 4485 not.
2077 4439 2197 4499 15.).
2232 4444 2494 4490 Caeterum
2537 4443 2588 4490 id
2625 4441 2824 4500 quidem
2858 4442 3006 4489 facile
3045 4444 3317 4501 largimur,

1943 4503 2119 4562 Legem
2142 4503 2191 4551 5.
2214 4506 2268 4551 C.
2292 4503 2358 4551 de
2373 4503 2643 4562 primipilo
2666 4505 2682 4561 (
2703 4504 2784 4550 xil
2808 4537 2824 4562 ‚
2845 4501 2930 4552 03.
2953 4506 2971 4563 )
2993 4514 3199 4553 nostrae
3219 4517 3317 4552 nou

1943 4567 2202 4624 suffragari
2225 4568 2521 4626 sententiae,
2536 4579 2648 4615 cum
2666 4577 2971 4624 consequens
2994 4572 3094 4628 sit,
3119 4574 3178 4615 ut
3197 4579 3320 4615 uxor

1939 4628 2174 4687 primipiii
2190 4663 2207 4687 ‚
2229 4640 2354 4688 quae
2377 4635 2429 4674 et
2447 4630 2723 4677 dominium
2744 4627 2874 4675 dotis
2894 4629 3015 4677 fisco
3037 4633 3218 4678 cedere
3236 4643 3322 4677 ne-

1938 4700 2071 4736 cesse
2091 4691 2271 4738 habeat
2293 4691 2409 4746 (vid.
2431 4704 2580 4751 supra
2602 4698 2706 4738 not.
2726 4692 2773 4735 1.
2799 4692 2851 4737 in
2877 4693 2961 4749 fi),
2979 4695 3144 4740 multo
3166 4693 3317 4742 etiam

1937 4753 2093 4810 magis
2104 4754 2152 4799 in
2166 4754 2376 4812 pignoris
2391 4766 2542 4801 causa
2556 4754 2712 4800 eidem
2726 4754 2881 4800 cedat.
2899 4757 2960 4800 At
2973 4759 3132 4801 etiam
3155 4757 3320 4814 primi·

1935 4812 2104 4870 pilaris
2117 4816 2328 4863 nominis
2342 4818 2652 4876 privilegium
2664 4816 2858 4862 novellis
2868 4819 3320 4866 constitutionibus

1939 4885 2043 4921 esse
2063 4878 2453 4989 subiffiuuzbsihi
2479 4880 2735 4941 persuadet
2767 4877 2836 4925 de
2873 4880 3174 4928 Bucltltollz
3221 4883 3254 4928 1.
3282 4886 3313 4929 Ι.

1939 4947 1981 4983 c.
2005 4940 2062 4988 V.
2088 4951 2138 4999 p.
2233 4966 2281 4974 -
2353 4944 2373 4986 .’
