3544 5506
463 328 574 388 201
1066 341 1219 382 »Ans
1257 339 1413 382 sanc.
1454 339 1572 381 un.
1615 340 1687 381 11.
1728 339 1805 381 nr.
1842 324 2031 382 nniws
2069 339 2345 388 flammo.
2386 338 2676 380 nomino.

464 437 826 498 hominibus
868 435 1058 495 certis
1095 443 1346 495 tantum
1393 437 1805 495 interdictum
1834 433 1901 508 ⁶).
1930 440 2166 496 Causae
2209 450 2388 509 ver0‚
2426 452 2591 508 quae
2631 430 2931 501 efficiant,
2957 441 3034 491 ut
3062 448 3281 492 rerum

465 532 848 596 commercia
869 536 965 594 vel
998 535 1484 609 prohibeantur,
1521 538 1623 594 vel
1656 536 2110 609 impediantur,
2138 543 2250 593 aut
2281 535 2343 592 in
2369 535 2646 607 ipsarum
2672 550 2887 591 rerum
2923 540 3158 591 natura
3188 540 3283 592 at-

465 647 593 705 que
613 628 823 691 indole
842 630 1086 705 positae
1109 638 1260 690 sunt
1284 628 1352 705 ⁷),
1383 626 1483 690 vel
1510 631 1574 688 in
1602 632 1952 691 honestatis
1970 632 2224 690 ratione
2249 627 2320 706 Β),
2342 633 2440 688 vel
2465 631 2545 689 ad
2576 630 2966 702 religionem,
3001 646 3195 702 quam
3215 630 3279 686 ln

465 730 719 790 civitate
740 731 952 802 aliqua
976 731 1262 789 homines
1288 731 1675 803 profitentur
1694 727 1762 803 9),
1786 735 1887 791 vel
1917 732 1998 789 ad
2030 732 2428 804 privatorum
2446 732 2594 804 jura
2621 731 2859 788 tuenda
2884 725 3276 801 spectant¹⁰>‚

466 827 565 887 vel
588 826 668 883 ad
698 822 954 899 politiae
975 824 1046 900 ¹¹)
1069 827 1518 905 redituumque
1541 827 1943 900 publicorum
1966 828 2282 886 rationem
2312 824 2404 900 ¹2),
2424 826 2698 899 denique
2718 825 2796 882 ad
2815 826 3281 897 rempublicam

465 919 760 984 omnibus
783 925 919 999 ejus
944 926 1227 999 partibus
1247 920 1414 984 bene
1436 928 1784 998 gerendam
1815 933 2009 999 atque
2038 926 2601 985 administrandam
2632 925 2956 998 pertinent
2981 921 3084 1000 ¹³).

466 1112 493 1186 §
521 1108 666 1166 214.
679 1109 891 1166 Iterum
915 1105 1242 1167 commercio
1258 1112 1619 1173 amonitarum
1629 1105 1973 1185 praecipuae
1998 1105 2288 1184 speciem)
2316 1107 2419 1164 Res
2449 1103 2635 1164 divini
2647 1104 2837 1185 juris,-
2866 1103 2926 1179 a)
2955 1122 3045 1162 res
3064 1120 3283 1163 sacrae.

552 1285 748 1345 Divini
766 1285 926 1359 ¹juris
954 1301 1079 1354 res,
1111 1302 1278 1358 quae
1303 1285 1560 1359 quidem
1587 1286 1775 1345 rebus
1801 1287 2061 1345 humani
2090 1286 2243 1365 juris
2269 1292 2709 1359 opponuntur,
2735 1290 2885 1342 sunt
2910 1298 3010 1341 res
3033 1298 3285 1350 sacrae,

472 1388 540 1439 et
557 1380 912 1456 religiosae,
931 1387 996 1438 et
1014 1382 1490 1453 quodammodo
1504 1382 1697 1441 etiam
1712 1388 1976 1441 sanctae
2007 1381 2073 1457 ι);
2096 1398 2366 1455 quarum
2385 1380 2639 1455 quidem
2657 1380 3046 1437 tuendarum
3066 1394 3286 1449 causa,

472 1481 588 1538 elsi
612 1479 871 1552 proprie
904 1487 1052 1537 sunt
1096 1477 1354 1555 nullius,
1403 1488 1619 1539 tamen
1651 1483 1933 1540 actiones
1970 1488 2350 1555 competunt
2377 1488 2491 1539 aut
2514 1475 2745 1539 civium
2772 1477 3029 1551 cuique,
3067 1485 3181 1535 aut
3206 1477 3287 1544 ei,

473 1580 574 1637 cui
603 1580 907 1636 damnum
934 1585 1045 1636 aut
1066 1580 1539 1639 incommodum
1566 1582 1825 1654 aliquod
1847 1596 1923 1639 ex
1953 1596 2175 1639 earum
2199 1566 2882 1651 violationeirrogatur
2900 1574 3048 1649 ²).Et
3065 1592 3292 1634 sacrae

473 1689 577 1731 res
602 1689 640 1730 e
664 1680 952 1732 veterum
976 1671 1415 1734 Romanorum
1436 1677 1765 1749 disciplina
1789 1682 2131 1747 vocantur,
2159 1692 2328 1750 quae
2342 1678 2465 1735 Diis
2485 1676 2729 1749 superis
2747 1673 3002 1748 publice
3030 1673 3293 1744 rituque

475 1773 739 1831 solemni
769 1774 814 1845 3)
842 1782 1257 1833 consecratae
1285 1775 1435 1833 sunt
1453 1773 1502 1849 ⁴)
1526 1795 1543 1850 3
1575 1793 1775 1849 quae,
1795 1785 1868 1835 ut
1887 1792 2017 1836 non
2044 1774 2359 1852 recipiunt
2384 1777 2889 1835 aestimationem
2903 1777 2969 1845 ε5).
2991 1772 3082 1830 ita
3097 1772 3294 1829 etiam

475 1864 739 1927 alienari
761 1870 965 1941 obliga
975 1871 1154 1943 rique
1171 1871 1613 1943 prohibentur,
1627 1880 1892 1946 exoepta
1919 1874 2212 1932 videlicet
2224 1888 2416 1932 causa
2432 1866 2843 1930 redemtionis
2855 1868 3290 1941 captivorum,

478 1960 762 2036 itemque
786 1964 990 2039 famis,
1015 1973 1152 2023 tum
1182 1966 1375 2024 etiam
1408 1967 1573 2026 aeris
1597 1966 1810 2038 alieni,
1833 1970 1883 2027 si
1906 1970 2161 2042 quidem
2186 1969 2455 2027 debitrix
2473 1975 2569 2026 est
2583 1967 2871 2039 ecclesia,
2890 1979 3017 2023 nec
3035 1965 3297 2022 aliunde

479 2061 762 2120 debitum
783 2062 1012 2120 exsolvi
1037 2068 1245 2135 potest
1266 2058 1340 2135 ⁶).
1367 2067 1574 2123 Manet
1604 2071 1823 2123 autem
1851 2079 2039 2123 sacra
2065 2079 2193 2138 res,
2228 2066 2439 2124 donec
2467 2071 2589 2122 aut
2608 2063 2803 2121 sacris
2832 2062 2981 2119 inde
3010 2057 3296 2118 evocatis

480 2157 784 2229 religione
815 2158 1082 2216 liberata
1109 2158 1209 2231 sit,
1244 2164 1356 2215 aut
1383 2160 1465 2216 ab
1506 2160 1792 2218 hostibus
1818 2167 2031 2234 capta,
2064 2154 2340 2219 necdum
2367 2161 2547 2233 quasi
2592 2159 2871 2231 quodam
2903 2154 3299 2229 postliminio

481 2266 757 2331 reversa,
782 2256 1046 2329 pristino
1077 2270 1198 2313 suo
1215 2255 1405 2314 statui
1432 2256 1725 2313 restituta
1747 2256 1829 2314 sit
1853 2255 1921 2330 7).
1961 2260 2193 2315 Sacrae
2226 2271 2384 2315 vero
2414 2271 2519 2313 res
2548 2273 2586 2313 a
2612 2256 2802 2313 rebus
2823 2253 3297 2325 ecclesiasticis,

483 2369 650 2424 quae
693 2353 949 2425 quidem
993 2353 1075 2410 ad
1114 2353 1421 2411 ecclesiae
1468 2352 1923 2425 patrimonium
1971 2353 2342 2411 reseruntur
2363 2393 2379 2421 ‚
2413 2367 2492 2411 eo
2536 2352 2928 2425 potissimum
2960 2349 3298 2419 differunt,

485 2452 656 2524 quod
682 2450 805 2509 hae
825 2464 946 2507 nec
967 2455 1404 2517 consecratae,
1429 2464 1551 2508 nec
1569 2450 1961 2509 commercio
1988 2456 2274 2509 exemtae
2295 2456 2469 2521 sunt,
2496 2445 2647 2508 licet
2670 2462 2865 2508 causa
2891 2446 2993 2504 vel
3020 2442 3302 2505 necessi-

489 2552 636 2610 tatis
663 2551 759 2613 vel
791 2548 1098 2621 utilitatis,
1125 2563 1194 2611 ut
1222 2545 1463 2624 possint
1483 2545 1771 2623 alienari,
1803 2552 2024 2609 adesse
2048 2552 2286 2609 debeat
2305 2545 2374 2617 ⁸).

1456 2733 1645 2814 §215.
1674 2731 1743 2814 b)
1777 2734 1883 2795 Ros
1907 2731 2197 2813 religiosas
2219 2733 2319 2813 (¹²).

576 2917 928 2991 Religiosae
974 2934 1100 2987 res,
1132 2933 1301 2992 quae
1330 2918 1587 2992 quidem
1628 2933 1706 2978 ex
1745 2924 2041 2982 veterum
2075 2919 2524 2994 superstitione
2572 2918 2696 2979 Diis
2725 2915 3022 2976 manibus
3040 2913 3308 2972 relictae

556 3096 607 3157 Q)
629 3100 681 3146 t..
698 3096 777 3146 ⁴9.
799 3098 890 3160 552.
913 3100 967 3144 D.
980 3097 1049 3145 de
1067 3098 1223 3161 leque.
1249 3095 1537 3145 11.-669.
1559 3100 1613 3146 D.
1643 3098 1711 3147 de
1730 3097 1856 3157 adq.
1924 3101 1994 3153 de
2014 3102 2189 3151 contr.
2212 3106 2336 3153 eme.
2363 3128 2418 3136 —
2443 3104 2495 3151 1..
2519 3101 2566 3152 9.
2594 3097 2690 3160 35.
2712 3101 2767 3147 1).
2787 3099 2840 3148 Ιι.
2864 3101 2903 3146 t.
2926 3123 2990 3132 —
3008 3098 3065 3145 1..
3087 3094 3141 3143 9.
3163 3096 3220 3143 D.
3240 3097 3307 3143 de

497 3173 604 3208 rer.
639 3161 834 3209 domin.
862 3161 1004 3217 (ΧΗ,
1037 3162 1104 3220 1.)
1127 3185 1187 3195 -—-
1211 3162 1261 3207 L.
1286 3161 1316 3205 5
1353 3162 1402 3206 in
1429 3162 1464 3206 f.
1499 3163 1554 3207 D.
1584 3160 1653 3210 de
1673 3175 1790 3212 vac.
1810 3161 1864 3208 el
1927 3176 2115 3221 usurp.
2135 3167 2278 3225 (XLI,
2307 3164 2375 3224 3.)
2401 3168 2531 3212 —E.
2560 3164 2640 3222 6.]

496 3234 614 3276 esc.
635 3236 781 3273 mun.
807 3224 886 3281 (L.
906 3222 978 3282 5.)
1003 3248 1058 3256 —-
1089 3225 1188 3274 Tit.
1213 3223 1330 3273 eud.
1355 3233 1499 3283 quae
1537 3236 1627 3276 res
1666 3238 1866 3286 expor-
1991 3227 2041 3285 2)
2065 3230 2117 3274 L.
2146 3227 2193 3279 1.
2213 3241 2288 3287 pr.
2312 3230 2366 3276 D.
2386 3230 2454 3277 de
2480 3226 2678 3277 mter-d.
2700 3224 2959 3281 (num.)
2982 3247 3041 3257 --
3060 3223 3125 3270 L.
3145 3218 3198 3270 2.
3220 3224 3246 3278 S
3262 3224 3307 3270 1.

497 3286 607 3332 tat-l
628 3300 736 3334 non
757 3287 990 3333 debeant
1009 3284 1175 3342 (tvm
1191 3286 1223 3343 .)
1930 3289 2046 3336 eod.
2073 3291 2129 3347 (ιι
2152 3291 2410 3337 lutei-dicta
2434 3298 2597 3338 autem
2618 3293 2898 3344 competunt
2924 3287 2999 3331 vel
3023 3284 3309 3331 lwmfnum

564 3347 612 3404 7)
633 3351 683 3395 L.
707 3349 756 3395 2.
780 3351 873 3405 91.
895 3351 950 3395 D.
972 3349 1041 3399 de
1062 3360 1171 3396 rer.
1206 3345 1361 3397 divis.
1389 3373 1447 3383 -
1466 3350 1492 3404 S
1515 3350 1560 3395 1.
1586 3350 1623 3394 1.
1649 3348 1719 3397 de
1738 3349 1863 3398 inu-
1927 3363 2100 3398 causa
2112 3386 2129 3415 ,
2156 3354 2228 3399 vel
2264 3352 2429 3399 divim·
2442 3353 2586 3412 juris
2609 3375 2694 3408 —,
2726 3351 2850 3394 sicut
2872 3355 2974 3406 est,
2997 3360 3064 3393 ne
3093 3349 3217 3406 quid
3260 3350 3310 3394 in

499 3411 629 3463 citis.
651 3411 777 3471 sup.
1930 3415 2036 3460 loeo
2073 3427 2212 3464 sacro
2240 3416 2356 3474 fiat,
2390 3420 2465 3463 vel
2499 3415 2629 3474 quod
2672 3415 2976 3461 factumeest
3023 3413 3312 3457 restituatur

561 3473 609 3528 8)
643 3474 701 3520 V.
724 3486 768 3519 c.
789 3474 841 3520 L.
865 3470 976 3519 106.
1010 3474 1062 3517 D.
1090 3471 1156 3518 de
1185 3483 1293 3582 req.
1314 3476 1431 3532 jur.
1457 3498 1516 3506 -—
1536 3474 1592 3521 t..
1614 3472 1664 3521 9.
1689 3477 1715 3531 S
1733 3474 1782 3521 2.
1809 3477 1863 3521 D.
1932 3475 2068 3533 [Dig.
2090 3479 2263 3534 XLIII,
2291 3476 2372 3536 6.]
2391 3513 2407 3536 ,
2444 3485 2493 3525 et
2526 3482 2585 3523 de
2618 3481 2816 3523 mortuo
2851 3472 3112 3519 inferendo
3137 3477 3213 3520 vet
3238 3486 3313 3518 se-

497 3537 567 3586 de
587 3534 901 3583 statuliber.
925 3532 1117 3595 (11.,7.)
1137 3537 1228 3591 -vS
1281 3571 1293 3584 .
1316 3540 1352 3584 t.
1376 3535 1618 3584 mandati
1633 3539 1759 3583 -.-1,.
1784 3537 1867 3586 20.
1933 3541 2103 3596 pulcro
2120 3540 2439 3587 aedificando.
2463 3543 2509 3598 n)

501 3601 553 3645 L.
585 3597 667 3645 63.
706 3601 732 3655 s
772 3599 817 3645 1.
864 3600 916 3644 D.
938 3600 1005 3646 de
1026 3598 1179 3645 cotia.
1205 3599 1558 3646 etdemonstr.
1583 3600 1865 3656 (xxxv,l.)
1994 3602 2041 3659 5)
2065 3603 2180 3648 Nam
2215 3618 2239 3644 u
2272 3604 2312 3648 si
2342 3606 2451 3661 quis
2483 3601 2772 3649 auctoritate
2813 3610 2899 3646 sua
2933 3599 3076 3655 quasi
3116 3610 3314 3644 sacrum

498 3662 626 3708 -L.
650 3659 731 3707 26.
761 3662 812 3706 L.
836 3659 916 3708 27.
942 3676 1015 3720 pr.
1042 3663 1093 3706 L.
1116 3658 1196 3705 55.
1221 3661 1245 3715 S
1269 3664 1315 3707 1.
1345 3663 1394 3708 L.
1419 3663 1528 3708 123.
1545 3661 1692 3708 Date
1712 3663 1783 3710 V.
1806 3665 1863 3708 0.
1930 3665 2021 3710 sibi
2050 3665 2329 3721 constituit,
2361 3677 2555 3714 sacrum
2588 3676 2681 3712 nou
2715 3667 2817 3721 est,
2849 3661 2934 3706 sed
2973 3657 3265 3717 profanum.
3284 3676 3309 3698 ι

504 3724 671 3782 (XLV,
692 3723 770 3781 1.)
794 3747 850 3756 -—
878 3725 928 3770 L.
949 3724 998 3772 6.
1023 3721 1102 3769 15.
1122 3721 1205 3769 50.
1227 3725 1281 3769 C.
1304 3723 1530 3780 depact.
1560 3724 1646 3781 (11,
1669 3722 1739 3782 ὅ.)
1930 3726 2023 3782 38.
2050 3727 2085 3772 1.
2110 3725 2160 3773 Ιι.
2188 3731 2224 3772 e.
2258 3751 2318 3759 —
2349 3729 2400 3775 L.
2428 3727 2477 3773 9.
2502 3731 2527 3786 s
2551 3729 2598 3773 1.
2629 3727 2682 3770 D.
2706 3724 2759 3772 Ιι.
2785 3729 2823 3771 e.
2856 3747 2917 3755 —
2946 3723 3042 3769 Nec
3072 3725 3242 3771 obstat
3260 3723 3313 3767 1..

565 3784 614 3844 9)
645 3786 704 3832 V.
739 3798 784 3832 c.
823 3784 924 3834 Cic.
958 3790 1018 3832 «le
1055 3785 1201 3841 legib.
1225 3786 1293 3838 11.
1324 3787 1404 3832 24.
1429 3802 1453 3828 u
1480 3812 1534 3819 —-
1565 3786 1723 3833 forum
1757 3787 1868 3832 bus·
1931 3790 2115 3846 penult.
2139 3791 2193 3834 D.
2216 3789 2288 3835 de
2301 3791 2473 3846 pactis
2491 3792 2549 3842 11,
2576 3785 2651 3835 14.
2677 3787 2733 3842 (ιι
2756 3787 2904 3832 Nemo
2927 3788 3227 3842 paciscendo
3246 3786 3317 3828 ef-

506 3851 672 3894 tumve
708 3850 905 3910 usucapi
927 3847 1550 3905 vetat(lex).»--37.i.de
1581 3861 1689 3895 rer.
1714 3848 1870 3895 divis.
1936 3851 2284 3909 ficerepotest,
2329 3861 2399 3898 ne
2432 3852 2721 3899 sibilos-um
2764 3859 2923 3895 suum
2964 3848 3224 3897 dedic-am
3254 3846 3314 3892 ti·-

558 3910 637 3967 10)
678 3912 738 3958 V.
777 3923 821 3957 c.
859 3924 933 3969 pr.
975 3912 1011 3958 1.
1052 3909 1195 3969 quib.
1233 3911 1478 3958 alienare
1495 3914 1620 3959 ticet
1633 3913 1719 3958 vel
1742 3924 1873 3959 non.
1936 3916 2073 3959 (και.
2102 3915 2154 3968 n)
2182 3915 2290 3959 vid.
2320 3915 2405 3961 Tle.
2445 3913 2669 3961 Mar-cim
2701 3919 2805 3958 not.
2834 3913 2896 3956 ad
2921 3913 2947 3968 ς
2968 3909 3019 3956 8.
3047 3914 3085 3960 1.
3110 3911 3165 3956 le.
3193 3915 3234 3955 t.
3255 3932 3318 3940 —-

507 3994 569 4004 ——
590 3973 666 4017 Cf.
689 3986 890 4021 omnino
913 3980 1015 4020 uot.
1042 3972 1089 4019 5.
1937 3977 2056 4030 (adj.
2079 3976 2211 4021 Jan.
2229 3988 2266 4022 a
2287 3979 2473 4023 Castae
2489 3981 2752 4024 comment.
2783 3976 2900 4020 inst.
2925 3986 3033 4020 cur.
3058 3976 3151 4020 Jo.
3178 3983 3229 4017 ν.
3251 3971 3319 4017 dc

570 4031 648 4091 11)
669 4036 721 4082 L.
744 4034 794 4081 ὅ.
817 4037 865 4082 in
885 4036 921 4084 f.
945 4035 1012 4083 de
1032 4046 1150 4083 eme.
1180 4038 1237 4081 ee
1262 4038 1436 4083 vacat.
1464 4047 1672 4082 muner.
1707 4059 1764 4069 —
1795 4036 1870 4082 Cf.
1942 4037 2197 4093 liutem).

509 4098 709 4143 omniuo
730 4104 833 4144 not.
859 4097 907 4146 6.
2006 4098 2054 4158 4)
2079 4101 2193 4156 Gajc·
2221 4100 2327 4148 inst.
2360 4102 2415 4147 11.
2442 4099 2655 4159 §AL-1..
2680 4098 2731 4146 9.
2756 4110 2829 4157 pr.
2855 4096 2907 4144 Ιι.
2933 4101 3037 4144 t.—
3052 4099 3123 4145 H.
3150 4095 3321 4169 Gyani

572 4158 651 4215 12)
672 4159 729 4204 V.
753 4172 797 4206 c.
819 4161 918 4206 Tit.
955 4161 1073 4206 cod.
1116 4162 1264 4220 (heae
1301 4171 1388 4206 res
1420 4161 1604 4208 venire
1627 4174 1734 4208 non
1754 4172 1879 4215 pos-
1943 4164 2119 4209 florum
2141 4165 2326 4219 sparsio
2350 4166 2410 4209 acl
2431 4166 2510 4219 jus
2532 4164 2888 4209 Justiniaueum
2912 4173 2961 4219 p.
2981 4161 3043 4205 31
3072 4185 3131 4192 -
3154 4159 3240 4205 5ο.

509 4225 640 4272 sune
659 4226 714 4266 ee
732 4221 826 4278 qui
846 4224 1081 4269 vendet-e
1101 4224 1189 4268 vel
1204 4234 1379 4268 emere
1398 4227 1653 4270 velantur
1669 4224 1767 4281 (lv,
1781 4223 1885 4282 ⁴⁰.)
2007 4224 2059 4282 5)
2078 4227 2130 4271 L.
2154 4226 2203 4270 9.
2227 4227 2252 4280 S
2274 4223 2322 4271 5.
2347 4229 2397 4272 D.
2422 4228 2474 4271 le.
2502 4230 2539 4272 e.

574 4283 653 4341 15)
674 4281 825 4344 1..7.s
842 4285 918 4331 16.
939 4287 993 4331 D.
1015 4285 1083 4332 de
1100 4285 1274 4343 pactis
1292 4286 1372 4348 (tt,
1393 4284 1807 4344 14.)—Cf.etuot.
1831 4283 1879 4332 5.
2007 4287 2056 4345 6)
2077 4289 2129 4333 L.
2153 4289 2231 4334 21.
2254 4289 2305 4334 C.
2322 4289 2389 4334 de
2410 4301 2613 4396 σῗονοε.
2634 4284 2978 4347 ecoles.(1,2.)
2997 4309 3054 4317 —
3069 4285 3195 4334 Nov.
3210 4285 3320 4332 120.

1944 4363 1989 4397 c.
2012 4351 2089 4396 10.
2127 4373 2182 4383 -
2202 4351 2275 4398 ef.
2295 4353 2411 4396 Nov.
2470 4383 2483 4397 .
2504 4363 2551 4397 c.
2574 4351 2623 4396 8.

1075 4402 1101 4455 s*
1137 4399 1248 4449 2¹4·
1999 4412 2186 4469 7)1..9.
2209 4418 2235 4470 ς
2256 4415 2304 4460 2.
2330 4415 2379 4458 in
2403 4414 2437 4459 f.
2463 4414 2519 4459 [ι.
2545 4418 2582 4459 t.
2609 4410 2730 4459 —·1..
2756 4411 2835 4459 50.
2857 4411 2926 4458 ae
2943 4410 3096 4469 reliq.
3123 4410 3230 4473 (xi,
3250 4408 3322 4470 7.)

581 4476 628 4530 1)
652 4475 704 4520 1..
729 4476 774 4521 1.
804 4489 877 4534 pr.
903 4478 955 4522 D.
977 4477 1030 4523 Ιι.
1055 4480 1093 4524 t.
1114 4501 1175 4510 -
1194 4480 1311 4526 Aet.
1344 4479 1525 4525 Galim·
1554 4492 1634 4537 ap.
1664 4481 1878 4525 Festum
1942 4500 2004 4508 —
2024 4475 2097 4520 ef.
2121 4476 2175 4522 L.
2198 4476 2248 4522 6.
2270 4479 2297 4532 ς
2315 4473 2362 4520 5.
2388 4476 2440 4521 la.
2462 4481 2499 4521 t.
2526 4501 2585 4509 -
2609 4475 2769 4523 Plinii
2792 4478 2933 4533 epist.
2954 4475 3014 4518 X.
3041 4487 3123 4530 ep.
3147 4472 3229 4519 76.

516 4539 578 4584 de
614 4537 669 4581 V.
693 4538 744 4583 S.
774 4549 820 4584 v.
852 4538 1149 4598 reliyiosus.
1174 4540 1506 4597 (Gomon-edi
1538 4546 1759 4589 auctores
1793 4544 1877 4587 lat.
2005 4535 2053 4592 8)
2079 4539 2142 4583 De
2181 4539 2317 4584 bonis
2358 4539 2690 4584 ecclesiasticis
2725 4539 2822 4584 vid.
2850 4540 2899 4581 L.
2933 4532 3015 4580 14.
3042 4533 3126 4580 17.
3159 4539 3239 4582 23.
3264 4539 3317 4582 C·

514 4600 726 4659 Lnguae
757 4611 806 4657 p.
827 4598 1221 4660 405.)-Auret.
1267 4604 1523 4651 Macrobii·
1559 4605 1879 4650 saturnalior.
1942 4599 2012 4644 de
2033 4612 2232 4647 sace-os.
2261 4601 2448 4647 eccles.
2475 4626 2530 4633 -—
2557 4602 2672 4646 Nov.
2696 4599 2745 4646 7.
2768 4606 2819 4645 et
2845 4597 2956 4645 120.
2982 4600 3323 4645 —Caeterum

517 4662 621 4770 liu).
650 4661 725 4706 lll.
752 4676 796 4709 c.
820 4662 868 4710 5.
892 4687 942 4696 —
974 4667 1040 4710 11.
1073 4668 1327 4713 Donellus
1359 4675 1621 4713 comment.
1651 4667 1751 4721 jur.
1786 4667 1878 4711 civ.
1944 4662 2170 4718 dehujus
2202 4664 2452 4709 doctrinae
2491 4677 2579 4708 usu
2621 4663 2855 4708 hodierno
2877 4660 2942 4705 cf.
2971 4661 3141 4708 Gfficlc
3180 4664 3325 4709 Com·

557 4724 624 4770 lb.
647 4722 724 4769 lV.
750 4739 792 4771 c.
821 4727 1228 4788 1.—[Caeterum
1253 4733 1364 4774 sunt
1383 4731 1464 4787 qui
1489 4731 1784 4775 contendant
1806 4740 1881 4773 res
1945 4730 2096 4770 ment.
2119 4725 2244 4774 nach
2269 4723 2500 4780 Hellleld
2516 4727 2573 4771 11.
2599 4721 2623 4788 §
2654 4723 2741 4772 166
2757 4749 2818 4760 ·-
2840 4721 2952 4770 168.

516 4785 802 4839 divinijuris
819 4790 875 4832 iis
896 4789 1070 4844 quibus
1091 4793 1433 4836 commercium
1457 4805 1552 4837 non
1574 4793 1716 4837 fuerit
1731 4792 1884 4836 adnu-
2531 4792 2557 4849 S
2579 4788 2690 4835 215.

519 4852 726 4895 mei-atas
754 4862 853 4896 non
878 4852 1041 4896 fuisse.
1065 4875 1126 4887 -
1147 4864 1197 4898 v.
1226 4853 1505 4900 Buclalwuz
1523 4854 1624 4909 jnr.
1649 4853 1883 4898 Abbandl.
2015 4849 2076 4907 (⁸)
2098 4851 2200 4908 Dig.
2226 4850 2341 4905 (ΧΙ.
2359 4847 2407 4895 7.
2433 4849 2516 4906 )et
2537 4854 2655 4898 Coei.
2677 4852 2695 4909 (
2716 4853 2797 4910 111,
2818 4846 2898 4896 41.
2924 4849 2941 4905 )
2962 4847 3034 4896 de
3059 4848 3329 4910 reliyiosis

521 4925 569 4972 p.
593 4908 689 4959 376
710 4924 783 4971 sq.
827 4936 886 4944 --
910 4911 1003 4959 Sed
1030 4916 1139 4962 vid.»
1157 4916 1185 4970 S
1204 4913 1252 4961 7.
1276 4917 1312 4962 1.
1337 4917 1389 4964 Ιι.
1416 4921 1453 4962 e.
1479 4942 1538 4949 -
1562 4917 1614 4963 L.
1634 4913 1697 4962 72
1719 4917 1744 4972 S
1763 4916 1808 4961 1.
1831 4917 1883 4961 D.
1951 4914 2023 4971 (et
2043 4914 2303 4962 sumtibus
2321 4911 2618 4974 funerum.)
