3544 5506
508 343 618 399 472
1014 353 1165 395 PARS
1202 352 1359 394 srssc.
1404 353 1521 394 MB-
1564 354 1654 394 iv.
1698 353 1775 394 DE
1813 353 1966 395 JURB
2004 351 2333 395 bouusuco
2370 354 2443 396 ΕΤ
2482 354 2801 396 TUTRLARI.

506 482 785 543 quorum
816 462 1181 522 auctoritati
1212 477 1443 535 parere
1464 463 1703 521 debent
1727 459 2346 536 despondendorum
2374 478 2694 538 personae
2713 506 2731 534 ,
2758 478 3119 524 consensus
3141 479 3323 539 spon-

504 568 741 626 salibus
769 558 1120 628 adhibitus,
1156 563 1351 618 etiam
1391 561 1630 634 nuptiis
1669 562 2125 620 contrahendis
2148 562 2425 620 sufficiat
2450 558 2496 635 ²)
2517 580 2532 630 ;
2557 562 2617 635 Ξ)
2651 569 2728 619 ut
2758 577 3037 635 sponsus
3066 579 3323 637 quoque

501 657 954 717 contumeliam
993 637 1265 726 spons‘ae
1302 648 1540 712 illatam
1579 655 1862 713 vindicet
1886 652 1932 726 ὅ)
1964 673 1981 730 ;
2013 655 2074 727 5)
2121 663 2198 713 ut
2237 655 2495 713 infamia
2521 662 2589 713 et
2626 670 2777 713 eum
2813 664 3176 729 sequatur,
3221 661 3321 731 qui

504 754 653 810 bina
678 750 1071 810 contraxerit
1091 749 1410 821 sponsalia
1432 749 1481 824 ⁵)
1515 768 1533 824 3
1562 751 1626 812 4)
1654 766 1692 808 a
1719 765 1956 823 sponsa
1983 751 2177 810 etiam
2205 752 2584 808 admittatur
2605 752 3002 810 adulterium
3023 750 3068 826 5)
3097 772 3118 827 3
3148 753 3322 811 deni·

504 865 631 921 que
658 847 716 921 25)
740 863 814 906 ex
842 862 922 905 eo
938 846 1182 920 jurium
1211 860 1446 916 genere
1465 888 1482 922 ‚
1512 861 1681 918 quae
1709 848 1792 904 ad
1822 862 1959 905 rem
1981 847 2353 907 familiarem
2375 853 2671 920 spectant
2689 894 2705 918 ‚
2740 850 3070 920 quaedem
3093 866 3142 907 a
3170 863 3320 908 oon-

496 946 754 1019 jugibus
779 945 1085 1002 translata
1111 943 1239 1001 sint
1261 945 1342 1001 ad
1366 958 1669 1014 sponsum
1693 951 1759 1002 et
1781 959 2083 1017 sponsam
2104 941 2174 1016 ⁶).
2203 948 2544 1002 Praeterea
2571 945 2633 1016 6)
2654 951 2723 1001 et
2747 945 2987 1003 arrhae
3001 947 3322 1020 jacturam

505 1045 885 1117 plerumque
909 1042 1144 1101 sacient
1168 1086 1183 1112 ‚
1222 1043 1330 1115 qui
1361 1050 1603 1101 temere
1631 1044 1953 1116 sponsalia
1982 1050 2159 1102 recte
2182 1050 2523 1103 contracta
2554 1045 2868 1103 deserunt
2896 1044 2969 1118 7).
2996 1043 3323 1118 Quemad-

503 1141 764 1198 modum
788 1145 1003 1196 autem
1028 1139 1159 1195 nati
1178 1153 1253 1196 ex
1278 1153 1511 1210 sponsa
1534 1140 1804 1197 meliore
1824 1141 2085 1198 minime
2110 1147 2388 1198 utuntur
2405 1136 2774 1199 conditione
2793 1182 2810 1216 ‚
2833 1156 3037 1213 quam
3060 1142 3320 1212 caeteri,

501 1238 610 1310 qui
642 1252 716 1294 ex
752 1236 925 1293 coitu
970 1250 1103 1292 non
1136 1230 1420 1306 legitimo
1446 1235 1903 1307 concipiuntur
1927 1232 1973 1308 ⁸)
2000 1235 2127 1295 :sic
2157 1237 2351 1295 etiam
2390 1251 2467 1294 ex
2493 1237 2897 1310 sponsalibus
2940 1239 3123 1295 nulla
3143 1277 3162 1305 ‚
3209 1253 3322 1296 nee

500 1334 583 1391 ad
611 1331 1068 1404 perficiendum
1098 1329 1578 1389 matrimonium
1595 1369 1613 1399 ‚
1640 1345 1763 1389 nec
1786 1333 1866 1389 ad
1894 1345 2170 1404 poenam
2201 1334 2726 1405 consequendam
2748 1374 2764 1402 ‚
2784 1333 2941 1406 ,iure
2961 1333 3321 1392 civilicom·

497 1438 725 1505 parata
753 1437 850 1489 est
870 1431 1041 1490 actio
1063 1431 1137 1503 9).
1167 1433 1242 1488 At
1274 1446 1421 1489 cum
1450 1432 1599 1504 jure
1624 1432 1940 1490 canonico
1960 1474 1976 1500 ‚
2020 1438 2159 1491 tum
2203 1448 2365 1491 vero
2390 1434 2595 1491 multo
2620 1432 2816 1491 etiam
2845 1428 3055 1504 magis
3083 1433 3322 1503 legibus

496 1531 909 1602 moribusque
937 1530 1158 1602 patriis
1188 1530 1480 1603 perfecta
1513 1531 1801 1589 nascitur
1825 1546 1904 1590 ex
1944 1533 2344 1604 sponsalibus
2384 1533 2688 1604 obligatio
2718 1528 2790 1605 ¹⁰)
2817 1572 2834 1599 ‚
2874 1547 3090 1604 usque
3120 1533 3316 1599 adeo.

498 1636 572 1688 ut
592 1632 656 1688 in
680 1631 955 1702 plurium
984 1630 1454 1703 sponsaliorum
1475 1646 1797 1690 concursu
1816 1632 1981 1705 juris
2003 1633 2362 1690 communis
2384 1634 2606 1704 regula
2628 1632 2947 1690 servanda
2960 1631 3071 1726 sit,
3086 1627 3319 1690 scilicet

495 1726 635 1798 eius
658 1740 794 1783 esse
822 1726 1146 1797 potentius
1163 1726 1268 1800 jus
1286 1769 1302 1798 ‚
1333 1725 1517 1804 cuius
1548 1741 1742 1785 causa
1779 1734 2074 1801 tempore
2105 1729 2454 1801 praecedat
2483 1726 2572 1799 ¹¹).

1188 1954 1380 2029 §509.
1412 1959 1471 2028 5)
1512 1955 1819 2034 sponsalia
1846 1957 2120 2034 quomodo
2147 1956 2538 2016 dissolvantur
2567 1957 2659 2035 (⁶).

577 2185 927 2243 Solvuntur
971 2182 1290 2254 sponsalia
1331 2186 1398 2238 et
1445 2176 1916 2238 interveniente
1955 2180 2236 2250 legitimo
2278 2181 2562 2252 quodam
2618 2180 3018 2241 matrimonii
3058 2185 3311 2257 impedi·

493 2291 715 2342 mento
746 2280 813 2357 ¹),
839 2289 905 2341 et
937 2289 1144 2341 morte
1171 2280 1245 2355 ²),
1280 2288 1345 2338 et
1373 2281 1609 2338 biennii
1634 2281 1735 2338 vel
1768 2276 2026 2337 triennii
2058 2281 2366 2353 temporis
2391 2281 2601 2352 spatio
2633 2281 2916 2340 decurso
2946 2283 2997 2357 3)
3019 2327 3036 2350 ,
3079 2292 3148 2342 et
3189 2285 3309 2342 exi-

487 2384 699 2437 stente
722 2378 1088 2436 conditione
1116 2377 1485 2443 resolutiva‚
1522 2377 1571 2433 si
1605 2392 1734 2448 qua
1759 2377 2014 2449 adjecta
2043 2382 2139 2434 est
2165 2378 2568 2449 sponsalibus
2596 2378 2654 2450 (§
2681 2376 2825 2437 507.
2862 2386 3003 2438 not.
3038 2383 3104 2440 9.
3140 2382 3265 2454 10.)
3290 2422 3306 2448 ,

490 2480 555 2531 et
583 2480 810 2531 mutuo
838 2469 1126 2531 dissensu
1153 2468 1222 2544 ⁴),
1251 2471 1530 2544 denique
1553 2472 1825 2544 repudio
1845 2514 1862 2545 ‚
1889 2479 1959 2528 ut
1991 2466 2250 2544 quidem
2276 2473 2536 2545 proprie
2561 2481 2834 2531 vocatur
2858 2476 2931 2548 ⁵),
2965 2477 3008 2533 i.
3037 2492 3102 2535 e.
3121 2493 3307 2549 spon-

488 2570 793 2626 saliorum
841 2567 1329 2624 renunciatione
1373 2567 1573 2623 invito
1603 2569 1810 2645 altero
1850 2565 2040 2623 sacta.
2093 2570 2246 2624 Erat
2290 2575 2508 2625 autem
2547 2570 2721 2641 apud
2760 2572 3087 2642 Romanos
3118 2574 3311 2631 libera

488 2662 799 2740 cujusque
822 2677 1127 2734 sponsum
1150 2668 1266 2718 aut
1289 2676 1592 2735 sponsam
1625 2662 2004 2734 repudiandi
2034 2668 2314 2735 potestas
2330 2658 2402 2736 6),
2425 2663 2515 2721 sic
2539 2669 2758 2722 tamen
2779 2711 2797 2738 ‚
2828 2672 2901 2722 ut
2925 2665 3013 2743 is,
3048 2670 3158 2741 qui
3171 2685 3310 2752 *non

489 2776 566 2817 ex
600 2758 762 2835 justa
793 2773 985 2815 causa
1002 2751 1303 2818 nuntium
1332 2758 1671 2832 remiserit,
1688 2765 1801 2815 aut
1833 2760 2063 2816 arrhae
2086 2759 2330 2832 abipso
2357 2761 2546 2817 datae
2563 2761 2887 2834 jacturam
2914 2764 3186 2836 faceret,
3206 2772 3313 2822 aut

490 2861 824 2927 acceptam
848 2869 997 2911 cum
1020 2854 1228 2911 altero
1251 2860 1433 2910 tanto
1465 2848 1864 2923 restitueret,
1892 2861 2349 2928 praeterquam
2373 2851 2423 2913 si
2457 2858 2668 2915 minor
2694 2865 2868 2916 esset
2891 2855 2959 2925 ⁷).
2988 2858 3082 2919 Eo
3100 2870 3312 2919 autem

481 2955 631 3029 iure
650 3000 666 3027 ‚
694 2968 825 3027 quo
852 2948 1044 3012 hodie
1070 2954 1314 3011 utimur
1336 2997 1352 3026 ‚
1386 2949 1626 3012 nemini
1659 2970 1778 3013 suo
1804 2952 2071 3015 arbitrio
2095 2957 2250 3014 licet
2280 2957 2613 3016 discedere
2641 2974 2678 3017 a
2712 2961 3158 3037 sponsalibus,
3201 2962 3310 3019 nisi

550 3180 600 3236 2)
632 3183 743 3239 Arg.
768 3182 822 3227 1..
843 3180 890 3228 4.
915 3183 969 3230 C.
990 3182 1042 3229 k.
1070 3187 1108 3229 t.
1987 3184 2037 3243 9)
2071 3186 2185 3233 vid.
2208 3188 2235 3243 S
2256 3186 2368 3238 507.
2392 3194 2495 3236 not.
2529 3191 2609 3236 11.
2632 3193 2683 3236 et
2716 3191 2833 3237 add.
2860 3192 2916 3236 1...
2943 3191 2992 3237 t.
3023 3192 3080 3237 C.
3103 3192 3154 3239 k.
3193 3195 3234 3237 Ι.
3253 3216 3311 3225 -

549 3241 598 3299 ὅ)
634 3243 686 3289 l..
712 3241 787 3289 15.
813 3245 839 3298 ς
859 3242 939 3291 24.
961 3247 1015 3291 D.
1038 3245 1287 3301 deittiur.
1312 3248 1510 3304 (xtvll,
1536 3246 1635 3297 10.)
1930 3245 2084 3294 l..1⁴.
2109 3250 2166 3296 C.
2191 3251 2422 3310 denupc.
2450 3277 2510 3284 ——
2533 3255 2908 3309 neexspomu
2929 3254 3168 3311 aclitme,
3189 3265 3311 3313 quas

488 3304 689 3423 ming).
718 3308 764 3352 1.
788 3307 841 3353 l..
868 3305 944 3353 13.
969 3310 996 3364 s
1018 3310 1064 3353 1.
1088 3308 1136 3354 2.
1159 3311 1214 3355 D.
1237 3309 1305 3356 ds
1327 3312 1411 3357 liis
1432 3344 1450 3373 ,
1492 3310 1587 3369 qui
1613 3316 1723 3358 noc.
1763 3306 1863 3361 inf.
1925 3312 2209 3432 glitmlepug
2235 3317 2427 3362 Latinos
2464 3316 2711 3374 obtinuit,
2752 3317 2854 3363 vid.
2896 3318 2964 3363 A.
3002 3316 3151 3364 Gelli!
3181 3324 3310 3364 noct.

550 3428 598 3487 5)
632 3432 684 3477 Ι..
709 3426 787 3476 15.
810 3431 901 3484 33.
924 3432 982 3477 D.
1004 3430 1153 3477 ‹nd-L.
1177 3434 1290 3480 Jul.
1315 3435 1382 3482 de
1416 3434 1863 3484 adult.-nissent.
1995 3435 2071 3490 10)
2105 3438 2255 3486 ο.10.
2279 3446 2329 3487 et
2348 3440 2428 3487 22.
2451 3441 2511 3487 X.
2534 3439 2587 3486 Ιι.
2610 3443 2651 3486 t.
2668 3441 2856 3487 —vid.
2880 3443 2937 3488 J.
2965 3443 3033 3487 11.
3057 3440 3314 3488 Baebi-er

488 3502 600 3537 cum
625 3493 733 3540 aliis
756 3493 913 3539 Gltick
937 3495 1088 3538 l’and.
1114 3496 1276 3541 xxlll.
1321 3501 1347 3553 s
1386 3494 1525 3543 1207.
1927 3498 2013 3542 Jus
2035 3501 2158 3545 eccl.
2179 3503 2384 3550 Protest.
2409 3503 2514 3549 Lib.
2558 3504 2640 3549 lV.
2681 3504 2782 3549 Tit.
2803 3505 2842 3549 l.
2869 3505 2896 3557 ς
2916 3501 3151 3551 48-54.
3175 3512 3225 3549 et
3243 3503 3309 3549 ef.

550 3552 599 3610 6)
621 3557 668 3611 a)
708 3555 816 3599 Vid.
848 3555 974 3600 infra
1016 3556 1042 3609 S
1081 3554 1193 3601 550.
1242 3565 1346 3604 not.
1376 3556 1425 3604 8.
1457 3564 1506 3603 et
1532 3557 1609 3605 15.
1645 3564 1694 3605 et
1716 3572 1861 3617 snpra
1932 3559 2160 3609 inibant
2176 3565 2324 3613 Pand.
2349 3569 2377 3622 s
2399 3564 2511 3612 416.
2536 3571 2583 3611 et
2602 3567 2629 3619 S
2650 3578 2754 3623 seq.
2778 3572 2886 3611 not.
2915 3565 3124 3613 10-12.

483 3620 511 3672 s
531 3615 639 3661 173.
666 3617 728 3662 ad
749 3621 850 3661 not.
873 3616 949 3663 12.
975 3641 1028 3648 —
1051 3617 1098 3672 b)
1124 3618 1175 3663 1..
1200 3616 1246 3664 5.
1271 3621 1325 3667 C.
1348 3621 1415 3667 de
1437 3621 1561 3668 bon.
1585 3653 1603 3681 ‚
1643 3634 1785 3679 quae
1806 3624 1863 3671 li-
1990 3623 2065 3677 11)
2103 3636 2149 3670 c.
2175 3638 2260 3673 ιιιι.
2284 3641 2358 3686 pr.
2384 3630 2437 3675 k.
2461 3634 2498 3675 t.
2523 3628 2569 3673 in
2589 3627 2766 3674 (i.—·c.
2792 3627 2977 3675 2231.
3000 3632 3059 3675 x.
3084 3629 3204 3676 eod.
3226 3629 3306 3679 (cr.

485 3679 598 3726 ber.
625 3679 704 3735 Vl,
723 3676 803 3725 61.
846 3678 942 3735 [-
962 3679 1099 3725 Enim
1122 3692 1235 3724 vero
1267 3694 1391 3740 quae
1421 3683 1489 3729 ibi
1519 3687 1768 3742 leguntur,
1811 3686 1862 3731 in
1926 3688 1975 3728 et
1999 3686 2056 3730 Τ.
2081 3688 2143 3733 Τ.
2169 3689 2239 3735 de
2258 3702 2454 3748 sponsa
2474 3692 2706 3738 duorum
2732 3688 3169 3749 lv,⁴.).-—.9caou
3192 3691 3309 3737 Ehe·

485 3746 855 3798 praeceptorum
894 3741 1214 3796 singularium
1252 3756 1458 3789 numero
1493 3780 1508 3804 ‚
1552 3752 1749 3803 propter
1777 3760 1863 3803 ge·
1927 3746 2110 3802 reclus
2136 3749 2247 3798 152.
2623 3769 2632 3775 ·

487 3804 701 3848 neralem
723 3803 981 3848 Justiniani
1004 3806 1308 3851 sanctionem
1329 3808 1402 3861 (L.
1425 3804 1474 3852 8.
1501 3808 1640 3864 eod.)
1659 3841 1674 3863 ‚
1692 3808 1863 3855 haberi

489 3865 696 3921 amplius
716 3865 1008 3926 nequeunt.]
1034 3889 1090 3898 -
1113 3867 1158 3923 c)
1184 3867 1237 3911 1..
1254 3866 1302 3914 5.
1328 3867 1418 3925 §2-
1444 3870 1499 3917 D.
1523 3870 1592 3917 de
1611 3873 1717 3917 act.
1751 3883 1859 3918 rer.
2536 3881 2562 3933 3
2592 3875 2706 3923 509.

488 3930 714 3973 amotar.
738 3926 902 3983 (xxv,
925 3928 994 3984 2.)

550 3986 598 4042 7)
635 3990 686 4034 l..
710 3988 759 4035 3.
782 3986 899 4034 et5.
926 3990 989 4035 C.
1011 3988 1064 4035 Ιι.
1089 3992 1123 4036 t.
1152 3987 1235 4049 (cf.
1258 3994 1447 4050 sseq.).
1987 3994 2048 4051 (⁸)
2081 3998 2138 4043 J.
2178 3999 2245 4045 11.
2290 4001 2548 4049 Boelamer
2583 4004 2628 4048 J.
2677 4002 2729 4049 Β.
2770 4002 2828 4047 Ρ.
2875 4001 2983 4047 Lib.
3027 4004 3102 4049 lv.
3142 4003 3240 4049 Tit.
3265 4003 3304 4047 l.

549 4052 596 4107 8)
629 4052 685 4095 J.
707 4053 775 4097 Η.
797 4050 1056 4098 Βοθήηιω·
1072 4053 1114 4097 J.
1139 4056 1189 4099 E.
1210 4054 1263 4098 P.
1288 4054 1392 4100 Lib.
1424 4057 1504 4104 lv.
1530 4058 1628 4104 Tit.
1662 4054 1710 4101 5.
1731 4058 1757 4111 S
1778 4055 1859 4103 50.
1925 4059 1952 4112 S
1988 4057 2257 4107 146—185.

487 4115 596 4158 —A
604 4145 616 4157 .
639 4114 701 4157 R.
720 4113 775 4159 J.
798 4115 1118 4161 Bt'e'nemann
1139 4119 1194 4162 D.
1208 4117 1268 4161 de
1281 4129 1483 4174 sponsae
1512 4126 1655 4177 partu
1675 4120 1860 4175 spurio.
1988 4122 2037 4178 1)
2073 4134 2115 4167 c.
2134 4120 2299 4170 2.8.9.
2315 4126 2372 4170 Χ.
2392 4125 2461 4171 de
2480 4137 2562 4185 eo,
2586 4125 2683 4184 qui
2697 4137 2927 4186 coqnov.
2946 4126 3306 4186 commum.

487 4174 646 4220 Goctt.
693 4173 832 4220 1755.
876 4200 929 4207 —
951 4177 1006 4222 J.
1051 4180 1111 4223 F.
1152 4177 1444 4225 Et’senlzart
1486 4184 1538 4227 D.
1577 4184 1638 4226 de
1669 4187 1783 4226 nato
1804 4193 1863 4227 ex
1926 4195 2080 4231 uxor.
2106 4185 2208 4243 (lv,
2231 4186 2331 4240 13.)

395 4282 401 4291 ,
484 4248 660 4293 sponsa
686 4240 867 4294 (opusc.
895 4238 975 4283 Nr.
996 4239 1066 4296 3.)
1084 4246 1143 4297 ,ει
1165 4240 1345 4288 Schote
1368 4242 1604 4289 Eherecht
1622 4249 1647 4301 S
1674 4240 1781 4289 150.
1806 4266 1859 4275 -—
1988 4248 2036 4305 Ω)
2069 4248 2145 4292 ef.
2172 4249 2222 4293 1..
2246 4247 2293 4294 5.
2313 4252 2365 4295 C.
2390 4247 2442 4295 Ιι.
2460 4253 2497 4295 t.

486 4297 560 4343 Cf.
587 4305 637 4344 et
668 4298 871 4345 eiluein
894 4299 1061 4346 Archiv
1086 4302 1123 4349 f.
1156 4306 1244 4349 civ.
1289 4306 1367 4351 l’r.
1406 4307 1530 4353 xlll.
1556 4308 1635 4352 Nr.
1684 4306 1758 4351 vl.
1805 4308 1863 4351 At
1988 4312 2036 4365 3)
2073 4311 2123 4355 1..
2146 4312 2193 4355 2.
2216 4311 2270 4356 C.
2295 4311 2348 4356 Ιι.
2376 4313 2544 4358 ε.--1,.
2561 4311 2611 4358 2.
2634 4313 2688 4358 C.
2712 4312 2783 4357 de
2807 4314 2998 4370 mpud.
3020 4312 3101 4368 (V,
3125 4309 3225 4367 11.)
3247 4334 3302 4343 -

486 4371 599 4405 vero
623 4360 800 4406 frustra
821 4369 1083 4420 provocant
1110 4364 1170 4410 sd
1189 4366 1313 4420 luris
1337 4368 1562 4427 Romani,
1589 4374 1691 4413 tum
1714 4369 1862 4413 etiam
1927 4371 2000 4417 Cf.
2030 4375 2081 4417 1..
2107 4371 2186 4418 10.
2209 4375 2263 4418 D.
2287 4374 2340 4419 Ιι.
2369 4375 2406 4420 t.

486 4423 721 4477 pontificii
759 4423 981 4480 decreta,
1021 4427 1198 4484 quippe
1237 4440 1363 4486 quae
1402 4430 1464 4474 dc
1507 4432 1690 4489 nuptiis
1738 4430 1860 4476 citra
1987 4432 2035 4491 4)
2062 4446 2107 4479 c.
2132 4434 2180 4480 2.
2207 4437 2264 4481 x.
2289 4436 2342 4481 Ιι.
2363 4435 2548 4483 8.-(11.
2574 4435 2736 4482 Gltick
2759 4437 2916 4484 Pand.
2945 4438 3144 4492 xlmis
3158 4434 3298 4483 1203.

486 4485 848 4529 solemnitatem
892 4491 1155 4534 contractis
1193 4490 1508 4547 intelligenda
1542 4495 1640 4553 sint
1670 4491 1722 4548 (S
1741 4490 1857 4539 507.
1925 4506 1973 4552 p.
1998 4495 2062 4543 92
2083 4494 2208 4542 -95,

488 4546 538 4588 in
561 4545 596 4592 f.
634 4553 683 4592 et
703 4550 728 4601 3
749 4544 861 4592 512.
881 4545 913 4592 l.
960 4548 1084 4601 Quin
1125 4553 1285 4608 potius
1320 4554 1461 4599 nobis
1499 4556 1861 4611 adstipulantur
1985 4557 2035 4613 5)
2070 4560 2124 4605 1..
2149 4557 2260 4605 191.
2287 4560 2339 4604 D.
2361 4558 2430 4605 de
2450 4561 2520 4606 V.
2541 4560 2716 4606 S.—l..
2743 4559 2856 4607 101.
2877 4565 2905 4618 ς
2927 4562 3300 4611 eod-coela.

486 4606 637 4664 impp.
656 4641 672 4665 ‚
711 4609 891 4654 scilicet
924 4612 1203 4658 adserentes
1225 4630 1236 4660 :
1258 4630 1285 4657 ιι
1306 4615 1353 4660 Si
1386 4617 1708 4662 donationum
1744 4624 1858 4662 ante
1921 4620 1987 4665 cf.
2013 4623 2062 4667 l..
2085 4622 2132 4667 2.
2161 4634 2233 4679 pr.
2259 4623 2354 4675 ets
2383 4619 2424 4667 1.
2452 4625 2503 4667 D.
2524 4621 2591 4667 de
2613 4621 2808 4670 divort.
2833 4629 2889 4671 et
2909 4622 3093 4680 κρεκὶ.
3117 4623 3301 4679 (KRV,

489 4671 707 4725 nuptias,
740 4672 812 4715 vel
837 4671 963 4715 dotis
1004 4673 1327 4722 instrumenta
1366 4677 1640 4733 defuerint,
1680 4690 1856 4735 pompa
1921 4681 2127 4738 2.)—-Cf.
2156 4684 2456 4730 {Vaeclcler
2470 4684 3033 4746 ubet-Rhescbeidungen
3053 4697 3099 4741 p.
3121 4682 3297 4729 (10.61.

485 4728 634 4775 etiam
656 4732 846 4788 aliaque
876 4736 1153 4789 nuptiarum
1175 4738 1432 4784 celebritas
1452 4742 1631 4785 omissa
1654 4743 1748 4799 sit,
1783 4741 1857 4785 id·
1984 4747 2032 4802 6)
2066 4747 2116 4791 1..
2149 4744 2189 4792 l.
2211 4747 2262 4791 C·
2289 4745 2341 4791 Ιι.
2366 4748 2526 4792 t.—1..
2549 4747 2579 4791 2
2618 4747 2672 4792 C.
2694 4748 2764 4794 de
2784 4752 2977 4807 repud.
3001 4772 3054 4782 -
3071 4747 3143 4793 C!-
3173 4748 3220 4792 1--
3245 4747 3297 4793 2-

491 4791 622 4837 circo
645 4794 844 4838 minime
867 4796 1031 4840 deesse
1059 4802 1203 4843 recte
1222 4799 1357 4846 alias
1374 4798 1501 4845 inito
1521 4801 1858 4848 matrimonio
1920 4807 1947 4861 s
1969 4808 2015 4851 2.
2039 4810 2092 4852 D.
2113 4806 2181 4853 de
2201 4807 2393 4855 divort.

489 4852 800 4911 firmitatem.
829 4859 903 4902 vel
922 4868 1052 4904 exeo
1075 4862 1202 4907 natis
1223 4863 1387 4907 liberis
1403 4863 1516 4917 jura
1542 4876 1679 4922 posse
1699 4865 1858 4922 legiti-
1983 4866 2032 4926 7)
2065 4870 2117 4916 1..
2143 4866 2188 4914 5.
2216 4872 2268 4916 C.
2307 4870 2360 4915 Ιι.
2387 4874 2424 4916 t.
2451 4894 2503 4903 -
2531 4870 2605 4916 Cf.
2637 4876 2688 4918 et
2723 4874 2750 4928 s
2781 4871 2896 4920 507.
2922 4882 3031 4923 not.
3058 4873 3133 4919 tt.
3159 4876 3206 4917 el
3226 4869 3300 4918 de

492 4926 681 4962 morum
704 4914 903 4967 auferri.
932 4933 957 4959 ν»
990 4922 1040 4966 1..
1062 4920 1143 4968 22.
1166 4924 1220 4970 C.
1241 4923 1308 4971 de
1327 4926 1479 4981 nupt.
1922 4929 2095 4978 Loeln·
2117 4932 2257 4979 Ateii.
2279 4931 2316 4981 1.
2338 4934 2430 4979 civ.
2456 4934 2533 4981 Pr.
2559 4934 2656 4979 XV.
2682 4947 2730 4993 p.
2757 4933 2871 4984 ⁴⁴9.
