3544 5506
872 295 1007 338 car.
1047 297 1136 337 ιι.
1177 296 1253 337 ns
1291 296 1592 339 nunno
1632 296 1879 347 nususo.
1922 297 2171 338 emtus.
2213 297 2494 339 onnon.
2976 285 3081 340 411

285 482 311 555 ς
355 489 497 549 452.
533 488 604 563 V)
646 490 727 548 De
750 488 1138 567 simulat-ibus
1177 489 1444 551 mandati
1466 489 1689 567 formis.
1722 491 1789 565 A)
1820 491 2238 551 Procuratoria
2262 491 2608 552 mercatura.
2660 490 3090 568 (.testimatoria

1587 585 1786 662 actio.)

368 783 727 859 singulares
766 789 1044 847 mandati
1080 790 1315 848 formas
1343 805 1453 849 eas
1477 804 1639 849 voco
1661 835 1677 859 ,
1716 805 1885 863 quae
1915 789 1976 847 in
2007 785 2328 849 nonnullis
2370 791 2687 848 recedunt
2715 807 2754 849 a
2780 799 3086 851 consueta

289 883 478 957 hujus
502 885 941 944 conventionis
968 892 1224 944 natura.
1257 889 1393 962 Quo
1431 885 1495 942 in
1525 901 1761 957 genere
1786 900 1893 944 eas
1931 899 2190 957 quoque
2215 884 2439 942 referri
2481 886 2815 956 convenit,
2843 887 2924 944 de
2947 888 3085 959 qui-

288 979 406 1038 bus
430 987 618 1041 antea
647 980 696 1058 (ὃ
724 980 892 1055 451.)
930 998 1251 1056 exponere
1300 982 1659 1055 argumenti
1698 978 1864 1039 ratio
1902 995 1979 1038 ac
2020 995 2218 1039 nexus
2271 995 2385 1039 nos
2419 981 2656 1052 coegit,
2705 982 2850 1040 dico
2893 983 3088 1056 magi·
3177 1056 3182 1062 Ι

289 1085 570 1138 strorum
589 1081 1082 1156 institorumque
1117 1076 1636 1156 praepositiones.
1663 1085 1706 1141 E
1736 1077 1995 1153 reliquis
2022 1081 2294 1153 primum
2324 1080 2505 1138 nobis
2529 1085 3090 1140 commemoranda

288 1174 544 1247 videtur
572 1179 1020 1250 procuratoria
1061 1185 1446 1236 mercatura
1470 1176 1548 1250 ¹),
1575 1178 1706 1234 sive
1755 1177 2161 1248 negotiorum
2203 1178 2283 1234 ad
2323 1184 2755 1235 mercaturam
2796 1185 3094 1250 spectan-

287 1274 448 1333 tium
490 1292 608 1348 pro
629 1284 805 1335 certa
835 1278 1133 1336 mercede
1160 1277 1223 1335 in
1251 1278 1463 1336 alieno
1491 1278 1635 1336 loco
1670 1277 2223 1350 expediendorum
2254 1277 2645 1350 procuratio.
2678 1282 2762 1336 De
2791 1294 2921 1352 qua
2954 1279 3095 1351 qui-

288 1375 472 1443 dem,
507 1393 655 1435 cum
696 1384 837 1437 toto
873 1393 1110 1450 genere
1138 1378 1300 1453 juris
1328 1378 1672 1450 germanici
1699 1378 1925 1450 privati
1954 1378 2320 1451 disciplinae
2358 1379 2772 1452 relinquenda
2800 1381 2908 1444 sit.
2944 1374 3096 1438 nihil

287 1469 413 1529 hoc
446 1472 511 1529 in
539 1474 681 1532 loco
713 1475 1053 1533 dicendum
1083 1481 1214 1550 est,
1246 1475 1362 1532 nisi
1392 1469 1566 1548 quod
1614 1474 1877 1547 propius
1908 1489 1985 1532 ea
2013 1475 2279 1532 accedat
2309 1475 2389 1531 ad
2436 1476 2757 1548 mandati,
2783 1491 2978 1548 quam
3012 1478 3090 1534 ad

287 1566 482 1627 locati
511 1571 808 1631 conducti
841 1559 1136 1631 natura'm
1167 1576 1362 1643 atque
1399 1570 1678 1628 indolem
1699 1565 1766 1642 ²).
1800 1574 1902 1627 Est
1926 1573 2078 1628 vero
2113 1570 2592 1628 vendendarum
2618 1586 2835 1627 rerum
2859 1586 3093 1643 procu-

286 1657 523 1722 rationi
544 1664 926 1725 simillimum
953 1667 1011 1723 id
1027 1666 1261 1737 negotii
1283 1681 1505 1737 genus,
1534 1667 1707 1739 quod
1733 1660 2238 1723 aestimatorium
2262 1672 2669 1724 contractum
2699 1669 3092 1726 recentiores

285 1771 525 1817 vocare
566 1763 809 1837 solent,
859 1762 1043 1836 cujus
1090 1778 1283 1821 causa
1316 1761 1745 1820 aestimatoria
1779 1761 1944 1819 actio
1976 1768 2351 1833 comparata
2381 1767 2478 1820 est
2503 1757 2582 1834 ⁵).
2629 1765 2829 1819 Datur
2877 1770 3094 1825 autem

287 1857 450 1918 haec
472 1862 640 1921 actio
669 1863 726 1921 ei
745 1907 762 1934 ‚
791 1863 899 1938 qui
931 1878 1076 1921 rem
1095 1863 1492 1922 aestimatam
1517 1864 1921 1921 vendendam
1953 1857 2141 1920 alicui
2171 1863 2498 1920 mandavit
2527 1857 2829 1936 deditque
2851 1858 2935 1938 ⁴),
2967 1864 3091 1923 hoc

286 1962 515 2029 pacto,
558 1964 633 2015 ut
673 1960 773 2016 vel
817 1959 950 2033 ipsa
980 1974 1080 2018 res
1109 2001 1125 2028 ,
1168 1960 1266 2017 vel
1295 1959 1609 2032 pretium,
1649 1960 1729 2016 de
1768 1973 1900 2031 quo
1942 1958 2284 2028 convenit,
2319 1961 2630 2017 reddatur
2651 1954 2723 2033 ⁵).
2772 1962 2912 2017 Jam
2940 1975 3094 2019 vero

286 2061 434 2131 post
456 2053 864 2119 traditionem
893 2066 959 2117 et
985 2060 1075 2120 rei
1103 2055 1458 2118 dominium
1485 2054 1720 2117 retinet
1738 2101 1756 2132 ,
1789 2058 1896 2132 qui
1926 2074 2069 2116 eam
2101 2057 2275 2116 dedit
2296 2053 2347 2132 6)
2366 2101 2382 2128 ,
2418 2063 2483 2116 et
2517 2073 2701 2116 casus
2736 2057 3089 2130 periculum

287 2147 590 2227 sustinet,
623 2154 739 2214 nisi
769 2154 927 2212 illud
949 2153 1014 2211 in
1051 2170 1119 2212 se
1142 2154 1386 2226 recepit
1415 2149 1768 2213 scrutarius
1793 2197 1811 2228 ,
1850 2154 2024 2226 quod
2048 2153 2301 2225 quidem
2327 2158 2393 2211 et
2417 2152 2610 2211 tacite
2633 2153 2769 2210 fieri
2792 2159 3003 2229 potest
3023 2151 3088 2228 ⁷).

288 2249 528 2307 Rursus
560 2256 811 2328 autem,
847 2245 956 2323 qui
987 2250 1272 2324 accepit,
1307 2256 1419 2308 aut
1443 2265 1582 2313 rem
1606 2249 1868 2307 domino
1887 2291 1905 2325 ,
1933 2249 2449 2322 quandocunque
2474 2244 2581 2306 hic
2608 2247 2915 2326 voluerit,
2945 2249 3090 2307 red-

286 2348 443 2406 dere
462 2354 721 2409 tenetur
749 2350 825 2425 ⁸),
854 2359 968 2409 aut
990 2347 1266 2424 pretium
1290 2366 1411 2425 pro
1440 2350 1545 2412 illa
1566 2396 1584 2424 ‚
1610 2349 1698 2408 ita
1725 2350 1966 2409 scilicet
1986 2391 2003 2421 ‚
2028 2355 2103 2406 ut
2130 2348 2446 2421 majorem
2475 2363 2789 2406 summam
2808 2388 2824 2417 ‚
2858 2364 3051 2419 quam
3071 2392 3087 2419 ‚

285 2444 368 2502 de
389 2461 519 2518 qua
543 2446 844 2505 convenit
859 2486 875 2516 ,
894 2449 1043 2507 licet
1066 2449 1201 2520 ipse
1219 2449 1491 2521 amplius
1515 2445 1867 2518 acceperit,
1894 2458 2153 2502 necesse
2182 2459 2313 2502 non
2345 2443 2625 2501 habeant
2652 2438 2992 2501 restituere
3014 2440 3084 2517 ε’).

285 2547 621 2604 Caeterum
649 2561 933 2624 merces,
964 2547 1013 2606 si
1043 2563 1211 2622 qnae
1243 2553 1342 2607 est
1380 2546 1714 2621 accipienti
1753 2547 2100 2605 constituta
2122 2586 2140 2614 ,
2187 2543 2339 2603 item
2379 2544 2619 2619 petitur
2660 2544 3087 2603 aestimatoria

282 2644 464 2705 velut
487 2645 816 2707 contraria
846 2648 1101 2707 actione
1127 2643 1216 2722 ¹⁰).

735 2857 763 2934 §
801 2861 947 2920 453.
991 2863 1054 2925 Β)
1092 2858 1444 2920 Mandatum
1482 2878 1757 2940 aprorum
1798 2861 2277 2924 dirimendarum
2317 2879 2492 2923 causa
2538 2865 2635 2936 (²⁴¹).

362 3080 878 3152 Agrimensorum
896 3081 937 3156 ¹)
980 3079 1280 3156 obligatio
1324 3080 1453 3143 hoc
1486 3080 1551 3144 in
1591 3087 1737 3144 looo
1783 3098 2291 3144 commemorare
2339 3084 2484 3142 ideo
2517 3086 2908 3144 conveniens
2948 3103 3085 3146 esse

280 3171 535 3235 videtur
554 3217 572 3245 ‚
621 3180 796 3252 qnod
822 3222 838 3249 ‚
870 3181 979 3253 qui
1014 3181 1179 3252 agris
1204 3196 1280 3239 ex
1318 3181 1472 3238 artis
1501 3181 1734 3253 regulis
1772 3178 2173 3239 dimetiendis
2213 3193 2478 3250 operam
2510 3181 2665 3238 dant
2693 3224 2708 3249 ‚
2756 3182 2980 3255 utique
3008 3198 3086 3244 ex

283 3273 594 3331 mandato
633 3275 960 3348 negotium
1002 3292 1188 3334 snum
1233 3277 1584 3351 suscipiunt
1609 3273 1683 3352 ²).
1736 3271 2048 3354 Quoniam
2097 3282 2312 3333 autem
2344 3276 2610 3334 civiliter
2653 3277 2915 3336 omnino
2959 3294 3089 3337 non

285 3367 655 3440 obligantur
680 3387 986 3443 agrorum
1007 3388 1336 3432 mensores
1366 3367 1439 3447 ³),
1478 3375 1739 3432 Praetor
1768 3372 2074 3431 adversus
2104 3386 2245 3445 eos,
2282 3371 2392 3448 qui
2420 3373 2573 3431 dolo
2610 3373 2711 3432 vel
2741 3374 2871 3472 lata
2898 3376 3089 3448 culpa

283 3563 310 3617 S
331 3560 381 3612 5.
405 3566 460 3615 D.
473 3567 736 3616 mandati.
760 3569 934 3628 (RVH,
976 3570 1162 3622 1.)-1..
1185 3569 1236 3618 5.
1279 3571 1332 3618 C.
1357 3571 1411 3618 Is.
1437 3573 1658 3618 t.-Au·
1722 3571 1758 3617 l.
1779 3571 1814 3616 l.
1839 3582 1889 3627 p.
1913 3566 1992 3618 49.
2014 3593 2071 3603 -
2095 3569 2301 3616 Dissent.
2323 3571 2377 3616 J.
2400 3570 2467 3618 Η.
2492 3569 2753 3617 Boelzmer
2774 3571 3001 3618 Exercitt.
3025 3576 3087 3623 ad

280 3630 442 3678 eloris
462 3631 659 3677 Cession
675 3631 852 3691 ρ.14ὶ.
872 3634 920 3677 in
939 3636 974 3680 1.
989 3645 1096 3692 sqq.
1720 3633 1872 3679 Pand.
1897 3633 1974 3679 lll.
1997 3633 2078 3678 Nr.
2101 3629 2182 3678 54.
2202 3632 2270 3690 (p.
2295 3629 2389 3678 558
2409 3633 2574 3690 σφωε
2589 3631 2651 3679 23
2669 3645 2774 3691 sqq.

854 3731 881 3787 S
914 3727 1030 3778 ⁴³²·
1783 3693 2101 3805 ⁷2f³fx1⁵fffesr
2139 3706 2192 3741 ὀ
2226 3695 2277 3807 ff
2304 3695 2433 3804 11κί
2423 3697 2513 3804 ¹1.
2529 3694 2596 3803 13?
2604 3695 2677 3808 lis.
2697 3697 2767 3802 t.¹
2807 3697 2891 3804 Di..
2899 3696 2966 3805 ‘¹5⁸
3000 3710 3087 3753 μ’.

281 3815 412 3925 Tuig
416 3816 640 3928 lgigdfflA8
636 3819 906 3868 Michaelis
925 3821 986 3867 ds
997 3822 1272 3867 mercatura
1295 3819 1646 3878 procuratoris.
1714 3754 2204 3940 ἕῗὲὲῗιοάαα)-
2146 3821 2291 3878 (xm,
2309 3818 2359 3866 0.
2348 3752 2540 3878 Act.
2561 3820 2721 3868 Gtu‘clc
2720 3781 2894 3866 iss-nd
2918 3760 3084 3872 Χνξιῗ.

351 3941 1085 4000 2)C1.Miclsae!isl.l.s2.4.
1110 3941 1230 3990 ο18.
1775 3943 1825 4003 8)
1847 3947 1953 3992 Not
1971 3942 2020 3990 6.
2042 3948 2089 3989 et
2111 3955 2212 4001 arg
2236 3943 2333 4000 39.
2350 3946 2386 3991 1.
2414 3943 2677 3993 mandati.

346 4004 397 4062 3)
438 4006 539 4061 Dig.
581 4005 598 4060 (
621 4008 719 4052 xlx
739 4040 754 4061 ,
792 4008 840 4053 3.
867 4010 881 4063 )
932 4007 999 4055 de
1035 4005 1416 4054 aestimatoria.
1469 4035 1530 4044 —
1570 4008 1645 4056 Cf.
1776 4006 1825 4063 9)
1850 4010 1901 4053 L.
1930 4008 1977 4052 1.
1996 4007 2022 4061 ς
2043 4007 2086 4050 1.
2114 4008 2161 4051 in
2183 4007 2220 4053 f.
2260 4009 2311 4053 D.
2333 4006 2384 4052 Ιι.
2410 4009 2446 4053 ι.
2473 4033 2532 4042 --
2555 4008 2716 4066 Neque
2738 4009 2982 4054 contraria
3003 4015 3078 4057 est

280 4070 445 4115 neno
466 4068 657 4116 Poena
680 4069 831 4116 Lebre
854 4081 948 4117 von
970 4071 1065 4117 den
1087 4068 1676 4117 innominatcontracten'
1713 4070 1765 4116 1..
1789 4068 1863 4116 15.
1889 4081 1961 4126 pr.
1988 4071 2041 4115 l).
2064 4068 2131 4114 de
2147 4081 2231 4123 pr.
2255 4070 2403 4117 verb.
2426 4071 2567 4127 (xlx,
2586 4067 2654 4127 5.)
2690 4094 2750 4103 -—
2785 4070 2893 4116 vid.
2916 4072 3080 4122 Gltick

283 4127 568 4190 p..48—54
1711 4132 1864 4180 Pand.
1888 4132 2056 4180 xvlu.
2077 4143 2127 4189 p.
2146 4131 2225 4178 65.
2246 4139 2349 4179 not.
2367 4129 2449 4178 58.

283 4143 540 4251 1'vllam
560 4192 655 4240 vid.
679 4204 824 4251 supra
847 4191 1000 4249 334⁸.
1028 4193 1145 4252 ibiq.
1169 4206 1245 4241 nr.
1268 4194 1316 4243 d.
1334 4199 1437 4242 not.
1462 4194 1508 4240 Β.
1533 4196 1584 4241 d.
1599 4200 1650 4241 et
1777 4195 1854 4252 10)
1877 4196 1987 4252 Arg.
2014 4195 2066 4239 L.
2087 4193 2136 4240 ⁴2.
2164 4197 2215 4242 D.
2237 4195 2293 4242 Ιι.
2319 4198 2357 4240 ι.

281 4263 388 4304 not.
410 4253 458 4302 4.
481 4254 559 4300 Cf.
583 4259 633 4300 et
649 4262 755 4302 not.
776 4269 881 4315 seq.

345 4316 635 4376 5)cr.1..1.
658 4318 684 4372 ς
707 4320 831 4365 1.1).
857 4319 909 4367 lt.
933 4323 971 4366 t.
996 4320 1650 4371 u-Fuit—dubitatum,—-
2276 4320 2302 4376 S
2334 4314 2454 4365 433.

283 4386 451 4429 utrum
473 4390 533 4425 ex
555 4382 754 4427 vendito
774 4382 837 4428 sit
857 4384 1003 4440 actio,
1028 4389 1224 4442 propter
1246 4384 1648 4440 aestimationem,

283 4456 349 4491 sn
370 4457 429 4490 οι
446 4444 626 4500 locato
648 4445 784 4500 quasi
808 4456 912 4490 rem
934 4415 1234 4493 ve’ndeudam
1255 4447 1436 4492 locasse
1457 4445 1646 4503 videar,
1775 4443 1837 4500 (⁸)
1869 4442 1973 4502 Dig.
2021 4444 2038 4501 (
2056 4444 2141 4501 xl,
2165 4441 2247 4494 0.)
2290 4442 2340 4489 εἰ
2383 4453 2597 4490 mensor
2627 4440 2842 4497 falsum.
2866 4446 3076 4493 modum

285 4517 350 4553 an
370 4518 428 4552 ex
449 4506 712 4561 conducto,
731 4508 870 4564 quasi
890 4518 1062 4565 operas
1085 4510 1338 4563 locassem,
1356 4521 1417 4554 an
1441 4509 1644 4554 manda·
1709 4504 1925 4554 dixerit.

285 4570 343 4616 ti.
367 4569 535 4615 Belius
555 4568 719 4627 itaque
741 4570 902 4616 visum
934 4574 1008 4615 est
1033 4603 1048 4628 ‚
1082 4570 1208 4617 hanc
1264 4573 1504 4617 actionem
1538 4581 1647 4628 pro·
1778 4571 1824 4625 1)
1859 4570 1923 4614 De
1935 4570 2321 4628 agrimensor-um
2342 4579 2543 4614 munere
2563 4567 2660 4617 vid.
2683 4569 2919 4620 Niebuhr
2935 4571 3075 4619 Rom.

287 4633 415 4741 pnnbii
437 4649 501 4663 -·
525 4653 582 4663 —
610 4655 667 4665 —
697 4633 915 4680 dandam
937 4632 1320 4681 aestimatoriam
1342 4633 1651 4691 praescriptis
1713 4631 2002 4740 Ggsfichichte
2022 4633 2079 4677 11.
2102 4644 2147 4690 p.
2169 4629 2263 4679 5:⁵⁴
2283 4642 2391 4689 sqq.
2406 4631 2549 4679 ——Ch
2568 4637 2618 4677 et
2640 4632 2800 4682 Glziclt
2819 4634 2970 4679 Pand.
2992 4636 3072 4680 xl.

283 4704 368 4741 ver
419 4706 459 4740 s.
477 4707 505 4735 n
1713 4695 1740 4750 S
1826 4709 1855 4740 ο

344 4755 525 4812 mviii.
568 4756 627 4803 J.
663 4757 733 4803 B.
765 4756 1645 4829 Stulslnmnndedominiopercon-
1777 4758 1824 4815 θ)
1856 4758 1965 4805 Vid.
1979 4759 2031 4804 1..
2050 4758 2099 4803 2.
2120 4756 2209 4810 31.
2233 4756 2285 4801 1..
2306 4752 2358 4802 ὅ.
2379 4767 2454 4815 pr.
2477 4758 2534 4804 D.
2555 4756 2610 4806 Ιι.
2630 4759 2764 4820 Met.
2781 4759 2832 4809 t..
2849 4760 2895 4807 1.
2919 4770 2994 4819 pr.
3019 4759 3073 4803 n.

281 4824 494 4868 tractum
522 4819 908 4867 aestimatorum
942 4824 1059 4866 ante
1096 4821 1385 4868 solutionem
1424 4821 1565 4878 pretii
1594 4820 1644 4866 in
1705 4819 1827 4869 eod.
1830 4821 2004 4870 -Vid.
2028 4825 2129 4867 not.
2152 4819 2293 4877 σαι).

281 4882 606 4944 accipientem
624 4893 724 4931 non
745 4882 998 4931 translato.
1022 4883 1184 4930 Goett.
1208 4879 1350 4931 1770.
1374 4882 1647 4932 —Poelsls
1767 4880 1817 4942 ὅ)
1849 4885 1900 4932 Ι..
1915 4884 1962 4932 1.
1986 4894 2062 4944 pr.
2081 4883 2132 4930 ln
2153 4881 2185 4930 1.
2208 4883 2263 4931 D.
2285 4879 2338 4931 Is.
2363 4884 2402 4929 c.
