3544 5506
470 276 585 335 67⁰
1161 293 1311 336 rans
1350 294 1508 336 sruc-
1548 294 1668 337 mi.
1709 294 1775 337 v.
1816 295 1893 337 ne
1928 295 2365 338 usnemu-run
2401 296 2578 340 suns.

469 449 660 521 5749.
685 452 757 527 Ξ)
791 452 1125 530 Separatim
1147 452 1215 510 de
1255 472 1474 522 eorum,
1516 472 1661 533 quae
1703 453 1775 512 ab
1816 453 2107 513 heredibus
2154 454 2591 533 relinquuntur,
2632 454 3026 514 deminutione
3059 472 3134 514 esc
3172 455 3270 535 iqe

616 551 879 611 Falcidia
923 552 1013 629 (Ἴ.
1043 554 1102 627 a)
1125 552 1314 630 Hujus
1339 553 1691 612 deductionis
1718 554 1873 612 ratio
1891 600 1907 625 ,
1929 562 1981 614 et
2009 555 2163 614 inter
2187 573 2330 633 quas
2350 572 2622 633 personas
2645 554 2829 615 locum
2862 555 3094 617 habeat.

552 717 799 781 Nimiae
842 724 1085 795 legandi
1122 724 1447 793 licentiae,
1480 741 1607 798 qua
1634 725 1719 781 ita
1752 724 2178 783 abuterentur
2206 730 2541 783 testatores
2561 765 2576 790 ‚
2605 728 2679 779 ut
2710 722 2967 794 saepius
3010 720 3261 778 minima

470 823 719 876 tantum
756 826 868 876 aut
900 835 1164 892 prorsus
1193 821 1366 879 nulia
1400 819 1768 879 hereditatis
1800 835 1949 891 pars
1979 821 2061 878 ad
2086 820 2356 879 heredes
2378 818 2777 897 perveniret,
2803 817 2995 874 variis
3019 814 3277 874 subinde

471 915 710 987 legibus
740 932 1080 976 occursum
1110 918 1414 991 est‚inter
1447 933 1684 991 easque
1708 911 2105 991 potissimum
2134 914 2413 975 Falcidia
2444 918 2608 988 tege,
2627 932 2752 988 qua
2784 922 3054 974 cautum
3076 920 3195 986 est,
3214 919 3280 970 ut

474 1027 558 1069 ne
586 1014 794 1070 minus
813 1029 1002 1086 quam
1034 1020 1330 1086 quartam
1349 1012 1717 1072 hereditatis
1730 1019 1979 1086 partem
1996 1020 2304 1086 caperent
2322 1008 2660 1086 heredes¹).
2681 1014 2882 1085 quue
2901 1017 3127 1085 postea
3144 1024 3282 1068 cum

475 1112 557 1168 ad
579 1112 922 1185 singularia
949 1115 1431 1173 fideicommissa
1461 1109 1747 1187 aliaque,
1790 1128 1958 1186 quae
1990 1109 2211 1171 mortis
2240 1129 2435 1174 causa
2464 1112 2811 1185 capiuntur
2831 1156 2848 1183 ‚
2903 1111 3280 1169 translatum

474 1206 687 1285 estius
713 1211 873 1284 (not.
915 1212 975 1268 2.
997 1211 1039 1283 )‚
1063 1218 1195 1268 tum
1225 1226 1382 1270 vero
1405 1255 1420 1282 ,
1454 1225 1530 1269 ex
1561 1210 1878 1282 Pegasiani
1904 1210 2166 1286 quidem
2186 1207 2314 1269 SCti
2347 1211 2754 1281 auctoritate,
2785 1209 2868 1266 ad
2898 1206 3280 1265 hereditates

480 1320 740 1380 quoque
771 1310 1381 1369 fideicommissarias
1406 1354 1422 1384 ‚
1454 1312 1535 1369 de
1576 1326 1705 1383 quo
1745 1309 1908 1368 infra
1943 1312 2286 1383 separatim
2323 1311 2448 1370 erit
2476 1311 2823 1369 videndum
2860 1309 2881 1383 (
2906 1306 2932 1380 ξ
2961 1307 3110 1367 758.
3131 1306 3172 1381 ).
3205 1311 3284 1366 Eo

477 1401 671 1473 igitur
694 1407 1063 1464 continetur
1080 1407 1187 1482 jus
1216 1408 1356 1478 lege
1385 1406 1657 1464 Falcidia
1692 1407 2113 1466 constitutum
2137 1452 2155 1481 ‚
2191 1413 2295 1474 ut,
2328 1409 2377 1466 si
2412 1408 2581 1464 ultra
2611 1407 3000 1464 dodrantem
3045 1402 3283 1461 heredi-

479 1498 926 1572 tatislrgatum
966 1509 1098 1571 est,
1148 1508 1399 1560 tantum
1445 1501 1764 1574 legatariis
1807 1517 1926 1575 pro
1968 1509 2108 1560 rata
2155 1504 2465 1576 cujusque
2510 1509 2692 1579 parte
2740 1503 3072 1559 deducere
3111 1499 3281 1557 heres

482 1596 711 1668 possit,
748 1604 1059 1669 quantum
1105 1598 1185 1655 ad
1217 1599 1643 1670 quadrantem
1689 1598 1976 1657 omnium
2023 1584 2341 1657 bonorum
2391 1595 2804 1656 retinendum
2835 1597 3139 1655 sufficiat.
3176 1599 3284 1653 lta-

480 1708 608 1766 que
638 1695 702 1770 1)
732 1712 863 1754 non
895 1695 1209 1768 legatariis
1236 1699 1441 1756 solum
1475 1704 1539 1755 et
1583 1694 2200 1766 fideicommissariis,
2239 1715 2463 1756 verum
2500 1705 2566 1756 et
2604 1697 2828 1756 mortis
2869 1713 3065 1755 causa
3095 1697 3282 1753 dona-

480 1790 688 1863 tariis‚
722 1793 954 1865 iisque,
982 1809 1256 1866 quorum
1278 1795 1383 1866 jus
1413 1801 1618 1852 morte
1654 1795 2077 1852 confirmatur
2104 1793 2434 1860 donantis,
2478 1799 2708 1867 quarta
2745 1788 3182 1865 deductim-²).
3221 1788 3280 1862 Ξ)

483 1886 573 1941 Ad
602 1901 826 1946 omnes
853 1885 1127 1961 pertinet
1152 1890 1422 1947 heredes
1444 1890 1550 1961 jus
1581 1890 1961 1957 retinendae
1998 1898 2270 1963 quartae
2291 1933 2305 1958 ‚
2339 1886 2481 1949 iii'os
2512 1906 2778 1964 quoque
2801 1934 2817 1957 ,
2862 1890 2972 1963 qui
3017 1890 3092 1945 ab
3138 1888 3282 1945 inte·

483 1987 652 2040 stato
681 1981 1104 2058 succedunt³)
1131 2026 1145 2053 .
1175 2002 1304 2045 non
1334 2002 1489 2044 vero
1521 1985 1711 2044 etiam
1744 1988 1823 2043 ad
1869 1986 2017 2053 hos,
2068 1988 2176 2060 qui
2226 1994 2485 2061 praeter
2513 1988 2783 2045 heredes
2826 1986 3080 2044 onerati
3112 1989 3281 2057 sunt,

484 2080 601 2138 nisi
630 2089 944 2155 quatenus
976 2086 1121 2158 ipsis
1145 2087 1519 2144 diminuitur
1541 2102 1658 2159 per
1689 2086 1890 2158 legem
1935 2088 2273 2145 Falcidiam
2294 2132 2309 2157 ‚
2343 2088 2517 2161 quod
2566 2088 2655 2144 eis
2688 2086 2991 2144 relietum
3023 2080 3201 2143 est⁴).
3232 2080 3286 2154 3)

485 2181 776 2241 Pluribus
796 2182 1096 2244 institutis
1127 2186 1503 2260 heredibtiS‚
1536 2185 1820 2258 singulos
1863 2193 2126 2259 oportet
2165 2202 2319 2245 suae
2350 2184 2661 2263 cujusque
2705 2185 3023 2258 portionis
3068 2185 3289 2241 salvam

486 2279 726 2339 habere
761 2280 1072 2345 Falcidiae
1101 2287 1523 2359 quantitatem
1544 2284 1569 2321 5
1590 2287 1631 2357 ).
1673 2285 1812 2344 Jam
1843 2303 2000 2344 vero
2030 2290 2344 2345 alterutro
2372 2287 2685 2344 heredum
2731 2284 3076 2342 deficiente
3103 2327 3120 2349 ,
3159 2294 3289 2339 cum

488 2391 636 2448 pars
677 2378 815 2451 ejus
860 2383 941 2438 ad
971 2384 1244 2440 alterum
1280 2384 1427 2455 jure
1477 2383 1884 2440 accrescendi
1930 2379 2213 2454 legitimo
2256 2381 2587 2455 pervenit,
2638 2376 2690 2439 si
2742 2381 3008 2453 quidem
3054 2395 3130 2436 ex
3175 2383 3295 2433 tota

488 2450 877 2551 hereditate,
904 2478 941 2533 i.
983 2494 1043 2537 e.
1077 2481 1158 2536 ab
1186 2480 1480 2538 omnibus
1509 2479 1853 2535 heredibus
1881 2478 2162 2549 legatum
2191 2476 2565 2536 soivendum
2599 2482 2732 2543 est,
2770 2476 3002 2547 utique
3046 2466 3294 2538 sufficit,

490 2574 562 2624 ut
604 2570 880 2629 confusis
921 2576 1208 2645 partibus
1251 2575 1679 2647 quadrantem
1729 2574 1980 2630 salvum
2028 2573 2256 2630 habeat
2305 2574 2526 2641 heres,
2557 2572 2659 2649 cui
2703 2570 3056 2629 coheredis
3100 2568 3293 2641 portio

496 2662 888 2740 accrevit⁶);
919 2675 985 2724 at
1016 2665 1067 2726 si
1107 2669 1480 2727 nominatim
1510 2686 1547 2725 a
1577 2683 1838 2741 quoque
1870 2665 2149 2740 legatum
2187 2676 2318 2737 est,
2352 2684 2455 2727 res
2479 2667 2600 2727 erit
2634 2667 2743 2725 iila
2770 2682 2847 2725 ex
2878 2667 3104 2737 regula
3130 2663 3297 2721 aesti-

492 2765 761 2835 manda,
807 2783 999 2840 quam
1028 2773 1217 2842 vulgo
1255 2776 1627 2843 proponunt
1657 2770 1751 2828 his
1785 2768 1922 2827 sere
1956 2771 2164 2829 verbis
2193 2786 2208 2827 ε
2251 2786 2370 2826 aon
2390 2775 2637 2845 gravata
2656 2766 2933 2845 portione
2971 2771 3289 2823 acci-escam

487 2871 761 2936 qravatae
788 2881 836 2924 s.
856 2876 1145 2938 oneratae,
1173 2887 1291 2926 non
1317 2867 1619 2927 deducitur
1647 2875 1865 2946 quarta
1888 2911 1905 2937 ,
1939 2900 2018 2911 -
2043 2877 2248 2928 contra
2263 2884 2393 2925 vero
2416 2873 2666 2944 gravata
2684 2864 2957 2944 portione
2983 2863 3219 2939 inieqm
3241 2875 3281 2916 s.

490 2976 608 3018 non
629 2972 904 3037 qravatae
935 2975 1297 3036 accrescente,
1339 2965 1675 3025 deducitur⁷
1694 2973 1732 3035 ).
1769 2969 2003 3045 Quodsi
2024 2985 2102 3027 ex
2132 2963 2586 3027 substitutione
2615 2965 2955 3024 coheredis
2988 2961 3186 3041 portio
3210 2958 3283 3017 ad

493 3058 878 3119 coheredem
900 3064 1221 3134 pervenit,
1244 3064 1395 3121 item
1422 3070 1492 3120 ut
1522 3064 1586 3120 in
1608 3058 1924 3137 superiori
1956 3079 2150 3123 causa
2179 3066 2350 3138 (not.
2378 3062 2476 3135 6.)
2517 3058 2582 3119 id
2613 3061 2917 3134 proficiet
2951 3055 3290 3130 legatariis,

491 3152 615 3212 hoc
637 3164 931 3229 pacto,ut
960 3159 1449 3218 confundendae
1477 3157 1600 3218 siut
1627 3166 1840 3231 partes
1863 3167 2059 3233 atque
2096 3163 2359 3220 omnino
2395 3160 2828 3232 quadrantem
2861 3151 3295 3214 exhereditate

496 3269 756 3314 manere
784 3261 951 3331 apud
983 3260 1282 3318 heredem
1315 3260 1590 3318 sufficiat
1610 3255 1637 3293 ⁸
1663 3260 1704 3330 ).
1738 3260 1841 3317 Sin
1868 3267 2082 3320 autem
2115 3279 2191 3320 ex
2217 3255 2515 3335 pupillari
2554 3257 3017 3316 substitutione
3050 3252 3299 3311 coheres

494 3355 866 3413 successerit
900 3358 1142 3429 pupillo
1171 3352 1513 3429 eidemque
1537 3355 1876 3422 coheredi‚
1911 3357 2092 3430 isque
2112 3360 2244 3431 jam
2293 3358 2480 3414 heres
2521 3355 2690 3427 patri
2735 3352 3087 3420 exstiterit,
3133 3361 3297 3420 seps·

496 3452 739 3509 randae
765 3464 909 3512 sunt
938 3462 1152 3526 partes
1177 3461 1372 3528 atque
1409 3472 1447 3514 a
1480 3452 1739 3527 siugulis
1768 3455 2191 3516 deductiones
2217 3456 2555 3516 faciendae
2574 3497 2591 3529 ,
2621 3459 2963 3525 tamquam
2992 3466 3031 3507 a
3066 3448 3300 3506 duabus

493 3542 953 3609 hereditatibus
973 3547 1057 3626 ⁹).

1106 3709 1131 3763 S
1160 3705 1274 3754 749.
1996 3699 2044 3756 5)
2065 3704 2092 3757 ε
2118 3701 2163 3748 t.
2188 3703 2225 3748 1.
2246 3699 2297 3746 Ιι.
2323 3698 2482 3745 t.-1..
2504 3693 2586 3743 77.
2611 3695 2669 3743 D.
2687 3692 2810 3740 eod.

2000 3764 2048 3819 6)
2070 3767 2126 3812 1..
2153 3766 2199 3810 1.
2222 3765 2248 3819 ς
2268 3759 2345 3808 15.
2373 3763 2422 3806 in
2445 3761 2481 3806 f.
2503 3761 2557 3805 D.
2583 3756 2635 3803 k.
2659 3759 2701 3804 t.
2723 3759 2849 3812 (not.
2874 3751 2967 3810 8.).

560 3827 754 3884 (⁸)1ust.
780 3829 839 3885 (ΙΙ
855 3865 870 3886 ‚
888 3829 1011 3878 22).
1032 3833 1136 3890 mg.
1156 3834 1340 3887 (XXXV
1357 3866 1372 3889 ,
1391 3831 1482 3890 2.).
1505 3831 1626 3879 cod.
1651 3831 1750 3888 (vl,
1769 3827 1873 3887 50.)
1995 3824 2045 3883 7?
2073 3831 2273 3885 Propter
2296 3827 2345 3870 t..
2370 3821 2451 3869 78.
2473 3823 2527 3867 D.
2553 3821 2606 3865 li.
2634 3823 2673 3865 l.
2714 3842 2770 3851 -—
2808 3819 2859 3862 t..
2884 3817 2964 3861 2¹.
2988 3817 3013 3871 S
3037 3814 3088 3862 1.
3111 3811 3224 3861 eod.
3257 3832 3304 3842 -

497 3888 1149 3951 adLeqemFatcidlam.—
1173 3897 1229 3940 F.
1254 3895 1497 3941 Dum-eni
1518 3900 1787 3941 comment.
1811 3895 1872 3939 ad
1938 3892 2132 3937 caeter.
2156 3891 2252 3934 vid.
2277 3888 2329 3932 1..
2353 3887 2397 3931 1.
2421 3886 2446 3939 S
2474 3880 2552 3954 14.
2572 3895 2623 3927 iu
2648 3881 2685 3927 f.
2711 3882 2768 3927 D.
2792 3880 2845 3925 li.
2868 3883 2976 3926 t.—
2997 3880 3196 3935 Cujacii
3210 3873 3305 3919 obs.

500 3953 553 3998 1..
580 3952 759 4000 Falcid:
776 3958 907 4013 (opp.
932 3969 977 4012 p.
1001 3956 1094 4003 5:52
1116 3981 1176 3990 —
1198 3955 1351 4013 5754.
1390 3982 1447 3990 —-
1480 3959 1569 4003 Fr.
1607 3956 1873 4003 Husmani
1939 3953 2042 4006 xv,
2067 3951 2149 3999 15.
2174 3952 2256 4006 (cf.
2278 3956 2326 3994 et
2345 3953 2443 3993 not.
2470 3944 2519 3992 9.
2542 3958 2593 3990 iu
2617 3943 2695 3998 1.).
3117 4003 3126 4010 .
3210 3998 3218 4005 .

500 4014 751 4062 paradoxa
775 4019 836 4063 ad
858 4021 909 4063 t..
934 4020 1193 4067 Falcidiam
1216 4018 1491 4072 (Ottothes.
1516 4020 1594 4064 iv.
1622 4032 1672 4077 p.
1690 4017 1873 4064 1673-
2000 4014 2047 4069 8)
2077 4016 2130 4060 1..
2157 4016 2203 4059 1.
2224 4013 2248 4066 S
2276 4009 2350 4058 13.
2375 4012 2429 4055 D.
2451 4010 2504 4055 li.
2527 4011 2562 4053 t.
2585 4006 2720 4060 (uid,
2740 4004 2873 4075 quod
2893 4015 2954 4048 ex
2971 4002 3306 4072 substitutione

504 4072 998 4135 1752.).—Rossliirt
1016 4086 1047 4127 Ι.
1074 4085 1167 4141 hp.
1186 4079 1455 4127 520-589.
1477 4082 1519 4136 (S
1543 4081 1620 4126 11.
1646 4081 1748 4138 20.)
1938 4075 2196 4124 coheredis
2217 4076 2277 4120 ad
2296 4072 2586 4118 coheredem
2599 4073 2844 4128 pervenit.
2855 4066 3048 4122 proficit
3063 4067 3311 4120 legatariis.

568 4141 615 4196 1)
640 4141 755 4196 Gaji
772 4145 885 4188 inst.
909 4145 969 4203 11,
994 4143 1086 4190 224
1110 4169 1167 4178 —
1189 4143 1301 4190 227.
1337 4167 1396 4176 —-
1436 4145 1513 4189 Pr.
1540 4144 1576 4190 Ι.
1600 4144 1653 4190 Ιι.
1679 4149 1718 4191 t.
1735 4149 1784 4188 et
1806 4143 1873 4188 ib.
1941 4139 1982 4183 ls
2005 4150 2144 4185 enim
2169 4138 2338 4183 similis
2377 4140 2450 4178 est
2490 4132 2633 4178 heres
2675 4142 2736 4201 ex
2775 4134 2915 4186 parte
2954 4139 3079 4185 pure
3108 4138 3168 4170 ex
3192 4128 3311 4179 parte

509 4199 842 4259 TIWOPML—
866 4205 939 4252 Cf.
966 4207 1323 4267 Weslenberq
1345 4218 1421 4265 pr.
1441 4207 1544 4262 jur.
1569 4207 1623 4252 Ι).
1646 4206 1699 4254 h.
1723 4212 1759 4251 t.
1782 4206 1809 4261 S
1827 4206 1877 4251 3.
1943 4201 2033 4246 sub
2056 4202 2343 4247 conditione
2363 4196 2533 4242 heredi
2575 4196 2805 4238 instituto
2830 4205 2843 4234 ι
2870 4191 2956 4260 sed
2989 4202 3047 4234 ca
3070 4222 3086 4246 ‚
3123 4196 3243 4245 quae
3261 4182 3313 4228 ab

504 4266 633 4310 —Dc
658 4266 809 4313 duob.
835 4271 1036 4326 capitib.
1062 4272 1115 4316 1..
1137 4272 1374 4315 Fatcidiae
1397 4269 1470 4326 (1..
1497 4269 1542 4314 1.
1569 4281 1641 4326 pr.
1671 4271 1724 4314 D.
1748 4268 1801 4314 li.
1821 4269 1879 4314 t.)
1944 4275 2035 4309 eon
2061 4265 2133 4321 (i.
2159 4276 2203 4308 e.
2228 4260 2464 4306 coherede
2495 4258 2766 4328 eodemque
2790 4252 3099 4307 substituto)
3126 4266 3150 4288 ι
3171 4251 3314 4317 tegni

504 4328 748 4375 Duaren.
776 4332 808 4375 Ι.
835 4331 868 4375 Ι.
894 4344 937 4376 c.
962 4334 997 4378 t.
1019 4340 1070 4378 et
1088 4334 1356 4378 Husman.
1381 4333 1556 4377 Parad.
1578 4331 1785 4379 tit—vt.
1945 4331 2082 4385 sunt,
2106 4328 2145 4371 si
2169 4325 2389 4371 omiserit
2409 4321 2737 4366 hereditatem
2751 4331 2777 4357 i»
2803 4317 2921 4372 (quo
2943 4315 3078 4386 facto
3099 4312 3160 4359 ad
3181 4312 3315 4355 atium

569 4388 616 4446 2>
640 4391 691 4435 1..
711 4390 820 4437 23.
848 4393 899 4438 t..
923 4391 973 4440 5.
996 4396 1050 4440 C.
1071 4395 1124 4441 Ιι.
1150 4398 1309 4442 t.—t..
1331 4394 1380 4441 2.
1404 4394 1459 4441 C.
1482 4393 1550 4441 de
1572 4407 1639 4440 m.
1676 4407 1726 4441 c.
1750 4391 1880 4440 don.
1943 4389 2055 4444 iure
2072 4386 2382 4436 accrescendi
2412 4392 2522 4441 pai-s
2543 4390 2722 4427 omissa
2746 4377 3056 4448 pertinebit),
3080 4389 3108 4416 ιι
3127 4384 3221 4418 non
3241 4381 3317 4415 s·-

507 4450 651 4503 (Vnt,
676 4452 776 4511 57.)
810 4478 868 4487 -
904 4457 956 4501 L.
982 4455 1063 4503 52.
1084 4461 1109 4513 S
1133 4459 1179 4503 1.
1205 4462 1257 4505 D.
1277 4458 1345 4504 de
1367 4457 1495 4502 don.
1518 4456 1614 4502 int.
1640 4458 1710 4502 V.
1736 4460 1793 4502 et
1821 4457 1882 4501 U.
1947 4453 2195 4509 gebuntui·
2213 4483 2229 4508 ‚
2252 4449 2358 4492 scii.
2380 4447 2420 4491 si
2445 4444 2507 4490 ab
2528 4455 2587 4490 eo
2606 4447 2897 4488 nominatim
2914 4438 3033 4485 data
3053 4441 3168 4483 sunt
3186 4467 3203 4490 ‚
3223 4442 3317 4478 iios

510 4514 693 4571 (ΧΧΝ,
715 4518 783 4575 1·)
816 4541 874 4550 -·
911 4519 963 4564 1..
985 4519 1064 4565 12.
1087 4523 1138 4567 C.
1162 4521 1217 4567 Ιι.
1241 4523 1276 4566 t.
1314 4544 1373 4553 —
1395 4519 1488 4575 (Cf.
1511 4520 1687 4565 Basse
1709 4517 1881 4564 Rhein.
1948 4512 2195 4574 quisquis
2218 4509 2344 4557 milii
2375 4508 2533 4578 lieres
2566 4505 2685 4552 erit.
2702 4507 2824 4559 ·)-
2849 4502 2902 4547 t..
2928 4499 3012 4546 87.
3030 4501 3056 4555 ς
3077 4498 3128 4546 4.
3150 4495 3318 4544 eod.-

510 4575 632 4622 Mus.
656 4579 695 4634 1,
717 4579 766 4624 5.
794 4591 842 4637 p.
862 4579 974 4627 215.
1003 4588 1108 4627 not.
1130 4582 1231 4640 48.)
1950 4576 2002 4621 l..
2031 4574 2076 4620 1.
2105 4577 2131 4628 ς
2153 4575 2196 4621 1.
2240 4574 2295 4618 D.
2330 4569 2482 4617 sicui
2502 4569 2626 4626 plus
2647 4567 2738 4611 rel.
2760 4566 2778 4621 (
2799 4563 2966 4610 XXXV
2994 4596 3011 4618 ,
3038 4564 3090 4609 3.
3114 4563 3131 4618 )
3160 4584 3223 4632 ⁸-
3253 4554 3315 4602 ct.

574 4638 622 4694 5)
659 4640 813 4688 1..18.
840 4655 916 4700 pr.
958 4644 1013 4690 D.
1056 4643 1109 4691 Ιι.
1132 4646 1167 4690 t.
1207 4669 1263 4678 -
1298 4644 1393 4690 Nec
1412 4643 1575 4689 minus
1596 4642 1659 4690 ad
1681 4642 1886 4689 heredes
1950 4639 2018 4684 A.
2054 4634 2219 4683 Fabri
2270 4633 2405 4688 conj.
2443 4633 2502 4677 lv
2527 4664 2542 4687 ,
2582 4631 2658 4677 13.
2696 4650 2754 4660 -
2790 4628 2855 4672 Ex
2888 4626 3064 4672 eodem
3098 4620 3316 4692 principis

513 4704 868 4750 transmittitur
886 4705 980 4752 hoc
996 4708 1077 4763 jus
1100 4707 1154 4752 1..
1176 4705 1253 4754 10.
1285 4708 1340 4753 C.
1362 4705 1417 4752 li.
1440 4709 1481 4754 t.
1953 4700 2247 4758 expticanda
2284 4697 2479 4743 videtur
2521 4694 2573 4739 1..
2607 4690 2688 4738 1⁴.
2732 4689 2759 4743 S
2779 4689 2830 4735 2.
2875 4689 2930 4735 D.
2953 4688 3009 4735 Ιι.
3044 4691 3083 4733 t.
3118 4684 3252 4743 (vid.
3280 4685 3321 4726 et

577 4758 699 4815 ⁴11..
721 4763 802 4811 52.
843 4767 870 4822 ς
894 4768 942 4814 4.
981 4770 1034 4815 1..
1078 4765 1160 4814 47.
1195 4770 1222 4824 ς
1260 4766 1307 4815 1.
1345 4770 1401 4815 D.
1436 4767 1503 4816 li:
1529 4772 1567 4814 t.
1603 4791 1660 4802 —-—
1694 4769 1889 4815 caeter.
1955 4768 2059 4808 not.
2086 4763 2234 4820 seq).
3064 4810 3077 4821 ·

513 4822 613 4869 vid.
640 4824 692 4868 L·
713 4824 794 4872 53.
816 4830 873 4875 D.
893 4831 1094 4879 eod.·‹—
1119 4834 1173 4879 1..
1207 4830 1288 4880 st.
1322 4833 1348 4887 s
1381 4830 1428 4877 1.
1464 4832 1516 4877 D.
1543 4830 1612 4878 de
1633 4842 1768 4878 ann.
1789 4829 1889 4890 leq.
2017 4823 2145 4882 931..
2168 4821 2251 4870 87.
2275 4821 2301 4877 S
2322 4816 2374 4869 ⁴.
2393 4819 2450 4864 D.
2474 4818 2526 4865 Ιι.
2549 4821 2589 4864 t.
2612 4816 2750 4863 verb.
2780 4812 2918 4862 :sed
2934 4812 3037 4860 hoc
3057 4813 3133 4858 ita
3153 4817 3316 4856 vei-sin

516 4886 740 4947 (ΧΧΧΠΙ,
765 4886 831 4946 ¹·)
1957 4887 2159 4943 est.(1..
2183 4886 2262 4933 11.
2284 4884 2310 4938 S
2330 4884 2381 4932 6.
2406 4882 2459 4928 1..
2483 4879 2531 4928 8.
2556 4891 2630 4940 pr.
2652 4877 2807 4936 eod.)
2842 4901 2902 4911 -
2935 4877 3056 4924 Nam
3075 4882 3190 4920 cun
3207 4871 3319 4916 reiut
