3544 5506
1078 341 1214 382 CAP.
1257 340 1328 381 11.
1371 340 1448 382 DE
1485 341 1719 384 vanua
1758 339 2106 385 POOETATE·
2888 329 3001 387 599

194 451 451 509 effectus
474 448 589 520 sit,
616 446 1061 520 repetitionem
1093 444 1354 502 habebit
1376 442 1467 517 ¹²).
1495 449 1828 506 Caeterum
1860 461 2121 519 prorsus
2142 454 2348 505 cessat
2377 448 2597 505 SCtum
2617 487 2634 512 ‚
2670 447 2756 505 ita
2779 455 2853 505 ut
2878 464 3001 507 nec

205 554 375 620 pater
397 560 518 603 nec
541 544 703 601 fitius
719 545 814 601 uti
836 538 1076 617 possint
1100 544 1473 616 exceptione
1493 588 1509 614 ,
1536 543 1631 599 bis
1655 543 1736 599 de
1762 543 1969 601 causis
1995 561 2010 597 ε
2037 543 2094 612 1)
2115 538 2188 611 si,
2212 559 2321 615 qm
2345 543 2616 600 credidit
2638 545 3003 615 pecuniam,

204 648 309 699 aut
333 643 466 712 ipse
511 640 759 712 patriae
788 639 1128 712 subjicitur
1155 638 1462 710 potestati
1493 635 1559 714 15)
1580 677 1599 706 ,
1628 644 1745 695 aut
1775 639 1990 697 minor
2020 645 2117 697 est
2142 634 2360 710 viginti
2392 640 2676 711 quinque
2701 640 2883 697 annis
2913 637 3003 711 Ν),

202 742 284 800 sic
304 747 516 798 tamen
534 783 551 810 ,
574 746 647 796 ut
662 784 677 809 ‚
707 739 756 797 si
783 739 995 797 minor
1018 733 1250 795 minori
1272 744 1564 795 mutuam
1585 733 1761 795 dedit
1783 733 2120 810 pecuniam
2144 781 2160 807 ‚
2185 753 2319 796 non
2337 739 2452 795 nisi
2477 738 2540 795 in
2565 745 2815 796 tantum
2841 740 3009 797 actio

205 835 515 900 obtineat,
563 839 877 905 quantum
920 832 1306 904 locupletior
1339 832 1551 890 sactus
1586 838 1685 889 est
1718 833 2038 905 accipiens
2082 829 2180 904 ¹⁵).
2212 831 2273 905 2)
2304 833 2364 889 Si
2405 840 2588 906 patre
2615 835 2716 892 vel
2752 834 3010 891 volente

207 932 299 988 vel
339 929 578 987 sciente
599 969 618 1002 ,
663 943 741 986 ex
778 922 1143 1001 hujusmodi
1176 928 1456 999 denique
1491 942 1717 1002 causa,
1761 943 1931 1001 quae
1964 928 2189 997 efficit,
2221 935 2297 984 ut
2325 924 2390 985 in
2420 925 2694 986 solidum
2722 936 2909 1001 pater
2933 943 3006 987 ex

206 1022 305 1082 fiili
332 1024 597 1096 negotiis
620 1023 952 1082 conveniri
982 1024 1178 1095 possit
1200 1022 1247 1102 (ς
1270 1022 1469 1097 575.),
1486 1029 1713 1080 mutua
1750 1018 2021 1096 pecunia
2042 1024 2236 1081 datur
2269 1021 2363 1096 ¹⁶).
2387 1020 2744 1096 similisque
2771 1030 2868 1082 est
2897 1037 3008 1096 pa-

207 1124 315 1183 tris
339 1119 704 1184 ratihabitio
722 1120 809 1195 ¹⁷),
843 1137 1009 1195 quae
1032 1123 1290 1194 quidem
1313 1116 1798 1195 ettacitepotest
1821 1124 2206 1181 intervenire
2231 1118 2319 1197 18).
2340 1125 2398 1190 5)
2427 1124 2485 1181 Si
2509 1125 2816 1196 quis‚non
2843 1140 3007 1181 vana

208 1216 620 1293 simplicitate.
654 1219 766 1277 sed
788 1220 1038 1277 ratione
1061 1220 1313 1292 ductus,
1348 1218 1868 1290 patremfamilias
1890 1220 2159 1277 credidit
2188 1235 2362 1292 eum,
2388 1236 2671 1294 quocum
2693 1222 3009 1282 contraxit

208 1322 496 1374 mutuum
521 1310 614 1388 ¹⁹).
639 1314 700 1385 4)
722 1313 781 1370 Si
809 1310 1244 1372 filiusfamilias
1274 1320 1560 1371 mutuam
1593 1316 1933 1387 pecuniam
1960 1315 2192 1373 eumin
2231 1317 2422 1374 tinem
2453 1318 2729 1389 accepit,
2757 1324 2830 1373 ut
2859 1332 3009 1374 eum

210 1411 530 1488 liberaret,
551 1413 693 1486 qui,
718 1412 770 1470 si
794 1418 1066 1485 peteret,
1093 1408 1467 1486 exceptione
1491 1428 1622 1472 non
1639 1421 2155 1474 summoveretur
2167 1409 2264 1487 ²⁰).
2289 1418 2362 1473 Et
2384 1415 2544 1474 haec
2562 1412 2817 1489 quidem
2835 1431 3013 1474 com-

210 1516 481 1573 muniter
496 1512 972 1586 pertinentcum
987 1512 1069 1569 ad
1083 1510 1281 1585 patris
1296 1519 1433 1569 tum
1450 1514 1531 1570 ad
1556 1513 1660 1570 tilii
1668 1515 1797 1588 jus.
1821 1514 1945 1571 Soli
1960 1520 2178 1571 autem
2201 1510 2331 1572 tilio
2353 1515 2709 1587 denegatur
2723 1515 3011 1587 exceptio

209 1614 452 1672 duabus
463 1615 547 1670 de
560 1613 785 1670 causis.
809 1607 1119 1687 Primum,
1136 1626 1281 1668 cum
1297 1611 1363 1668 in
1376 1626 1477 1669 res
1494 1619 1851 1671 castrenses
1867 1618 1980 1670 aut
2000 1612 2178 1684 quasi
2196 1617 2550 1671 castrenses
2564 1620 2788 1670 mutua
2819 1627 3012 1686 pecu-

210 1711 308 1768 nia
321 1711 472 1767 data
495 1714 889 1780 acceptaque
903 1708 984 1765 sit
1008 1703 1102 1781 ²¹).
1127 1706 1330 1784 Quid?
1347 1709 1525 1780 quod
1550 1709 1728 1767 miles
1751 1704 2209 1783 filiusfamilias,
2235 1709 2342 1781 qui
2369 1707 2629 1781 quidem
2651 1708 2886 1767 babeat
2904 1724 3014 1767 ca-

210 1812 450 1865 strense
479 1803 831 1877 peculium,
876 1807 943 1861 in
977 1802 1043 1860 id
1080 1803 1288 1878 ipsum
1324 1804 1613 1861 creditur
1654 1805 1977 1877 accepisse
2005 1811 2070 1864 et
2100 1804 2469 1877 expendisse
2498 1811 2789 1862 mutuam
2823 1818 3024 1878 pecu*

211 1909 379 1964 niam
397 1950 415 1976 ‚
440 1906 591 1964 licet
614 1906 696 1962 de
718 1918 797 1962 eo
829 1904 1121 1975 legitimis
1140 1904 1627 1977 probationibus
1646 1907 1904 1964 minime
1930 1911 2180 1964 constet
2202 1901 2292 1978 ²²).
2323 1906 2557 1964 Deinde
2574 1953 2589 1978 ,
2618 1921 2767 1964 cum
2798 1911 3017 1978 pater-

212 2003 476 2061 familias
494 2001 701 2060 factus
728 2001 889 2057 filius
918 1995 1207 2058 debitum
1231 1997 1565 2072 agnoverit
1584 1995 1674 2064 ²⁸).
1704 2005 1778 2059 At
1798 2016 1956 2061 vero
1973 2002 2250 2060 durante
2273 2002 2477 2074 patria
2501 2005 2820 2074 potestate
2842 1997 3014 2076 huic,

211 2102 369 2180 juri,
392 2108 616 2174 utpote
640 2101 896 2173 publico
923 2102 941 2174 (
959 2097 984 2170 S
1017 2101 1121 2158 55.
1156 2100 1220 2158 in
1243 2098 1354 2175 1.),
1389 2101 1569 2158 nullo
1602 2103 1799 2160 modo
1826 2102 2209 2160 renunciare
2242 2101 2404 2158 illius
2435 2107 2644 2173 potest
2672 2097 2765 2174 ²⁴).

277 2278 356 2337 12)
388 2280 441 2326 L.
464 2277 548 2325 26.
569 2280 597 2334 s
623 2276 675 2326 9.
694 2280 750 2325 D.
773 2279 841 2326 de
860 2277 1017 2326 cond.
1036 2276 1149 2325 ind.
1171 2278 1293 2336 (xli,
1313 2278 1388 2334 0.)
1637 2284 1761 2326 trem
1785 2279 2010 2326 obtinere
2026 2279 2293 2336 actionem,
2312 2279 2490 2325 rectius
2514 2279 2608 2327 dici
2631 2290 2771 2337 posse
2794 2277 3017 2327 videtur.

277 2339 355 2398 13)
390 2343 501 2388 1..3.
523 2343 549 2397 S
569 2342 615 2386 2.
633 2342 685 2386 D.
700 2339 754 2386 h.
773 2345 811 2387 l.
833 2341 917 2386 «Si
933 2340 1274 2386 filiusfamilias
1293 2340 1574 2396 crediderit,
1640 2345 1700 2388 At
1722 2343 1863 2387 aliter
1881 2343 1963 2388 alii
1985 2342 2111 2388 banc
2134 2354 2237 2387 rem
2258 2343 2552 2399 expediunt,
2577 2345 2712 2387 velut
2734 2338 2897 2387 Gli'a‘clr
2918 2344 2949 2386 l.
2979 2343 3014 2389 l.

213 2415 402 2450 cessare
435 2404 918 2450 senatusconsultum
943 2436 959 2459 ‚
996 2403 1128 2460 quod
1159 2407 1329 2448 mutua
1372 2402 1578 2461 pecunia
1640 2405 1667 2460 ς
1688 2400 1802 2450 904.
1829 2404 1911 2449 Nr.
1933 2404 1970 2449 1.
1995 2415 2071 2449 nr.
2097 2404 2144 2448 2.
2191 2404 2207 2459 (
2242 2416 2289 2460 p.
2314 2400 2428 2449 550.
2464 2404 2481 2460 )
2519 2426 2574 2435 —-
2601 2401 2827 2449 Thibaut
2863 2403 3016 2450 Pand.

214 2478 315 2512 non
335 2467 421 2524 sit,
436 2466 657 2523 quamvis
674 2466 882 2512 liberam
901 2466 1077 2522 peculii
1100 2464 1580 2512 administrationem
1642 2464 1792 2522 3377.
1819 2478 1897 2512 nr.
1920 2461 2144 2512 2—'11010
2163 2465 2738 2525 Weninq·1nyenkeim
2762 2465 2940 2512 Lebrb.
2958 2467 3018 2511 tl.

212 2527 417 2573 babuit:
444 2539 541 2573 non
565 2528 697 2573 enim
719 2526 921 2585 perdere
945 2526 986 2571 ei
1013 2528 1278 2584 pecuniam
1299 2529 1439 2584 pater
1460 2539 1583 2573 con·
1646 2529 1672 2582 S
1697 2524 1811 2574 175.
1834 2540 1910 2574 nr.
1939 2528 1985 2575 1.
2011 2554 2069 2561 -
2092 2530 2281 2574 Caeter.
2319 2528 2384 2572 ct.
2410 2529 2477 2573 H.
2503 2525 2714 2576 Donellt'
2748 2532 3020 2574 comment.

214 2588 365 2644 cedit,
386 2600 499 2635 cum
519 2589 693 2646 peculii
711 2589 1186 2635 administrationem
1208 2589 1465 2645 permlttit.
1489 2607 1582 2629 ⁸-
1642 2589 1681 2643 j,
1703 2591 1800 2635 clv.
1827 2590 1931 2644 xli,
1953 2588 2033 2635 20.
2056 2602 2102 2647 p.
2126 2588 2241 2635 012.
2262 2589 2361 2646 (ed.
2383 2589 2606 2637 Hannov.
2631 2593 2648 2649 )
2668 2590 2804 2636 verb.
2828 2605 2842 2635 ι
2869 2590 3016 2636 lun·

218 2653 370 2712 igitur
389 2654 562 2708 sponte
582 2653 660 2697 bic
678 2662 872 2710 quoque
894 2651 1205 2709 excipiuntur
1226 2651 1441 2713 peculia,
1458 2662 1586 2712 quae
1642 2651 1857 2698 dacium
1879 2651 2217 2708 filiifamilias
2241 2653 2333 2697 ret.

218 2717 363 2772 pleno
379 2712 493 2768 iure
512 2713 640 2772 apud
663 2714 820 2761 alium
844 2716 972 2760 suut.
1110 2743 1113 2746 -
1712 2712 1795 2771 20)
1836 2714 1889 2759 1..
1911 2711 1964 2761 7.
1988 2715 2015 2771 s
2039 2712 2117 2761 14.
2143 2715 2196 2760 1).
2221 2713 2272 2759 Ιι.
2297 2717 2335 2759 t.

284 2775 365 2832 14)
397 2776 454 2822 1..
473 2777 524 2824 3.
544 2780 569 2833 S
590 2776 639 2823 2.
662 2779 719 2824 D.
740 2776 794 2822 Ιι.
821 2779 861 2823 t.
1713 2775 1794 2833 21)
1811 2774 1916 2822 m.
1933 2777 2030 2824 inf.
2052 2777 2220 2823 1..2.1).
2239 2777 2294 2823 li.
2318 2780 2357 2822 t.
2373 2796 2434 2808 —·
2455 2774 2532 2823 Cf.
2553 2779 2604 2824 c.
2628 2778 2696 2823 Η.
2719 2772 3028 2834 Breuninq:

285 2835 364 2895 15)
399 2838 450 2884 L.
475 2840 553 2885 11.
577 2840 605 2893 S
622 2835 673 2885 7.
697 2841 751 2885 1..
775 2835 855 2885 54.
880 2848 957 2895 pr.
977 2837 1033 2884 D.
1051 2834 1123 2884 de
1135 2834 1325 2884 minor.
1352 2836 1368 2893 (
1391 2837 1449 2883 lv
1466 2871 1482 2895 ‚
1498 2833 1544 2884 ⁴.
1567 2840 1585 2898 )
1654 2850 1716 2886 an
1749 2839 2023 2896 exceptioni
2048 2840 2154 2885 SCti
2189 2838 2528 2886 Macedoniani
2562 2843 2734 2885 noceat
2775 2838 3027 2896 replicatio

218 2900 267 2958 (ς
290 2897 405 2946 109.
428 2911 505 2946 nr.
528 2901 616 2958 1.).
1655 2901 1829 2958 peculii
1866 2901 2117 2946 adventitii
2156 2901 2456 2959 irregularis.
2504 2902 2631 2958 Lips.
2662 2894 2803 2947 1768.
2826 2900 2915 2958 Qui
2953 2903 3033 2944 ta-

286 2961 367 3015 10)
401 2962 456 3008 1..
499 2964 577 3009 12.
612 2964 667 3009 D.
687 2967 738 3009 ct
760 2963 813 3007 1..
834 2959 884 3008 4.
907 2961 961 3007 C.
983 2959 1039 3005 Ιι.
1061 2962 1100 3006 t.
1123 2982 1183 2993 -
1205 2959 1260 3005 L.
1285 2956 1338 3004 7.
1358 2962 1385 3016 s
1405 2960 1484 3008 11.
1509 2961 1589 3008 12.
1656 2973 1770 3008 men
1791 2995 1808 3018 ‚
1843 2963 1976 3019 quod
2019 2968 2160 3008 antea
2206 2967 2470 3020 negaverat
2494 2996 2508 3015 .,
2530 2963 2658 3009 idem
2696 2961 2795 3009 alio
2833 2965 2884 3009 in
2921 2960 3032 3008 loco

222 3025 304 3071 15.
330 3025 386 3070 D.
406 3023 523 3070 eod.
548 3049 606 3058 —
635 3025 688 3071 L.
711 3024 759 3071 2.
785 3028 834 3069 et
855 3020 904 3069 5.
929 3023 982 3067 C.
1006 3020 1187 3067 eod.—-
1212 3022 1266 3067 L.
1292 3020 1370 3066 17.
1394 3024 1449 3067 D.
1471 3022 1525 3068 Ιι.
1550 3026 1588 3068 t.
1658 3023 1904 3070 affirmare
1927 3035 2022 3069 non
2045 3024 2308 3071 dubitavit.
2328 3026 2437 3071 vid.
2461 3026 2546 3079 ΕΙ.
2572 3026 2663 3078 Qu.
2683 3024 2783 3079 iur.
2808 3027 3028 3070 controv.

219 3110 286 3121 ·-
306 3086 385 3132 Cf.
406 3086 459 3131 L.
477 3084 557 3133 47.
581 3089 608 3143 s
625 3087 672 3132 1.
695 3086 748 3131 D.
774 3083 843 3131 de
860 3083 1020 3131 solut.
1043 3083 1233 3140 (XLVI,
1256 3083 1335 3139 ὅ.)
1358 3106 1415 3115 -
1440 3085 1593 3139 Quem
1657 3097 1719 3131 an
1745 3084 2143 3131 Macedonianum
2192 3086 2367 3132 sctum
2407 3087 2559 3145 prosit
2597 3084 2908 3132 filiofamilias
2943 3095 3030 3140 pe-

218 3150 273 3197 ln
296 3150 465 3195 locum
502 3149 598 3196 vid.
637 3159 763 3206 quae
783 3144 1071 3204 conscripsit
1098 3145 1261 3191 Glsiclz
1283 3144 1438 3191 Pand.
1470 3147 1590 3193 ΧΠ.
1655 3148 1844 3193 eutium
1871 3147 2137 3205 irregulare
2177 3146 2397 3194 babenti.
2458 3148 2587 3219 Lips.
2626 3144 2768 3194 1775.
2814 3169 2876 3180 ——
2913 3148 3037 3191 Cae-

220 3212 250 3267 5
266 3207 384 3318 952⁴.
409 3221 457 3327 ζ).
479 3207 578 3257 539
598 3221 706 3268 sqq.
731 3233 791 3242 -
813 3208 888 3254 cf.
914 3208 967 3254 L.
996 3203 1076 3253 16.
1102 3208 1155 3253 D.
1177 3205 1229 3251 h.
1252 3208 1291 3253 t.
1312 3206 1440 3265 (Viti.
1463 3208 1489 3263 S
1510 3205 1591 3254 99.
1659 3214 1817 3254 terum
1856 3219 1945 3253 nos
1986 3221 2082 3254 non
2106 3208 2386 3256 dubitamus
2411 3242 2428 3266 ‚
2447 3221 2565 3266 qum
2589 3210 2819 3266 replicam
2859 3218 3034 3254 nocere

293 3326 373 3393 17)
408 3338 459 3381 L.
482 3336 575 3379 ult.
599 3345 675 3391 pr.
698 3333 751 3378 C.
776 3331 827 3377 lt.
850 3333 889 3377 t.
914 3330 959 3386 (s
979 3325 1090 3373 10⁰.
1115 3332 1219 3375 not.
1242 3326 1334 3388 3.).

288 3389 372 3454 ts)
404 3399 459 3444 L.
476 3392 527 3442 7.
550 3398 576 3451 s
599 3392 679 3441 15.
695 3396 748 3439 D.
772 3393 825 3439 h.
848 3390 1027 3439 t.-Ct.
1054 3395 1160 3436 not.
1183 3388 1265 3439 21.

290 3450 374 3516 19)
409 3460 461 3505 L.
483 3455 533 3503 3.
562 3468 634 3514 pr.
658 3461 706 3502 et
727 3456 755 3510 S
778 3455 826 3503 1.
848 3457 903 3501 D.
929 3454 981 3501 Ιι.
1012 3455 1052 3498 t.
1087 3450 1362 3508 (ordocius
1393 3453 1457 3500 ad
1494 3454 1597 3501 Lib.

225 3521 337 3565 xil.
362 3526 400 3577 ).
426 3520 532 3576 big.
549 3520 675 3565 Salv.
701 3518 883 3563 iuliani
914 3516 1066 3574 (opp.
1100 3514 1259 3572 posth.
1290 3515 1409 3561 edit.
1432 3516 1604 3563 Fabro-

224 3582 401 3628 uanae
431 3582 490 3628 T.
513 3581 596 3628 111.
619 3581 671 3626 P.
692 3581 729 3625 1.
752 3591 801 3636 p.
821 3577 905 3626 78.
924 3578 959 3634 ).
986 3599 1047 3609 —-
1064 3576 1140 3622 Cf.
1171 3588 1222 3622 v.
1248 3575 1610 3637 Weninq—In·

219 3643 475 3704 yenker’m
516 3642 696 3689 Lehrb.
717 3641 767 3686 d.
808 3652 939 3698 gem.
960 3638 1062 3685 Civ.
1092 3639 1146 3684 R.
1168 3640 1227 3684 u.
1251 3640 1279 3695 ς
1298 3638 1411 3685 172.
1431 3644 1532 3684 not.
1559 3651 1610 3687 x.

226 3706 352 3751 —L.
379 3703 456 3752 19.
476 3704 534 3751 D.
559 3705 738 3751 eod.-
765 3703 817 3748 Ι..
841 3702 887 3748 1.
912 3702 966 3748 C.
987 3700 1108 3746 eod.
1136 3714 1163 3741 ιι
1176 3700 1225 3745 Si
1245 3700 1611 3759 filiusfamilias,

223 3778 348 3813 cum
364 3768 415 3813 in
428 3771 665 3826 potestate
686 3765 837 3822 patris
849 3765 994 3817 esset,
1006 3766 1229 3808 mutuam
1247 3773 1277 3807 a
1292 3768 1339 3808 te
1351 3765 1611 3821 pecuniam

226 3832 425 3887 accepit
449 3863 467 3885 ‚
503 3840 617 3875 cum
652 3839 705 3873 se
749 3825 1154 3883 patremfamilias
1177 3825 1387 3884 diceret,
1408 3826 1611 3884 cinisque

226 3888 567 3937 affirmatione
589 3888 850 3935 credidisse
883 3891 938 3933 ee
954 3888 1112 3940 justa
1135 3886 1352 3933 ratione
1384 3886 1612 3934 edocere

218 3956 391 4009 poles
408 3967 430 3997 .-
455 3952 677 4008 exceptio
695 3951 739 3997 ei
762 3950 1104 4007 denegabitur.
1124 3962 1151 3990 ιι
1198 3949 1351 4004 igitur
1369 3949 1457 3994 mii
1481 3961 1617 3997 men·

225 4016 454 4073 dacium,
476 4026 529 4059 se
550 4025 655 4059 esse
678 4009 1079 4071 patremfamilias
1102 4010 1379 4067 profitentis
1398 4044 1414 4068 ,
1436 4023 1498 4056 ne
1521 4013 1608 4069 ipsi

222 4077 437 4134 quidem
460 4081 567 4121 tum
590 4081 733 4120 nocet
755 4107 770 4124 .
796 4074 837 4118 si
860 4074 998 4118 nullo
1024 4073 1222 4128 negotio
1245 4072 1449 4129 perspici
1472 4079 1612 4130 potu-

224 4141 329 4185 erit
355 4172 372 4193 ,
413 4140 649 4196 quoniam
689 4138 924 4192 deceptus
968 4133 1065 4179 dici
1091 4144 1189 4179 non
1213 4139 1373 4190 potest
1393 4136 1610 4182 creditor

218 4201 271 4254 (s
293 4197 382 4247 9⁴.
406 4205 513 4246 not.
542 4196 658 4254 15.).
677 4198 857 4244 Contra
885 4208 999 4242 vero
1017 4194 1211 4249 sijusta
1234 4195 1611 4243 rationeductus

221 4262 384 4310 fldem
420 4262 467 4307 ei
511 4261 743 4307 tribuerit
767 4292 783 4316 ‚
821 4269 938 4305 oum
976 4256 1082 4313 ,lam
1114 4257 1249 4303 nulla
1273 4256 1338 4302 sit
1355 4257 1612 4305 creditoris

221 4327 401 4386 eulpa,
422 4334 552 4382 quae
581 4322 811 4381 puniatur
829 4320 846 4377 <
865 4326 969 4369 not.
992 4316 1083 4375 8.)
1107 4351 1124 4378 ,
1159 4318 1309 4366 etiam
1332 4323 1503 4367 contra
1526 4332 1613 4380 pa-

1658 3269 1978 3327 nni-memus,
1999 3272 2267 3317 dummodo
2311 3271 2517 3316 liberam
2553 3270 2830 3328 irregularis
2863 3270 3038 3328 peculii

1662 3334 2133 3452 εήωίἲίἒιιὶειιῆρυεω
2169 3332 2347 3379 babeat
2387 3331 2727 3380 filiusfamilias
2766 3332 2849 3393 (cf.
2876 3328 3034 3389 3572.

1664 3399 1764 3439 not.
1826 3429 1836 3441 .
1892 3429 1905 3443 .
1932 3428 1944 3440 .

1728 3454 2347 3513 22)L.ult.si.c.k.t.
2721 3498 2724 3503 .

1734 3518 1814 3575 23)
1851 3522 1903 3566 L.
1938 3521 1986 3565 2.
2010 3521 2062 3567 C.
2088 3519 2140 3565 Ιι.
2165 3521 2203 3564 t.
2224 3544 2283 3552 -
2308 3520 2359 3564 L.
2384 3515 2433 3564 7.
2456 3518 2483 3573 S
2504 3515 2581 3564 16.
2617 3519 2669 3564 D.
2694 3518 2746 3565 Ιι.
2774 3523 2812 3565 e.
2836 3542 2884 3551 —
2913 3518 2963 3562 L.
2987 3515 3037 3562 9.

1673 3589 1749 3636 pr.
1793 3582 1911 3629 eod.
1938 3607 1995 3615 —
2020 3582 2093 3628 Cf.
2134 3581 2228 3627 Pr.
2275 3578 2519 3626 Connani
2555 3584 2820 3626 comment.
2858 3580 2902 3635 j.
2947 3577 3038 3624 civ.

1673 3643 1727 3687 L.
1769 3644 1873 3691 vu.
1911 3658 1955 3691 c.
1991 3645 2039 3690 2.
2081 3655 2157 3689 nr.
2181 3642 2231 3689 8.
2253 3665 2314 3674 —
2339 3643 2408 3688 Η.
2429 3642 2636 3689 Donelli
2657 3655 2704 3690 c.
2723 3645 2757 3689 l.
2780 3655 2825 3688 c.
2851 3644 2903 3688 L.
2935 3641 3039 3687 xll.

1674 3715 1719 3749 c.
1740 3701 1821 3750 28.
1842 3708 1966 3752 -Ρ,
1995 3708 2053 3752 F.
2076 3707 2303 3760 Joppert
2323 3705 2376 3749 D.
2401 3705 2461 3749 de
2483 3710 2655 3752 mutuo
2674 3718 2698 3749 a
2725 3703 3043 3756 filiofamilias

1675 3766 1747 3809 sui
1767 3767 1894 3822 juris
1917 3768 2047 3813 Facto
2069 3768 2215 3813 tacite
2237 3766 2423 3823 agnito.
2445 3767 2596 3812 Giess.
2620 3765 2762 3813 ¹775.
2788 3766 2804 3821 (
2829 3777 2928 3810 rec.
2946 3766 2964 3821 )
2983 3788 3044 3797 --

1673 3828 1751 3883 (P.
1776 3831 1855 3888 J.)
1876 3830 2084 3878 Heisler
2106 3831 2262 3874 Erort.
2289 3830 2377 3874 der
2402 3829 2479 3874 Fr.
2499 3860 2515 3881 ,
2537 3829 2602 3875 ob
2624 3830 2734 3874 eine
2751 3831 2931 3874 Person
2949 3859 2965 3882 ,
2987 3838 3042 3872 so

1678 3893 1823 3936 unter
1845 3894 2018 3938 vaterl.
2044 3891 2234 3937 Gcwalt
2254 3890 2373 3935 Geld
2394 3888 2639 3948 erborget‚
2662 3890 2784 3936 nach
2804 3890 2853 3934 d.
2882 3890 3042 3934 Enite-

1680 3952 1870 4010 disung
1908 3967 2000 4000 von
2042 3952 2233 4000 soleber
2271 3952 2459 3998 Gewalt
2509 3952 2631 3998 aber
2680 3958 2831 3997 etwas
2881 3951 3042 3997 daron

1675 4012 1898 4061 bezablet
1916 4051 1932 4073 ‚
1952 4016 2077 4062 auch
2098 4016 2191 4060 den
2216 4012 2491 4061 Rttckstand
2515 4026 2575 4059 zu
2609 4015 2847 4061 bezablen
2878 4012 3043 4058 schul-

1672 4074 1757 4132 dig
1796 4080 1909 4135 sey?
1951 4077 1968 4132 (
1996 4078 2044 4123 in
2076 4074 2340 4122 wocbentl.
2387 4073 2511 4120 Hatl.
2561 4078 2804 4133 Anzeigen
2828 4086 2875 4119 v.
2900 4071 3042 4120 1777.

1674 4135 1755 4183 Nr.
1781 4135 1841 4183 10
1864 4136 2011 4185 -13.
2030 4141 2065 4195 ).
2086 4162 2145 4171 —-
2170 4136 2464 4184 Schoeman
2506 4136 2694 4183 Handb.
2720 4140 2770 4185 d.
2792 4136 2959 4183 Civilr.
2985 4137 3043 4181 ll.

1674 4209 1724 4255 p.
1748 4198 2018 4247 206-215.
2040 4224 2100 4233 —
2124 4199 2290 4246 ‹3112ch
2310 4199 2463 4244 raud.
2488 4199 2607 4244 xlv.
2633 4201 2660 4255 s
2676 4196 2791 4246 901.

1677 4321 1704 4374 S
1730 4260 1820 4371 1254)
1854 4264 1929 4309 cf.
1951 4262 2115 4371 Ggicg
2136 4263 2170 4307 t.
2194 4262 2228 4309 l.
2249 4257 2576 4315 §moe—vicl.
2597 4272 2742 4321 supra
2766 4265 2869 4307 not.
2888 4258 2966 4307 11.
2991 4264 3040 4304 et

1799 4325 1840 4373 1.
1862 4330 1965 4371 not.
2029 4349 2074 4357 -
2120 4357 2132 4371 .

2683 4990 2760 5047 07
