3544 5506
527 329 642 388 ³68
1265 342 1416 385 rans
1454 341 1615 384 snm.
1655 340 1776 382 un.
1818 340 1913 383 ιιι.
1955 340 2033 382 nn
2068 338 2595 383 onnontomsus.

756 502 948 580 §585.
980 503 1044 576 C)
1083 501 1166 558 De
1182 496 1659 568 condictionibus,
1686 516 1832 578 quas
1856 516 1933 557 ea:
1958 458 2121 578 turpi
2144 496 2233 558 vel
2253 498 2478 577 injusta
2496 517 2670 559 eausa
2689 509 3012 561 nascuntur
3034 501 3139 580 (⁸).

607 697 1044 758 condicuntur
1071 702 1135 754 et
1165 709 1332 768 quae
1369 688 1703 752 inhoneste
1733 699 1799 753 et
1825 706 1972 752 cum
2001 685 2238 769 injuria
2272 694 2546 753 aliorum
2573 696 2862 769 quaesita
2886 703 3035 756 sunt
3051 694 3117 770 ¹).
3163 700 3323 774 Quo-

522 791 697 855 niam
727 801 943 854 autem
968 792 1092 853 hoc
1123 794 1188 850 in
1213 809 1450 866 genere
1481 791 1958 851 condictionum
1995 792 2155 848 tales
2185 790 2380 848 etiam
2405 798 2553 848 sunt
2575 832 2591 859 ‚
2634 807 2815 865 quae
2836 800 3104 867 propter
3129 796 3322 866 singu·

523 892 724 952 larem
765 884 1165 963 argumenti,
1211 889 1275 946 in
1316 906 1448 962 quo
1482 893 1858 961 versantur,
1902 892 2234 961 naturam,
2269 887 2442 944 hunc
2479 887 2541 944 in
2573 888 2786 946 iocum
2820 889 3078 946 minime
3106 905 3326 949 conve-

521 985 743 1059 niunt,
783 988 957 1046 velut
995 981 1230 1043 furtiva
1273 983 1597 1045 condictio
1625 981 1673 1058 2)
1702 979 2020 1060 huiusque
2050 981 2281 1041 similes
2316 984 2601 1043 actiones
2624 1028 2641 1059 ,
2679 985 2817 1058 iam
2857 986 3025 1043 duae
3055 981 3199 1045 iliae
3235 987 3328 1046 hie

520 1086 702 1145 nobis
729 1084 1108 1142 tractandae
1133 1087 1473 1156 supersunt
1501 1081 1785 1139 actiones
1804 1123 1820 1149 ‚
1855 1082 2056 1138 altera
2081 1125 2096 1152 ‚
2135 1094 2303 1152 quae
2332 1082 2417 1139 ob
2448 1087 2737 1156 turpem,
2768 1083 3006 1157 altera,
3038 1098 3209 1156 quae
3247 1083 3323 1142 ob

518 1183 821 1258 injustam
849 1194 1107 1239 causam
1137 1180 1352 1237 datur.
1385 1179 1458 1236 Et
1484 1176 1529 1252 1)
1579 1176 1759 1250 prior
1791 1176 2048 1249 quidem
2078 1177 2268 1235 datur
2295 1185 2565 1251 propter
2594 1178 2961 1252 accipientis
2987 1176 3327 1252 turpitudi-

517 1293 668 1340 nem
696 1279 998 1336 adversus
1022 1273 1229 1349 ipsum
1269 1275 1619 1332 heredesve
1647 1273 1785 1347 ejus
1806 1314 1822 1342 ‚
1853 1272 1933 1329 ad
1958 1288 2034 1331 ea
2066 1276 2434 1333 revocanda
2456 1314 2472 1342 ‚
2516 1290 2684 1349 quae
2728 1290 2804 1332 ex
2832 1288 3026 1333 eausa
3050 1290 3200 1333 eum
3223 1277 3327 1334 de-

523 1381 912 1440 honestante
939 1392 1145 1450 eaque
1184 1374 1402 1432 futura
1431 1376 1577 1431 data
1617 1381 1765 1431 sunt
1787 1369 1864 1447 ³),
1896 1373 2029 1449 sive
2056 1380 2402 1447 propterea
2421 1416 2438 1449 ‚
2483 1382 2557 1432 ut
2596 1390 2795 1448 prava
2825 1374 3077 1433 omittat
3104 1370 3185 1448 ⁴),
3208 1376 3327 1434 sive

517 1488 591 1539 ut
634 1475 931 1551 impleat,
966 1491 1133 1550 quae
1173 1476 1344 1534 ultro
1373 1474 1430 1533 ei
1460 1474 1749 1533 facienda
1775 1482 1924 1532 sunt
1951 1473 2026 1548 5),
2058 1470 2190 1532 sive
2220 1476 2412 1533 etiam
2440 1519 2455 1546 ‚
2488 1484 2562 1534 ut
2596 1476 2805 1534 officia
2833 1475 3146 1548 negligat,
3179 1490 3327 1535 eave

523 1576 884 1636 committat
903 1561 929 1642 ,’
969 1587 1135 1645 quae
1183 1573 1324 1643 lege
1372 1564 1829 1646 prohibentur,
1881 1572 2231 1630 dummodo
2273 1573 2467 1629 solius
2514 1572 2914 1645 accipientis,
2962 1589 3094 1630 non
3142 1573 3325 1630 etiam

519 1675 659 1750 ejus
680 1717 697 1744 ,
732 1674 842 1746 qui
868 1673 1044 1731 dedit
1066 1713 1082 1740 ‚
1122 1678 1432 1745 appareat
1473 1670 1726 1727 humilis
1761 1685 1945 1728 mens
1972 1677 2168 1744 atque
2197 1671 2490 1744 improba
2511 1668 2582 1747 ὅ).
2621 1672 2953 1737 Restitutio
2984 1679 3206 1730 autem
3246 1672 3327 1731 ita

518 1775 656 1833 fieri
699 1776 924 1844 debet,
975 1779 1051 1831 ut
1085 1789 1160 1831 ex
1191 1772 1600 1845 superiorum
1650 1771 2136 1832 condictionum
2168 1788 2361 1831 causa
2394 1766 2483 1847 ⁷);
2527 1789 2650 1832 nec
2694 1773 2962 1831 vicissim
2990 1773 3326 1845 quicquam

516 1882 845 1949 praestare
869 1887 1128 1932 necesse
1145 1872 1336 1931 habet
1362 1879 1543 1931 actor
1563 1916 1579 1942 ,
1615 1871 1729 1929 nisi
1756 1888 1925 1945 quae
1945 1867 2143 1930 cuivis
2163 1875 2372 1933 maiae
2405 1874 2548 1931 fidei
2572 1873 2914 1946 possessori
2940 1875 3328 1945 praestanda

516 1979 684 2031 sunt.
719 1964 949 2049 Quodsi
982 1969 1115 2043 ipse
1139 2013 1156 2045 ,
1184 1968 1293 2043 qui
1322 1969 1527 2033 dedit,
1559 1967 1623 2025 in
1650 1968 2063 2041 turpitudinis
2090 1984 2283 2026 causa
2308 1974 2636 2040 versatur,
2672 1975 2877 2028 cessat
2918 1963 3218 2041 repetitio
3239 1964 3283 2043 ⁸)
3308 2009 3324 2037 ‚

516 2072 639 2132 hoo
671 2078 889 2145 pacto,
918 2077 990 2128 ut
1019 2073 1398 2143 plerumque
1429 2064 1643 2142 potior
1682 2068 1761 2127 sit
1793 2085 1988 2128 causa
2016 2065 2385 2143 accipientis
2413 2065 2461 2142 ⁸)
2485 2112 2501 2143 ‚
2545 2084 3036 2142 nonnumquam
3074 2075 3322 2136 autem,

518 2171 693 2242 quod
725 2169 1001 2242 turpiter
1038 2173 1373 2239 acceptum
1411 2171 1538 2233 est,
1585 2172 1697 2224 aut
1730 2163 1918 2224 fiscus
1947 2160 2063 2224 sibi
2095 2166 2420 2224 vindicare
2465 2161 2661 2238 possit
2687 2164 2781 2240 ¹⁰),
2811 2172 2920 2224 aut
2947 2171 3287 2223 extraneus
3308 2207 3324 2232 ‚

515 2260 621 2323 cui
652 2266 912 2338 quidem
937 2258 1168 2337 injuria
1208 2258 1355 2320 inde
1383 2268 1608 2334 parata
1632 2268 1730 2319 est
1757 2261 1846 2329 ιι).
1880 2265 2095 2334 Neque
2123 2277 2278 2320 vero
2306 2258 2584 2335 turpiter
2618 2263 2863 2321 dedisse
2888 2261 3091 2319 videri
3123 2267 3328 2335 potest

519 2361 889 2434 quicunque
918 2354 980 2416 in
1011 2374 1081 2415 re
1113 2356 1327 2415 illicita
1356 2362 1653 2414 versatur
1672 2398 1688 2425 ,
1720 2364 1834 2415 aut
1865 2363 2212 2431 propterea
2241 2358 2414 2416 dedit
2435 2403 2452 2432 ,
2489 2364 2562 2415 ut
2592 2358 2781 2426 flant,
2816 2373 2983 2430 quae
3010 2358 3153 2429 lege
3185 2372 3328 2430 pro·

519 2456 718 2515 hibita
742 2462 922 2528 sunt,
958 2454 1075 2512 nisi
1100 2454 1236 2527 ipsa
1262 2452 1438 2510 datio
1461 2454 1810 2511 voluntatis
1846 2468 1997 2511 vere
2021 2454 2226 2527 turpis
2265 2461 2461 2527 atque
2492 2453 2684 2510 animi
2715 2453 2948 2527 abjecti
2977 2454 3215 2512 indicio
3239 2459 3330 2511 est

516 2558 691 2632 ejus,
739 2554 848 2630 qui
872 2550 1050 2613 dedit
1075 2552 1182 2629 ¹²);
1225 2560 1291 2611 at
1314 2559 1543 2611 contra
1576 2569 1660 2611 ne
1687 2569 1765 2612 ea
1796 2549 2058 2626 quidem
2102 2550 2350 2612 condici
2391 2560 2728 2628 poterunt,
2771 2569 2939 2626 quae
2978 2553 3171 2612 officii
3214 2553 3330 2611 rite

516 2646 821 2728 implendi
846 2665 1042 2708 causa
1065 2649 1402 2708 inhoneste
1426 2655 1692 2724 accepta
1724 2657 1908 2721 sunt,
1957 2648 2004 2706 si
2033 2665 2071 2707 a
2098 2666 2296 2723 prava
2325 2650 2462 2725 ejus
2486 2693 2503 2722 ‚
2540 2650 2648 2723 qui
2677 2650 2884 2725 dedit,
2926 2656 3141 2707 mente
3176 2664 3330 2723 pro·

511 2737 683 2808 'fecta
714 2755 810 2807 est
838 2746 1012 2804 datio
1044 2741 1137 2821 ¹³).
1182 2748 1516 2807 Caeterum
1544 2761 1775 2805 eorum
1794 2788 1810 2816 ,
1841 2745 1949 2819 qui
1977 2746 2185 2805 aliena
2212 2747 2468 2819 negotia
2506 2755 2774 2820 gerunt,
2804 2746 3136 2820 turpitudo
3173 2746 3335 2806 nihil

519 2855 715 2908 nocet
742 2847 1014 2906 dominis
1039 2842 1127 2921 ¹⁴).
1154 2846 1228 2920 11)
1255 2847 1581 2906 condictio
1610 2854 1828 2906 autem
1853 2863 1927 2906 ex
1957 2846 2190 2924 injusta
2212 2863 2408 2907 eausa
2435 2863 2660 2907 eorum
2688 2849 2947 2905 nomine
2980 2841 3191 2905 locum
3216 2847 3333 2905 ha·

514 2949 661 3017 bet,
692 2963 857 3021 quae
880 2962 1028 3005 cum
1071 2947 1417 3007 amittentis
1453 2942 1770 3024 injuriam)
1812 2961 1890 3005 ex
1934 2948 2282 3019 praeterita
2313 2963 2505 3006 causa
2543 2947 2772 3020 aliquis
2797 2944 3045 3019 accepit
3066 2987 3084 3014 ‚
3119 2946 3333 3005 aliove

515 3050 710 3111 modo
731 3044 846 3108 sibi
870 3049 1179 3122 quaesivit
1198 3041 1296 3116 ¹⁶).

1160 3237 1187 3292 S
1213 3231 1326 3284 583.
1954 3235 2088 3295 facit,
2110 3238 2192 3296 qui
2211 3237 2412 3296 accipit,
2448 3238 2577 3297 quod
2601 3242 2773 3296 sponte
2814 3237 2959 3283 datur
2984 3271 2998 3292 ‚
3026 3239 3079 3280 ut
3118 3235 3168 3281 in
3191 3245 3337 3282 eausa

1956 3302 2012 3347 L.
2033 3300 2082 3349 4.
2104 3304 2130 3357 S
2149 3298 2197 3347 ὅ.
2221 3304 2275 3348 D.
2297 3301 2351 3347 lt.
2373 3302 2413 3349 ἱ.
2441 3322 2497 3331 -
2519 3302 2629 3348 vid.
2654 3297 2816 3347 Glitck
2847 3298 3000 3347 Pand.
3030 3299 3152 3344 xm.
3178 3311 3230 3355 p.
3252 3296 3333 3344 53.

578 3356 639 3415 (⁸)
673 3358 780 3417 Dig.
806 3361 928 3419 (ΧΠ,
950 3358 1020 3419 5.)
1041 3360 1109 3410 de
1123 3360 1429 3410 conditione
1450 3360 1515 3407 ob
1533 3364 1678 3418 turp.
1702 3362 1793 3409 vet
1812 3356 1895 3409 in-
1957 3376 2032 3422 sq.
2054 3369 2159 3409 not.
2183 3362 2262 3411 15.

504 3420 709 3476 justam
729 3427 1153 3472 causam—cod.
1181 3426 1279 3482 (iv,
1300 3421 1373 3481 7.)
1396 3423 1465 3470 de
1481 3423 1638 3471 cond.
1661 3424 1725 3470 ob
1749 3428 1893 3481 tur-p.
2019 3424 2069 3482 9)
2103 3427 2155 3472 Ι..
2179 3423 2227 3474 5.
2249 3428 2276 3482 s
2298 3426 2344 3471 1.
2370 3427 2422 3473 D.
2449 3425 2515 3473 de
2532 3423 2905 3473 calumniator.
2930 3424 3033 3481 (ΙΙΙ,
3054 3421 3126 3479 6.)
3142 3423 3262 3467 -Ι..
3281 3420 3335 3467 8.

512 3486 830 3544 caua-(lv,
851 3483 924 3543 9.)
946 3487 1014 3534 de
1031 3489 1192 3536 eona.
1214 3494 1284 3536 ea:
1304 3486 1429 3544 (iege
1451 3492 1503 3532 et
1520 3486 1623 3533 sine
1640 3498 1786 3533 causa
1798 3488 1891 3545 vei)
1954 3487 2005 3535 in
2029 3490 2068 3535 f.
2091 3490 2144 3534 D.
2166 3489 2220 3535 Ιι.
2242 3490 2402 3535 t.—L.
2424 3490 2473 3536 Β.
2493 3489 2546 3534 C.
2571 3488 2625 3534 Ιι.
2649 3492 2687 3533 t.
2712 3488 2810 3542 (iv.
2833 3483 3338 3545 7.)—muent.}⁷ooe

513 3543 719 3601 injusta
749 3558 940 3595 causa.
1955 3552 2017 3597 ad
2041 3550 2092 3597 h.
2115 3556 2153 3596 t.
2177 3554 2203 3606 s
2224 3553 2272 3598 3.
2296 3575 2352 3583 —-
2373 3550 2565 3607 Stryck
2589 3562 2666 3597 us.
2688 3551 2817 3597 mod.
2853 3549 3007 3596 Paud.
3030 3548 3085 3594 h.
3110 3551 3148 3593 t.
3169 3551 3196 3603 s
3215 3549 3266 3593 3.
3286 3552 3339 3592 et

523 3661 528 3664 ,
582 3608 624 3663 1)
657 3610 709 3655 Ι..
746 3610 794 3655 1.
828 3610 854 3664 s
887 3611 936 3658 2.
961 3607 1081 3658 L.6.
1106 3613 1159 3659 D.
1184 3611 1240 3660 la.
1267 3616 1377 3658 t.—
1401 3613 1453 3658 t..
1472 3612 1524 3659 3.
1546 3615 1602 3661 C.
1630 3613 1698 3661 de
1729 3610 1890 3659 cond.
1958 3614 2118 3660 Gluclt
2134 3614 2284 3661 Pand.
2306 3615 2427 3659 Xlii.
2446 3627 2495 3673 p.
2520 3611 2601 3660 60.
2626 3613 2838 3660 maxime
2873 3617 3075 3671 propter
3107 3611 3245 3657 loco·
3286 3609 3338 3656 in

512 3667 579 3715 ob
610 3669 754 3727 tur-p.
788 3684 938 3720 caus.
973 3697 1034 3707 -
1068 3675 1172 3733 Dig.
1208 3676 1351 3734 (ΧΙΙΙ,
1386 3672 1464 3733 1.)
1496 3677 1565 3723 de
1596 3675 1753 3725 cond.
1774 3670 1895 3728 fur·
1957 3681 2062 3722 not.
2087 3688 2189 3734 seq.
2213 3678 2465 3724 excitatos.

512 3731 643 3780 tiva.
2017 3738 2094 3796 10)
2126 3740 2182 3785 L.
2206 3737 2257 3786 5.
2277 3750 2351 3797 pr.
2376 3740 2434 3786 D.
2457 3738 2524 3784 de
2543 3736 2920 3785 calumniator.
2945 3733 3185 3792 (111,6.)—
3203 3734 3262 3780 1..
3283 3730 3339 3780 9.

576 3794 626 3852 2)
659 3795 771 3843 Vid.
803 3798 857 3843 L.
885 3799 977 3845 uit.
1014 3798 1064 3845 in
1084 3797 1122 3846 Ι.
1141 3800 1197 3846 D.
1232 3798 1409 3853 usust.
1446 3800 1746 3858 quemadm.
1768 3807 1890 3848 eav.
1954 3800 2006 3847 in
2020 3801 2056 3847 f.
2076 3803 2131 3846 D.
2155 3801 2359 3857 dejure
2378 3801 2512 3858 fisci.
2539 3798 2780 3857 (Xle,1⁴
2799 3800 2830 3857 .)
2855 3799 2997 3845 Auth.
3025 3800 3173 3844 Novo
3199 3800 3343 3852 jure

513 3856 636 3916 (Vll.
658 3854 729 3915 9·)
1957 3865 2010 3910 C.
2034 3862 2102 3909 de
2117 3863 2449 3924 poenajud„
2473 3861 2567 3922 qui
2585 3860 2897 3917 malejudic.
2926 3862 3049 3920 (vlt,
3071 3857 3175 3916 ⁴9.)

575 3920 626 3978 5)
660 3922 711 3967 ι..
734 3918 783 3967 ⁴.
806 3917 828 3970 s
850 3922 897 3967 2.
919 3922 1048 3971 Ι).1ι.
1077 3926 1113 3969 t.
1140 3947 1195 3957 -
1217 3925 1268 3971 1..
1294 3922 1342 3971 ⁴.
1365 3925 1417 3971 c.
1440 3925 1558 3973 eod.
1599 3927 1698 3982 (lv,
1718 3923 1792 3982 7.)
1827 3924 1895 3970 Ex
2020 3926 2096 3982 11)
2131 3928 2186 3973 1..
2205 3925 2256 3974 ὅ.
2279 3927 2305 3981 s
2334 3927 2385 3973 3.
2409 3929 2462 3972 n.
2487 3927 2555 3972 de
2574 3927 2811 3973 cucuma.
2836 3948 2893 3957 —
2915 3927 3028 3981 Arg.
3065 3921 3119 3968 1..
3150 3919 3201 3968 4.
3224 3924 3255 3978 s
3283 3918 3341 3969 Δ.

513 3985 615 4031 sola
649 3984 965 4042 promissione
986 3988 1208 4043 quamvis
1235 3999 1333 4034 non
1357 3989 1514 4047 aetio,
1550 3990 1633 4035 sed
1663 3988 1888 4045 exceptio
1947 3988 2089 4036 verb.
2113 3988 2309 4050 Quodsi
2332 3991 2422 4036 rei.
2444 3990 2492 4034 1..
2519 3984 2568 4034 5.
2594 3989 2647 4034 D.
2670 3988 2720 4033 ὴ.
2746 3990 2783 4033 t.

513 4043 893 4101 nascatur(l..8.
913 4050 970 4094 D.
994 4048 1047 4094 Ιι.
1072 4051 1231 4097 t.—1..
1251 4049 1300 4097 1.
1325 4051 1378 4097 L.
1404 4049 1453 4098 5.
1479 4052 1532 4098 C.
1552 4051 1670 4099 eod.
1697 4052 1780 4108 lv,
1797 4048 1888 4106 7.),
2013 4049 2092 4110 ΙΞ)
2131 4053 2183 4097 L.
2208 4051 2256 4098 3.
2279 4052 2331 4097 C.
2355 4049 2405 4097 Ιι.
2425 4051 2464 4097 t.
2486 4050 2692 4107 (Caeter.
2723 4051 2818 4095 vid.
2843 4048 3010 4096 ‹310⁸oe
3033 4045 3097 4093 ad
3118 4046 3173 4094 Ιι.
3204 4047 3344 4105 1.)—

513 4111 678 4155 tamen
710 4120 809 4155 non
831 4114 925 4169 est,
947 4113 1079 4169 quod
1113 4112 1410 4172 dubitemus,
1434 4114 1552 4173 quin
1588 4114 1751 4160 cautio
1778 4123 1889 4157 eam
1954 4115 2006 4161 t..
2032 4112 2083 4161 5.
2105 4116 2161 4160 D.
2179 4113 2246 4161 de
2267 4113 2495 4161 condiet.
2515 4111 2632 4159 sine
2653 4123 2842 4158 causa.
2868 4107 3185 4170 (xi}‚7.)-—1..
3206 4108 3258 4155 3.
3282 4113 3344 4159 C.

511 4169 562 4216 in
587 4183 690 4217 rem
713 4172 826 4218 data
849 4173 999 4222 etiam
1011 4174 1202 4221 condiet
1224 4176 1393 4233 pouit.
1419 4178 1529 4224 vid.
1551 4171 1827 4225 Voetadh.
1844 4179 1881 4220 t.
1946 4176 2016 4224 de
2036 4175 2319 4224 aleatorio.
2349 4178 2453 4237 (ni,
2477 4171 2578 4232 ⁴3.)
2600 4199 2656 4208 —
2681 4176 2732 4222 t..
2768 4172 2818 4220 5.
2839 4175 2893 4221 C.
2919 4171 2986 4219 de
3006 4170 3245 4220 condiet.
3271 4173 3345 4221 ob

513 4233 622 4290 Dig-
646 4235 672 4289 S
694 4230 739 4280 ¹·
1947 4249 2098 4287 caus.
2120 4238 2295 4288 dator.
2318 4241 2420 4298 (lv,
2439 4237 2507 4296 6.)
2530 4251 2591 4270 -·—·
2607 4237 2680 4285 Cf.
2715 4242 2767 4282 et
2789 4236 3016 4294 exempla
3049 4245 3079 4280 a
3116 4232 3345 4283 starckio

577 4293 623 4354 4)
661 4299 708 4343 Ι..
731 4295 779 4341 2.
803 4308 877 4354 pr.
906 4299 959 4346 t..
978 4295 1027 4347 4.
1050 4301 1078 4355 S
1101 4298 1149 4345 2.
1175 4297 1300 4345 ndi.
1327 4301 1362 4346 t.
1949 4304 2100 4348 allata
2124 4303 2275 4347 Pand.
2301 4303 2423 4348 xm.
2450 4314 2504 4359 p.
2522 4298 2606 4347 59.
2632 4311 2710 4346 nr.
2735 4300 2789 4344 d.
2811 4321 2866 4331 —-
2891 4300 2950 4344 At
2967 4298 3178 4344 dissent.
3226 4300 3344 4356 ipse

571 4356 620 4414 5)
652 4361 706 4406 L.
730 4358 779 4404 2.
812 4361 840 4415 S
862 4359 906 4408 1.
927 4361 982 4410 Ι..
1005 4361 1054 4409 ⁴.
1077 4365 1104 4419 S
1124 4359 1174 4411 ⁴.
1197 4363 1248 4409 in
1268 4361 1301 4407 Ι.
1329 4363 1384 4409 1..
1404 4359 1455 4411 9.
1479 4364 1533 4410 D.
1552 4362 1608 4410 lt.
1634 4366 1673 4411 t.
1691 4364 1816 4411 -L.
1835 4360 1888 4410 ss.
1953 4362 2197 4411 Glticltlus
2222 4365 2255 4409 Ι.
2280 4366 2313 4410 Ι.
2338 4371 2388 4411 et
2414 4362 2620 4413 Weber·
2641 4367 2742 4408 nat.
2769 4360 2914 4407 Verb.
2936 4357 3044 4415 875
3072 4382 3135 4393 —·
3157 4356 3245 4407 77.
3279 4384 3343 4393 --

511 4418 559 4467 7.
586 4423 639 4469 C.
660 4422 713 4469 Ιι.
734 4426 772 4469 t.
1950 4427 2043 4473 Sed
2065 4428 2165 4473 vid.
2193 4425 2420 4474 Tlu'baut
2437 4427 2532 4473 civ.
2547 4423 2668 4472 Abh.
2682 4425 2898 4472 ΝικΧΙΥ.
2912 4423 3128 4470 maxime
3156 4419 3341 4481 9335.

574 4482 625 4534 6)
656 4485 765 4532 vid.
783 4483 837 4531 Ι..
857 4486 905 4532 3.
929 4487 986 4533 C.
1003 4485 1057 4534 ἠ.
1080 4489 1117 4533 t.
1140 4487 1240 4545 (tv.
1260 4485 1331 4543 7.)
1350 4492 1400 4533 et
1422 4486 1553 4535 intra
1575 4494 1679 4536 not.
1708 4485 1786 4534 11.
1946 4487 2058 4536 526.
2087 4486 2357 4536 552-330.

461 4552 472 4564 '
575 4545 624 4602 7)
659 4548 712 4593 l..
737 4545 785 4594 ⁴.
809 4546 858 4593 in
880 4548 917 4593 f.
943 4550 997 4594 C.
1021 4550 1075 4595 ΙΙ.
1097 4552 1134 4596 t.
1156 4546 1346 4608 (1v‚7.)
2017 4550 2095 4609 13)
2130 4551 2181 4599 L.
2206 4551 2254 4598 2.
2275 4553 2301 4606 S
2320 4551 2368 4598 2.
2393 4553 2448 4598 D.
2470 4550 2523 4597 lt.
2548 4552 2586 4595 t.

572 4607 623 4660 8)
656 4610 709 4657 1..
731 4609 782 4659 ὅ.
807 4611 860 4656 L.
881 4607 931 4659 ⁴.
953 4609 1069 4670 pr.S
1093 4612 1140 4658 1.
1165 4613 1219 4659 1..
1255 4610 1302 4658 8.
1330 4612 1380 4659 in
1400 4611 1438 4658 Ι.
1463 4613 1519 4657 D.
1543 4610 1596 4658 Ιι.
1622 4615 1659 4659 t.
1682 4637 1744 4646 —
1761 4614 1815 4660 L.
1839 4613 1888 4661 2.
2016 4611 2095 4673 1⁴)
2126 4615 2178 4662 L.
2215 4612 2263 4661 7.
2298 4627 2375 4674 pr.
2401 4615 2454 4661 D.
2480 4612 2548 4661 de
2570 4612 2811 4661 suumn.
2832 4633 2891 4644 —
2915 4612 2968 4657 L.
2992 4608 3043 4662 ⁴.
3068 4609 3125 4656 in
3140 4610 3181 4657 Ι.
3204 4613 3261 4659 1..
3284 4608 3343 4658 5.

510 4677 561 4721 et
582 4669 630 4720 4.
655 4672 708 4717 C.
732 4672 853 4721 eod.
877 4673 974 4730 (lv,
996 4671 1068 4730 7.)
1087 4678 1214 4722 -ΑΙ
1239 4674 1394 4721 mutto
1425 4675 1576 4720 etiam
1598 4676 1750 4733 magis
1770 4686 1891 4721 eon·
1954 4677 2009 4723 D.
2033 4677 2087 4723 Ιι.
2112 4679 2152 4723 t.

511 4735 664 4782 dictio
686 4740 861 4791 cessat,
885 4737 925 4784 si
947 4736 1128 4791 dando,
1152 4749 1251 4783 non
1284 4737 1588 4795 accipiendo,
1618 4738 1885 4785 committi·
2019 4737 2094 4797 15)
2127 4742 2314 4786 caeter.
2353 4737 2450 4786 vid.
2475 4743 2528 4785 et
2564 4738 2617 4785 L.
2658 4735 2708 4785 6.
2736 4737 2791 4783 D.
2815 4734 2888 4783 de
2907 4736 3095 4785 donat.
3134 4736 3239 4784 int.
3268 4737 3351 4784 V.

511 4802 594 4846 tur
619 4799 871 4855 turpitudo
893 4799 945 4846 L.
970 4796 1020 4845 4.
1039 4801 1065 4856 S
1087 4797 1134 4845 5.
1158 4797 1211 4847 Ιι.
1249 4802 1287 4846 t.
1310 4823 1369 4833 —-
1386 4800 1643 4847 Caeterum
1662 4803 1792 4858 quod
1827 4812 1886 4847 ex
1949 4804 2006 4849 et
2035 4803 2096 4848 U.
2124 4803 2310 4859 (xxiv,
2334 4802 2401 4859 1.)

509 4862 643 4920 turpi
687 4861 1038 4920 inhonestaque
1060 4872 1203 4908 causa
1229 4862 1517 4920 promissum
1545 4867 1618 4909 est
1640 4896 1655 4919 ‚
1679 4863 1887 4910 actioni·
2012 4865 2089 4922 16)
2121 4865 2173 4912 Ι..
2194 4862 2243 4911 6.
2266 4866 2321 4910 D.
2354 4863 2407 4910 Ιι.
2439 4867 2551 4909 1.-
2575 4863 2623 4920 a)
2655 4861 2706 4906 L.
2743 4858 2794 4906 7.
2817 4860 2940 4907 eod.
2969 4886 3023 4894 —
3041 4862 3093 4919 b)
3129 4863 3187 4908 L.
3205 4862 3261 4908 3.
3291 4861 3355 4908 C.

511 4924 601 4972 bus
626 4924 725 4983 peti
746 4925 916 4983 nequit
937 4936 1000 4971 ne
1026 4929 1130 4971 tum
1150 4925 1350 4984 quidem
1367 4957 1382 4984 ‚
1402 4936 1516 4972 eum
1557 4926 1766 4984 turpiter
1787 4938 1884 4972 non
1948 4927 2002 4973 Ιι.
2028 4930 2064 4973 1.
2092 4928 2189 4988 (tv,
2210 4926 2299 4984 9.).
2326 4950 2379 4962 --
2407 4928 2502 4972 cu.
2526 4920 2787 4974 Rana-‘tini
2810 4925 2989 4971 variar.
3022 4925 3233 4974 lection.
3261 4925 3358 4972 nt.
