<?xml version="1.0" encoding="UTF-8"?>
<!DOCTYPE html PUBLIC "-//W3C//DTD XHTML 1.0 Transitional//EN"
    "http://www.w3.org/TR/xhtml1/DTD/xhtml1-transitional.dtd">
<html xmlns="http://www.w3.org/1999/xhtml" xml:lang="en" lang="en">
 <head>
  <title>
</title>
<meta http-equiv="Content-Type" content="text/html;charset=utf-8" />
  <meta name='ocr-system' content='tesseract 3.04.00' />
  <meta name='ocr-capabilities' content='ocr_page ocr_carea ocr_par ocr_line ocrx_word'/>
</head>
<body>
  <div class='ocr_page' id='page_1' title='image "./doctrinapandect03mhgoog/doctrinapandect03mhgoog_0100.png"; bbox 0 0 3544 5506; ppageno 0'>
   <div class='ocr_carea' id='block_1_1' title="bbox 433 306 2461 383">
    <p class='ocr_par' dir='ltr' id='par_1_1' title="bbox 433 306 2461 383">
     <span class='ocr_line' id='line_1_1' title="bbox 433 306 2461 383; baseline 0.004 -20"><span class='ocrx_word' id='word_1_1' title='bbox 433 306 508 365; x_wconf 87' lang='grc'><strong>76</strong></span> <span class='ocrx_word' id='word_1_2' title='bbox 1222 324 1374 367; x_wconf 62' lang='lat' dir='ltr'><strong>rans</strong></span> <span class='ocrx_word' id='word_1_3' title='bbox 1411 324 1554 368; x_wconf 69' lang='lat' dir='ltr'><strong>cm.</strong></span> <span class='ocrx_word' id='word_1_4' title='bbox 1592 325 1711 368; x_wconf 77' lang='lat' dir='ltr'><strong>un.</strong></span> <span class='ocrx_word' id='word_1_5' title='bbox 1745 327 1794 371; x_wconf 80' lang='grc' dir='ltr'><strong>ι.</strong></span> <span class='ocrx_word' id='word_1_6' title='bbox 1832 326 1910 370; x_wconf 69' lang='lat' dir='ltr'><strong>nn</strong></span> <span class='ocrx_word' id='word_1_7' title='bbox 1943 324 2120 370; x_wconf 67' lang='lat' dir='ltr'><strong>aunis</strong></span> <span class='ocrx_word' id='word_1_8' title='bbox 2153 327 2461 383; x_wconf 72' lang='lat' dir='ltr'><strong>ron-rmus.</strong></span> 
     </span>
    </p>
   </div>
   <div class='ocr_carea' id='block_1_2' title="bbox 429 431 3226 616">
    <p class='ocr_par' dir='ltr' id='par_1_2' title="bbox 429 431 3226 616">
     <span class='ocr_line' id='line_1_2' title="bbox 430 431 3225 511; baseline 0.001 -14"><span class='ocrx_word' id='word_1_9' title='bbox 430 436 681 499; x_wconf 78' lang='lat' dir='ltr'><strong>tantum</strong></span> <span class='ocrx_word' id='word_1_10' title='bbox 713 434 1020 507; x_wconf 82' lang='lat' dir='ltr'><strong>auctoris,</strong></span> <span class='ocrx_word' id='word_1_11' title='bbox 1051 432 1292 508; x_wconf 79' lang='lat' dir='ltr'><strong>absque</strong></span> <span class='ocrx_word' id='word_1_12' title='bbox 1330 431 1461 495; x_wconf 86' lang='lat' dir='ltr'><strong>ulla</strong></span> <span class='ocrx_word' id='word_1_13' title='bbox 1486 433 1861 496; x_wconf 80' lang='lat' dir='ltr'><strong>assensionis</strong></span> <span class='ocrx_word' id='word_1_14' title='bbox 1879 435 2411 511; x_wconf 83' lang='lat' dir='ltr'><strong>dissensionisque</strong></span> <span class='ocrx_word' id='word_1_15' title='bbox 2440 447 2597 501; x_wconf 83' lang='lat' dir='ltr'><strong>nota</strong></span> <span class='ocrx_word' id='word_1_16' title='bbox 2620 482 2636 509; x_wconf 97' lang='lat'><strong>,</strong></span> <span class='ocrx_word' id='word_1_17' title='bbox 2669 443 3225 502; x_wconf 87' lang='lat' dir='ltr'><strong>commemoratio.</strong></span> 
     </span>
     <span class='ocr_line' id='line_1_3' title="bbox 429 532 3226 616; baseline 0.003 -24"><span class='ocrx_word' id='word_1_18' title='bbox 429 537 764 595; x_wconf 85' lang='lat' dir='ltr'><strong>caeterum</strong></span> <span class='ocrx_word' id='word_1_19' title='bbox 794 535 854 608; x_wconf 78' lang='grc'><strong>4)</strong></span> <span class='ocrx_word' id='word_1_20' title='bbox 891 535 1179 595; x_wconf 88' lang='lat' dir='ltr'><strong>locorum</strong></span> <span class='ocrx_word' id='word_1_21' title='bbox 1193 532 1633 605; x_wconf 81' lang='lat' dir='ltr'><strong>ambiguitates</strong></span> <span class='ocrx_word' id='word_1_22' title='bbox 1646 536 2131 596; x_wconf 73' lang='lat' dir='ltr'><strong>accommodate</strong></span> <span class='ocrx_word' id='word_1_23' title='bbox 2146 543 2211 596; x_wconf 90' lang='lat' dir='ltr'><strong>et</strong></span> <span class='ocrx_word' id='word_1_24' title='bbox 2226 537 2305 597; x_wconf 84' lang='lat' dir='ltr'><strong>ad</strong></span> <span class='ocrx_word' id='word_1_25' title='bbox 2327 541 2504 604; x_wconf 76' lang='lat' dir='ltr'><strong>suris</strong></span> <span class='ocrx_word' id='word_1_26' title='bbox 2516 541 2848 598; x_wconf 55' lang='lat' dir='ltr'><strong>novzssssimi</strong></span> <span class='ocrx_word' id='word_1_27' title='bbox 2868 536 3226 616; x_wconf 80' lang='lat' dir='ltr'><strong>indolem⁹).</strong></span> 
     </span>
    </p>
   </div>
   <div class='ocr_carea' id='block_1_3' title="bbox 431 624 3233 804">
    <p class='ocr_par' dir='ltr' id='par_1_3' title="bbox 431 624 3233 804">
     <span class='ocr_line' id='line_1_4' title="bbox 431 624 3233 720; baseline 0.002 -31"><span class='ocrx_word' id='word_1_28' title='bbox 431 636 497 689; x_wconf 89' lang='lat' dir='ltr'><strong>et</strong></span> <span class='ocrx_word' id='word_1_29' title='bbox 522 631 604 689; x_wconf 85' lang='lat' dir='ltr'><strong>ad</strong></span> <span class='ocrx_word' id='word_1_30' title='bbox 643 628 804 687; x_wconf 87' lang='lat' dir='ltr'><strong>tituli</strong></span> <span class='ocrx_word' id='word_1_31' title='bbox 832 632 1282 702; x_wconf 79' lang='lat' dir='ltr'><strong>argumentum</strong></span> <span class='ocrx_word' id='word_1_32' title='bbox 1299 668 1317 696; x_wconf 96' lang='lat'><strong>,</strong></span> <span class='ocrx_word' id='word_1_33' title='bbox 1343 626 1413 685; x_wconf 86' lang='lat' dir='ltr'><strong>in</strong></span> <span class='ocrx_word' id='word_1_34' title='bbox 1437 639 1570 701; x_wconf 88' lang='lat' dir='ltr'><strong>quo</strong></span> <span class='ocrx_word' id='word_1_35' title='bbox 1592 624 2018 701; x_wconf 73' lang='lat' dir='ltr'><strong>fragmentum</strong></span> <span class='ocrx_word' id='word_1_36' title='bbox 2048 632 2306 720; x_wconf 87' lang='lat' dir='ltr'><strong>aliquod</strong></span> <span class='ocrx_word' id='word_1_37' title='bbox 2323 635 2708 696; x_wconf 79' lang='lat' dir='ltr'><strong>collocatum</strong></span> <span class='ocrx_word' id='word_1_38' title='bbox 2732 640 2860 706; x_wconf 90' lang='lat' dir='ltr'><strong>est,</strong></span> <span class='ocrx_word' id='word_1_39' title='bbox 2886 636 3233 708; x_wconf 79' lang='lat' dir='ltr'><strong>intelligen-</strong></span> 
     </span>
     <span class='ocr_line' id='line_1_5' title="bbox 431 724 868 804; baseline -0.009 -16"><span class='ocrx_word' id='word_1_40' title='bbox 431 732 552 788; x_wconf 88' lang='lat' dir='ltr'><strong>dae</strong></span> <span class='ocrx_word' id='word_1_41' title='bbox 589 735 737 787; x_wconf 87' lang='lat' dir='ltr'><strong>sunt</strong></span> <span class='ocrx_word' id='word_1_42' title='bbox 779 724 868 804; x_wconf 89' lang='lat'><strong>¹⁰).</strong></span> 
     </span>
    </p>
   </div>
   <div class='ocr_carea' id='block_1_4' title="bbox 742 906 2935 985">
    <p class='ocr_par' dir='ltr' id='par_1_4' title="bbox 742 906 2935 985">
     <span class='ocr_line' id='line_1_6' title="bbox 742 906 2935 985; baseline 0.004 -22"><span class='ocrx_word' id='word_1_43' title='bbox 742 906 771 979; x_wconf 75' lang='lat'>5</span> <span class='ocrx_word' id='word_1_44' title='bbox 805 906 903 963; x_wconf 85' lang='grc'><strong>67.</strong></span> <span class='ocrx_word' id='word_1_45' title='bbox 943 906 991 962; x_wconf 88' lang='lat' dir='ltr'><strong>e)</strong></span> <span class='ocrx_word' id='word_1_46' title='bbox 1029 906 1119 962; x_wconf 85' lang='lat' dir='ltr'><strong>De</strong></span> <span class='ocrx_word' id='word_1_47' title='bbox 1142 908 1344 979; x_wconf 61' lang='lat' dir='ltr'><strong>legum</strong></span> <span class='ocrx_word' id='word_1_48' title='bbox 1366 909 1796 980; x_wconf 74' lang='lat' dir='ltr'><strong>antiquiorum</strong></span> <span class='ocrx_word' id='word_1_49' title='bbox 1826 909 1892 965; x_wconf 77' lang='lat' dir='ltr'><strong>in</strong></span> <span class='ocrx_word' id='word_1_50' title='bbox 1915 910 2088 967; x_wconf 78' lang='lat' dir='ltr'><strong>novis</strong></span> <span class='ocrx_word' id='word_1_51' title='bbox 2116 924 2334 968; x_wconf 85' lang='lat' dir='ltr'><strong>rerum</strong></span> <span class='ocrx_word' id='word_1_52' title='bbox 2373 914 2772 985; x_wconf 72' lang='lat' dir='ltr'><strong>arqumentis</strong></span> <span class='ocrx_word' id='word_1_53' title='bbox 2789 928 2935 971; x_wconf 79' lang='lat' dir='ltr'><strong>usu.</strong></span> 
     </span>
    </p>
   </div>
   <div class='ocr_carea' id='block_1_5' title="bbox 417 1077 3238 2248">
    <p class='ocr_par' dir='ltr' id='par_1_5' title="bbox 417 1077 3238 2248">
     <span class='ocr_line' id='line_1_7' title="bbox 514 1077 3230 1161; baseline 0 -22"><span class='ocrx_word' id='word_1_54' title='bbox 514 1084 724 1139; x_wconf 85' lang='lat' dir='ltr'><strong>Potest</strong></span> <span class='ocrx_word' id='word_1_55' title='bbox 750 1079 942 1138; x_wconf 86' lang='lat' dir='ltr'><strong>etiam</strong></span> <span class='ocrx_word' id='word_1_56' title='bbox 962 1077 1221 1135; x_wconf 86' lang='lat' dir='ltr'><strong>mutatis</strong></span> <span class='ocrx_word' id='word_1_57' title='bbox 1254 1080 1650 1151; x_wconf 78' lang='lat' dir='ltr'><strong>temporibus</strong></span> <span class='ocrx_word' id='word_1_58' title='bbox 1686 1078 1994 1152; x_wconf 85' lang='lat' dir='ltr'><strong>novisque</strong></span> <span class='ocrx_word' id='word_1_59' title='bbox 2031 1082 2299 1152; x_wconf 86' lang='lat' dir='ltr'><strong>negotiis</strong></span> <span class='ocrx_word' id='word_1_60' title='bbox 2338 1083 2438 1140; x_wconf 86' lang='lat' dir='ltr'><strong>lex</strong></span> <span class='ocrx_word' id='word_1_61' title='bbox 2470 1078 2968 1143; x_wconf 89' lang='lat' dir='ltr'><strong>accommodari.</strong></span> <span class='ocrx_word' id='word_1_62' title='bbox 3002 1085 3141 1161; x_wconf 81' lang='lat' dir='ltr'><strong>Quo</strong></span> <span class='ocrx_word' id='word_1_63' title='bbox 3166 1083 3230 1139; x_wconf 91' lang='lat' dir='ltr'><strong>in</strong></span> 
     </span>
     <span class='ocr_line' id='line_1_8' title="bbox 417 1178 3231 1255; baseline 0.001 -17"><span class='ocrx_word' id='word_1_64' title='bbox 417 1192 665 1253; x_wconf 71' lang='lat' dir='ltr'><strong>genere</strong></span> <span class='ocrx_word' id='word_1_65' title='bbox 693 1178 1036 1252; x_wconf 88' lang='lat' dir='ltr'><strong>plurimum</strong></span> <span class='ocrx_word' id='word_1_66' title='bbox 1061 1178 1296 1235; x_wconf 79' lang='lat' dir='ltr'><strong>valebit</strong></span> <span class='ocrx_word' id='word_1_67' title='bbox 1354 1181 1645 1252; x_wconf 72' lang='lat' dir='ltr'><strong>analoqia</strong></span> <span class='ocrx_word' id='word_1_68' title='bbox 1665 1192 1718 1236; x_wconf 91' lang='lat' dir='ltr'><strong>s.</strong></span> <span class='ocrx_word' id='word_1_69' title='bbox 1748 1192 1967 1237; x_wconf 89' lang='lat' dir='ltr'><strong>rerum</strong></span> <span class='ocrx_word' id='word_1_70' title='bbox 1995 1194 2308 1240; x_wconf 89' lang='lat' dir='ltr'><strong>novarum</strong></span> <span class='ocrx_word' id='word_1_71' title='bbox 2334 1188 2813 1255; x_wconf 83' lang='lat' dir='ltr'><strong>eventuumque</strong></span> <span class='ocrx_word' id='word_1_72' title='bbox 2846 1189 3039 1241; x_wconf 88' lang='lat' dir='ltr'><strong>antea</strong></span> <span class='ocrx_word' id='word_1_73' title='bbox 3062 1184 3231 1241; x_wconf 89' lang='lat' dir='ltr'><strong>inco·</strong></span> 
     </span>
     <span class='ocr_line' id='line_1_9' title="bbox 436 1270 3235 1352; baseline 0.001 -19"><span class='ocrx_word' id='word_1_74' title='bbox 436 1275 764 1348; x_wconf 79' lang='lat' dir='ltr'><strong>gnitorum</strong></span> <span class='ocrx_word' id='word_1_75' title='bbox 787 1272 1251 1331; x_wconf 84' lang='lat' dir='ltr'><strong>convenientia</strong></span> <span class='ocrx_word' id='word_1_76' title='bbox 1275 1286 1423 1331; x_wconf 90' lang='lat' dir='ltr'><strong>cum</strong></span> <span class='ocrx_word' id='word_1_77' title='bbox 1443 1270 1595 1340; x_wconf 84' lang='lat' dir='ltr'><strong>legis</strong></span> <span class='ocrx_word' id='word_1_78' title='bbox 1626 1272 1900 1334; x_wconf 88' lang='lat' dir='ltr'><strong>ratione.</strong></span> <span class='ocrx_word' id='word_1_79' title='bbox 1935 1276 2244 1352; x_wconf 83' lang='lat' dir='ltr'><strong>Quoniam</strong></span> <span class='ocrx_word' id='word_1_80' title='bbox 2270 1292 2428 1335; x_wconf 89' lang='lat' dir='ltr'><strong>vero</strong></span> <span class='ocrx_word' id='word_1_81' title='bbox 2458 1276 2609 1349; x_wconf 89' lang='lat' dir='ltr'><strong>legis</strong></span> <span class='ocrx_word' id='word_1_82' title='bbox 2631 1277 2796 1335; x_wconf 89' lang='lat' dir='ltr'><strong>ratio</strong></span> <span class='ocrx_word' id='word_1_83' title='bbox 2821 1291 3043 1336; x_wconf 86' lang='lat' dir='ltr'><strong>omnes</strong></span> <span class='ocrx_word' id='word_1_84' title='bbox 3063 1293 3235 1337; x_wconf 91' lang='lat' dir='ltr'><strong>com-</strong></span> 
     </span>
     <span class='ocr_line' id='line_1_10' title="bbox 428 1371 3236 1451; baseline 0.002 -19"><span class='ocrx_word' id='word_1_85' title='bbox 428 1375 729 1447; x_wconf 81' lang='lat' dir='ltr'><strong>plectitur</strong></span> <span class='ocrx_word' id='word_1_86' title='bbox 755 1390 1001 1445; x_wconf 87' lang='lat' dir='ltr'><strong>causas,</strong></span> <span class='ocrx_word' id='word_1_87' title='bbox 1029 1388 1199 1447; x_wconf 88' lang='lat' dir='ltr'><strong>quae</strong></span> <span class='ocrx_word' id='word_1_88' title='bbox 1213 1371 1626 1446; x_wconf 68' lang='lat' dir='ltr'><strong>„quandoque</strong></span> <span class='ocrx_word' id='word_1_89' title='bbox 1653 1372 1718 1430; x_wconf 92' lang='lat' dir='ltr'><strong>in</strong></span> <span class='ocrx_word' id='word_1_90' title='bbox 1742 1388 1887 1432; x_wconf 91' lang='lat' dir='ltr'><strong>eam</strong></span> <span class='ocrx_word' id='word_1_91' title='bbox 1906 1377 2138 1434; x_wconf 86' lang='lat' dir='ltr'><strong>cadere</strong></span> <span class='ocrx_word' id='word_1_92' title='bbox 2163 1383 2471 1448; x_wconf 86' lang='lat' dir='ltr'><strong>poterunt</strong></span> <span class='ocrx_word' id='word_1_93' title='bbox 2498 1373 2562 1450; x_wconf 83' lang='lat'><strong>¹),</strong></span> <span class='ocrx_word' id='word_1_94' title='bbox 2582 1390 2978 1451; x_wconf 89' lang='lat' dir='ltr'><strong>consequens</strong></span> <span class='ocrx_word' id='word_1_95' title='bbox 3007 1383 3129 1450; x_wconf 89' lang='lat' dir='ltr'><strong>est,</strong></span> <span class='ocrx_word' id='word_1_96' title='bbox 3163 1386 3236 1438; x_wconf 89' lang='lat' dir='ltr'><strong>ut</strong></span> 
     </span>
     <span class='ocr_line' id='line_1_11' title="bbox 420 1470 3232 1549; baseline 0.001 -16"><span class='ocrx_word' id='word_1_97' title='bbox 420 1490 560 1533; x_wconf 58' lang='lat' dir='ltr'><strong>cnon</strong></span> <span class='ocrx_word' id='word_1_98' title='bbox 585 1475 790 1534; x_wconf 84' lang='lat' dir='ltr'><strong>solum</strong></span> <span class='ocrx_word' id='word_1_99' title='bbox 823 1480 968 1532; x_wconf 83' lang='lat' dir='ltr'><strong>rato</strong></span> <span class='ocrx_word' id='word_1_100' title='bbox 998 1479 1303 1533; x_wconf 83' lang='lat' dir='ltr'><strong>manente</strong></span> <span class='ocrx_word' id='word_1_101' title='bbox 1346 1479 1728 1543; x_wconf 84' lang='lat' dir='ltr'><strong>argumento</strong></span> <span class='ocrx_word' id='word_1_102' title='bbox 1760 1474 1947 1545; x_wconf 88' lang='lat' dir='ltr'><strong>legali</strong></span> <span class='ocrx_word' id='word_1_103' title='bbox 1983 1470 2054 1547; x_wconf 85' lang='lat'><strong>²),</strong></span> <span class='ocrx_word' id='word_1_104' title='bbox 2089 1490 2314 1533; x_wconf 79' lang='lat' dir='ltr'><strong>verum</strong></span> <span class='ocrx_word' id='word_1_105' title='bbox 2342 1478 2537 1534; x_wconf 89' lang='lat' dir='ltr'><strong>etiam</strong></span> <span class='ocrx_word' id='word_1_106' title='bbox 2572 1475 2694 1534; x_wconf 85' lang='lat' dir='ltr'><strong>hoc</strong></span> <span class='ocrx_word' id='word_1_107' title='bbox 2733 1475 2874 1549; x_wconf 85' lang='lat' dir='ltr'><strong>ipso</strong></span> <span class='ocrx_word' id='word_1_108' title='bbox 2902 1477 2981 1536; x_wconf 88' lang='lat' dir='ltr'><strong>de</strong></span> <span class='ocrx_word' id='word_1_109' title='bbox 3021 1477 3232 1538; x_wconf 87' lang='lat' dir='ltr'><strong>medio</strong></span> 
     </span>
     <span class='ocr_line' id='line_1_12' title="bbox 431 1572 3238 1652; baseline 0.002 -20"><span class='ocrx_word' id='word_1_110' title='bbox 431 1575 704 1652; x_wconf 86' lang='lat' dir='ltr'><strong>sublato,</strong></span> <span class='ocrx_word' id='word_1_111' title='bbox 735 1575 817 1633; x_wconf 85' lang='lat' dir='ltr'><strong>ad</strong></span> <span class='ocrx_word' id='word_1_112' title='bbox 839 1590 1038 1633; x_wconf 87' lang='lat' dir='ltr'><strong>novas</strong></span> <span class='ocrx_word' id='word_1_113' title='bbox 1058 1586 1295 1632; x_wconf 81' lang='lat' dir='ltr'><strong>causas</strong></span> <span class='ocrx_word' id='word_1_114' title='bbox 1319 1574 1418 1630; x_wconf 83' lang='lat' dir='ltr'><strong>lex</strong></span> <span class='ocrx_word' id='word_1_115' title='bbox 1439 1574 1636 1645; x_wconf 81' lang='lat' dir='ltr'><strong>possit</strong></span> <span class='ocrx_word' id='word_1_116' title='bbox 1660 1572 1896 1640; x_wconf 85' lang='lat' dir='ltr'><strong>diduci,</strong></span> <span class='ocrx_word' id='word_1_117' title='bbox 1931 1573 2274 1634; x_wconf 88' lang='lat' dir='ltr'><strong>dummodo</strong></span> <span class='ocrx_word' id='word_1_118' title='bbox 2299 1575 2365 1633; x_wconf 92' lang='lat' dir='ltr'><strong>in</strong></span> <span class='ocrx_word' id='word_1_119' title='bbox 2405 1575 2520 1634; x_wconf 84' lang='lat' dir='ltr'><strong>has</strong></span> <span class='ocrx_word' id='word_1_120' title='bbox 2547 1590 2805 1649; x_wconf 88' lang='lat' dir='ltr'><strong>quoque</strong></span> <span class='ocrx_word' id='word_1_121' title='bbox 2835 1581 2984 1650; x_wconf 83' lang='lat' dir='ltr'><strong>apte</strong></span> <span class='ocrx_word' id='word_1_122' title='bbox 3007 1591 3238 1637; x_wconf 84' lang='lat' dir='ltr'><strong>conve-</strong></span> 
     </span>
     <span class='ocr_line' id='line_1_13' title="bbox 431 1666 3231 1747; baseline 0.001 -14"><span class='ocrx_word' id='word_1_123' title='bbox 431 1674 566 1733; x_wconf 87' lang='lat' dir='ltr'><strong>niat</strong></span> <span class='ocrx_word' id='word_1_124' title='bbox 590 1681 756 1733; x_wconf 76' lang='lat' dir='ltr'><strong>ratio</strong></span> <span class='ocrx_word' id='word_1_125' title='bbox 776 1689 875 1747; x_wconf 87' lang='lat' dir='ltr'><strong>ea,</strong></span> <span class='ocrx_word' id='word_1_126' title='bbox 896 1675 1067 1732; x_wconf 87' lang='lat' dir='ltr'><strong>unde</strong></span> <span class='ocrx_word' id='word_1_127' title='bbox 1091 1674 1189 1732; x_wconf 83' lang='lat' dir='ltr'><strong>lex</strong></span> <span class='ocrx_word' id='word_1_128' title='bbox 1217 1672 1501 1731; x_wconf 87' lang='lat' dir='ltr'><strong>manavit</strong></span> <span class='ocrx_word' id='word_1_129' title='bbox 1523 1666 1598 1745; x_wconf 71' lang='grc'><strong>3).</strong></span> <span class='ocrx_word' id='word_1_130' title='bbox 1628 1672 1801 1731; x_wconf 84' lang='lat' dir='ltr'><strong>Adeo</strong></span> <span class='ocrx_word' id='word_1_131' title='bbox 1824 1672 1960 1732; x_wconf 79' lang='lat' dir='ltr'><strong>fieri</strong></span> <span class='ocrx_word' id='word_1_132' title='bbox 1985 1680 2219 1747; x_wconf 87' lang='lat' dir='ltr'><strong>potest,</strong></span> <span class='ocrx_word' id='word_1_133' title='bbox 2248 1682 2346 1745; x_wconf 90' lang='lat' dir='ltr'><strong>ut,</strong></span> <span class='ocrx_word' id='word_1_134' title='bbox 2373 1675 2520 1734; x_wconf 89' lang='lat' dir='ltr'><strong>licet</strong></span> <span class='ocrx_word' id='word_1_135' title='bbox 2553 1675 2701 1747; x_wconf 88' lang='lat' dir='ltr'><strong>legis</strong></span> <span class='ocrx_word' id='word_1_136' title='bbox 2732 1692 2865 1735; x_wconf 87' lang='lat' dir='ltr'><strong>non</strong></span> <span class='ocrx_word' id='word_1_137' title='bbox 2901 1677 3098 1736; x_wconf 86' lang='lat' dir='ltr'><strong>modo</strong></span> <span class='ocrx_word' id='word_1_138' title='bbox 3129 1693 3231 1735; x_wconf 90' lang='lat' dir='ltr'><strong>ar-</strong></span> 
     </span>
     <span class='ocr_line' id='line_1_14' title="bbox 438 1771 3231 1848; baseline 0.001 -16"><span class='ocrx_word' id='word_1_139' title='bbox 438 1779 837 1847; x_wconf 82' lang='lat' dir='ltr'><strong>gumentum,</strong></span> <span class='ocrx_word' id='word_1_140' title='bbox 871 1772 936 1832; x_wconf 93' lang='lat' dir='ltr'><strong>in</strong></span> <span class='ocrx_word' id='word_1_141' title='bbox 957 1789 1090 1848; x_wconf 87' lang='lat' dir='ltr'><strong>quo</strong></span> <span class='ocrx_word' id='word_1_142' title='bbox 1120 1771 1380 1848; x_wconf 82' lang='lat' dir='ltr'><strong>proprie</strong></span> <span class='ocrx_word' id='word_1_143' title='bbox 1411 1773 1806 1841; x_wconf 83' lang='lat' dir='ltr'><strong>vertebatur,</strong></span> <span class='ocrx_word' id='word_1_144' title='bbox 1844 1788 2069 1832; x_wconf 88' lang='lat' dir='ltr'><strong>verum</strong></span> <span class='ocrx_word' id='word_1_145' title='bbox 2097 1775 2289 1832; x_wconf 89' lang='lat' dir='ltr'><strong>etiam</strong></span> <span class='ocrx_word' id='word_1_146' title='bbox 2311 1775 2476 1832; x_wconf 91' lang='lat' dir='ltr'><strong>ratio</strong></span> <span class='ocrx_word' id='word_1_147' title='bbox 2504 1774 2585 1833; x_wconf 89' lang='lat' dir='ltr'><strong>ab</strong></span> <span class='ocrx_word' id='word_1_148' title='bbox 2608 1774 2939 1834; x_wconf 89' lang='lat' dir='ltr'><strong>hominum</strong></span> <span class='ocrx_word' id='word_1_149' title='bbox 2963 1791 3083 1834; x_wconf 91' lang='lat' dir='ltr'><strong>usu</strong></span> <span class='ocrx_word' id='word_1_150' title='bbox 3117 1792 3231 1837; x_wconf 82' lang='lat' dir='ltr'><strong>no-</strong></span> 
     </span>
     <span class='ocr_line' id='line_1_15' title="bbox 424 1872 3237 1952; baseline 0 -19"><span class='ocrx_word' id='word_1_151' title='bbox 424 1882 655 1947; x_wconf 77' lang='lat' dir='ltr'><strong>voque</strong></span> <span class='ocrx_word' id='word_1_152' title='bbox 675 1888 895 1934; x_wconf 87' lang='lat' dir='ltr'><strong>rerum</strong></span> <span class='ocrx_word' id='word_1_153' title='bbox 918 1874 1143 1934; x_wconf 84' lang='lat' dir='ltr'><strong>ordine</strong></span> <span class='ocrx_word' id='word_1_154' title='bbox 1165 1872 1544 1932; x_wconf 85' lang='lat' dir='ltr'><strong>alienissima</strong></span> <span class='ocrx_word' id='word_1_155' title='bbox 1571 1879 1741 1948; x_wconf 86' lang='lat' dir='ltr'><strong>sunt,</strong></span> <span class='ocrx_word' id='word_1_156' title='bbox 1775 1874 2092 1946; x_wconf 84' lang='lat' dir='ltr'><strong>quaedam</strong></span> <span class='ocrx_word' id='word_1_157' title='bbox 2109 1874 2299 1932; x_wconf 90' lang='lat' dir='ltr'><strong>etiam</strong></span> <span class='ocrx_word' id='word_1_158' title='bbox 2322 1874 2598 1946; x_wconf 81' lang='lat' dir='ltr'><strong>supersit</strong></span> <span class='ocrx_word' id='word_1_159' title='bbox 2622 1874 2862 1933; x_wconf 89' lang='lat' dir='ltr'><strong>utilitas</strong></span> <span class='ocrx_word' id='word_1_160' title='bbox 2896 1880 3089 1947; x_wconf 87' lang='lat' dir='ltr'><strong>atque</strong></span> <span class='ocrx_word' id='word_1_161' title='bbox 3121 1876 3237 1952; x_wconf 80' lang='lat' dir='ltr'><strong>vis,</strong></span> 
     </span>
     <span class='ocr_line' id='line_1_16' title="bbox 436 1970 3238 2046; baseline 0 -16"><span class='ocrx_word' id='word_1_162' title='bbox 436 1972 748 2046; x_wconf 82' lang='lat' dir='ltr'><strong>siquidem</strong></span> <span class='ocrx_word' id='word_1_163' title='bbox 792 1971 858 2030; x_wconf 92' lang='lat' dir='ltr'><strong>in</strong></span> <span class='ocrx_word' id='word_1_164' title='bbox 886 1973 1095 2030; x_wconf 88' lang='lat' dir='ltr'><strong>verbis</strong></span> <span class='ocrx_word' id='word_1_165' title='bbox 1126 1971 1433 2030; x_wconf 85' lang='lat' dir='ltr'><strong>remansit</strong></span> <span class='ocrx_word' id='word_1_166' title='bbox 1469 1970 1842 2028; x_wconf 86' lang='lat' dir='ltr'><strong>commodus</strong></span> <span class='ocrx_word' id='word_1_167' title='bbox 1874 1984 2117 2043; x_wconf 86' lang='lat' dir='ltr'><strong>sensus,</strong></span> <span class='ocrx_word' id='word_1_168' title='bbox 2149 1971 2328 2045; x_wconf 88' lang='lat' dir='ltr'><strong>isque</strong></span> <span class='ocrx_word' id='word_1_169' title='bbox 2374 1971 2541 2042; x_wconf 89' lang='lat' dir='ltr'><strong>talis,</strong></span> <span class='ocrx_word' id='word_1_170' title='bbox 2586 1972 2692 2045; x_wconf 87' lang='lat' dir='ltr'><strong>qui</strong></span> <span class='ocrx_word' id='word_1_171' title='bbox 2718 1970 2931 2046; x_wconf 87' lang='lat' dir='ltr'><strong>ajuris</strong></span> <span class='ocrx_word' id='word_1_172' title='bbox 2964 1972 3238 2044; x_wconf 88' lang='lat' dir='ltr'><strong>ratione,</strong></span> 
     </span>
     <span class='ocr_line' id='line_1_17' title="bbox 436 2065 3238 2147; baseline 0.001 -19"><span class='ocrx_word' id='word_1_173' title='bbox 436 2082 603 2144; x_wconf 89' lang='lat' dir='ltr'><strong>quae</strong></span> <span class='ocrx_word' id='word_1_174' title='bbox 632 2086 806 2129; x_wconf 92' lang='lat' dir='ltr'><strong>nunc</strong></span> <span class='ocrx_word' id='word_1_175' title='bbox 827 2077 947 2145; x_wconf 86' lang='lat' dir='ltr'><strong>est,</strong></span> <span class='ocrx_word' id='word_1_176' title='bbox 980 2071 1238 2128; x_wconf 90' lang='lat' dir='ltr'><strong>minime</strong></span> <span class='ocrx_word' id='word_1_177' title='bbox 1261 2069 1606 2129; x_wconf 87' lang='lat' dir='ltr'><strong>abhorreat</strong></span> <span class='ocrx_word' id='word_1_178' title='bbox 1632 2065 1698 2143; x_wconf 83' lang='lat'><strong>⁴).</strong></span> <span class='ocrx_word' id='word_1_179' title='bbox 1732 2071 1931 2147; x_wconf 85' lang='lat' dir='ltr'><strong>Quem</strong></span> <span class='ocrx_word' id='word_1_180' title='bbox 1960 2071 2025 2128; x_wconf 90' lang='lat' dir='ltr'><strong>in</strong></span> <span class='ocrx_word' id='word_1_181' title='bbox 2057 2071 2265 2129; x_wconf 90' lang='lat' dir='ltr'><strong>locum</strong></span> <span class='ocrx_word' id='word_1_182' title='bbox 2290 2072 2476 2145; x_wconf 85' lang='lat' dir='ltr'><strong>plura</strong></span> <span class='ocrx_word' id='word_1_183' title='bbox 2521 2071 2906 2130; x_wconf 82' lang='lat' dir='ltr'><strong>convenient</strong></span> <span class='ocrx_word' id='word_1_184' title='bbox 2933 2069 3238 2145; x_wconf 86' lang='lat' dir='ltr'><strong>interpre-</strong></span> 
     </span>
     <span class='ocr_line' id='line_1_18' title="bbox 433 2165 2136 2248; baseline 0.001 -22"><span class='ocrx_word' id='word_1_185' title='bbox 433 2170 612 2228; x_wconf 83' lang='lat' dir='ltr'><strong>tandi</strong></span> <span class='ocrx_word' id='word_1_186' title='bbox 643 2175 990 2244; x_wconf 86' lang='lat' dir='ltr'><strong>praecepta</strong></span> <span class='ocrx_word' id='word_1_187' title='bbox 1011 2184 1088 2228; x_wconf 88' lang='lat' dir='ltr'><strong>ex</strong></span> <span class='ocrx_word' id='word_1_188' title='bbox 1118 2169 1213 2248; x_wconf 84' lang='lat' dir='ltr'><strong>iis,</strong></span> <span class='ocrx_word' id='word_1_189' title='bbox 1238 2183 1403 2244; x_wconf 87' lang='lat' dir='ltr'><strong>quae</strong></span> <span class='ocrx_word' id='word_1_190' title='bbox 1420 2183 1616 2245; x_wconf 87' lang='lat' dir='ltr'><strong>supra</strong></span> <span class='ocrx_word' id='word_1_191' title='bbox 1640 2169 2045 2243; x_wconf 84' lang='lat' dir='ltr'><strong>exposuimus</strong></span> <span class='ocrx_word' id='word_1_192' title='bbox 2068 2165 2136 2245; x_wconf 61' lang='grc' dir='ltr'><strong>ὅ).</strong></span> 
     </span>
    </p>
   </div>
   <div class='ocr_carea' id='block_1_6' title="bbox 594 2346 3039 2422">
    <p class='ocr_par' dir='ltr' id='par_1_6' title="bbox 594 2346 3039 2422">
     <span class='ocr_line' id='line_1_19' title="bbox 594 2346 3039 2422; baseline -0 -17"><span class='ocrx_word' id='word_1_193' title='bbox 594 2347 735 2420; x_wconf 69' lang='grc'><strong>568.</strong></span> <span class='ocrx_word' id='word_1_194' title='bbox 756 2348 833 2405; x_wconf 92' lang='lat'><strong>11.</strong></span> <span class='ocrx_word' id='word_1_195' title='bbox 859 2348 1199 2419; x_wconf 65' lang='lat' dir='ltr'><strong>Praecepta</strong></span> <span class='ocrx_word' id='word_1_196' title='bbox 1223 2348 1527 2421; x_wconf 79' lang='lat' dir='ltr'><strong>quaedam</strong></span> <span class='ocrx_word' id='word_1_197' title='bbox 1543 2346 1622 2403; x_wconf 82' lang='lat' dir='ltr'><strong>de</strong></span> <span class='ocrx_word' id='word_1_198' title='bbox 1648 2348 1854 2422; x_wconf 70' lang='lat' dir='ltr'><strong>layum</strong></span> <span class='ocrx_word' id='word_1_199' title='bbox 1875 2350 1945 2405; x_wconf 76' lang='lat' dir='ltr'><strong>in</strong></span> <span class='ocrx_word' id='word_1_200' title='bbox 1966 2348 2179 2406; x_wconf 73' lang='lat' dir='ltr'><strong>cau-51⁰3</strong></span> <span class='ocrx_word' id='word_1_201' title='bbox 2200 2349 2505 2421; x_wconf 76' lang='lat' dir='ltr'><strong>rebusque</strong></span> <span class='ocrx_word' id='word_1_202' title='bbox 2525 2347 2871 2406; x_wconf 78' lang='lat' dir='ltr'><strong>tractandis</strong></span> <span class='ocrx_word' id='word_1_203' title='bbox 2895 2364 3039 2405; x_wconf 74' lang='lat' dir='ltr'><strong>usu.</strong></span> 
     </span>
    </p>
   </div>
   <div class='ocr_carea' id='block_1_7' title="bbox 433 2514 3242 3373">
    <p class='ocr_par' dir='ltr' id='par_1_7' title="bbox 433 2514 3242 3373">
     <span class='ocr_line' id='line_1_20' title="bbox 512 2514 3237 2597; baseline 0.001 -23"><span class='ocrx_word' id='word_1_204' title='bbox 512 2514 805 2591; x_wconf 85' lang='lat' dir='ltr'><strong>Inprimis</strong></span> <span class='ocrx_word' id='word_1_205' title='bbox 819 2515 967 2578; x_wconf 85' lang='lat' dir='ltr'><strong>facti</strong></span> <span class='ocrx_word' id='word_1_206' title='bbox 978 2521 1439 2594; x_wconf 87' lang='lat' dir='ltr'><strong>quaestionem,</strong></span> <span class='ocrx_word' id='word_1_207' title='bbox 1454 2522 1759 2595; x_wconf 84' lang='lat' dir='ltr'><strong>quodque</strong></span> <span class='ocrx_word' id='word_1_208' title='bbox 1770 2527 1986 2580; x_wconf 87' lang='lat' dir='ltr'><strong>actum</strong></span> <span class='ocrx_word' id='word_1_209' title='bbox 2009 2521 2201 2580; x_wconf 85' lang='lat' dir='ltr'><strong>fuerit</strong></span> <span class='ocrx_word' id='word_1_210' title='bbox 2219 2520 2287 2597; x_wconf 87' lang='lat'><strong>¹),</strong></span> <span class='ocrx_word' id='word_1_211' title='bbox 2304 2516 2639 2593; x_wconf 83' lang='lat' dir='ltr'><strong>diligenter</strong></span> <span class='ocrx_word' id='word_1_212' title='bbox 2661 2528 2851 2580; x_wconf 89' lang='lat' dir='ltr'><strong>eruat</strong></span> <span class='ocrx_word' id='word_1_213' title='bbox 2862 2525 2893 2580; x_wconf 82' lang='lat' dir='ltr'>J</span> <span class='ocrx_word' id='word_1_214' title='bbox 2897 2524 3064 2590; x_wconf 82' lang='lat' dir='ltr'><strong>etus,</strong></span> <span class='ocrx_word' id='word_1_215' title='bbox 3079 2526 3237 2596; x_wconf 88' lang='lat' dir='ltr'><strong>tum,</strong></span> 
     </span>
     <span class='ocr_line' id='line_1_21' title="bbox 434 2615 3238 2695; baseline 0 -20"><span class='ocrx_word' id='word_1_216' title='bbox 434 2618 626 2693; x_wconf 89' lang='lat' dir='ltr'><strong>quale</strong></span> <span class='ocrx_word' id='word_1_217' title='bbox 648 2615 795 2677; x_wconf 88' lang='lat' dir='ltr'><strong>huic</strong></span> <span class='ocrx_word' id='word_1_218' title='bbox 830 2617 1169 2677; x_wconf 81' lang='lat' dir='ltr'><strong>conveniat</strong></span> <span class='ocrx_word' id='word_1_219' title='bbox 1209 2615 1366 2695; x_wconf 78' lang='lat' dir='ltr'><strong>juris</strong></span> <span class='ocrx_word' id='word_1_220' title='bbox 1401 2625 1843 2692; x_wconf 82' lang='lat' dir='ltr'><strong>praeceptum,</strong></span> <span class='ocrx_word' id='word_1_221' title='bbox 1893 2619 2126 2677; x_wconf 86' lang='lat' dir='ltr'><strong>videat.</strong></span> <span class='ocrx_word' id='word_1_222' title='bbox 2165 2620 2369 2691; x_wconf 82' lang='lat' dir='ltr'><strong>Atque</strong></span> <span class='ocrx_word' id='word_1_223' title='bbox 2404 2619 2469 2676; x_wconf 91' lang='lat' dir='ltr'><strong>in</strong></span> <span class='ocrx_word' id='word_1_224' title='bbox 2500 2634 2579 2677; x_wconf 89' lang='lat' dir='ltr'><strong>eo</strong></span> <span class='ocrx_word' id='word_1_225' title='bbox 2612 2620 2866 2691; x_wconf 87' lang='lat' dir='ltr'><strong>quidem</strong></span> <span class='ocrx_word' id='word_1_226' title='bbox 2900 2633 3238 2677; x_wconf 76' lang='lat' dir='ltr'><strong>causarum</strong></span> 
     </span>
     <span class='ocr_line' id='line_1_22' title="bbox 436 2713 3241 2790; baseline -0.002 -14"><span class='ocrx_word' id='word_1_227' title='bbox 436 2717 925 2777; x_wconf 86' lang='lat' dir='ltr'><strong>tractandarum</strong></span> <span class='ocrx_word' id='word_1_228' title='bbox 974 2728 1233 2787; x_wconf 84' lang='lat' dir='ltr'><strong>genere,</strong></span> <span class='ocrx_word' id='word_1_229' title='bbox 1261 2715 1434 2788; x_wconf 90' lang='lat' dir='ltr'><strong>quod</strong></span> <span class='ocrx_word' id='word_1_230' title='bbox 1478 2720 1590 2773; x_wconf 86' lang='lat' dir='ltr'><strong>aut</strong></span> <span class='ocrx_word' id='word_1_231' title='bbox 1625 2715 2099 2790; x_wconf 80' lang='lat' dir='ltr'><strong>respondendo,</strong></span> <span class='ocrx_word' id='word_1_232' title='bbox 2129 2721 2241 2773; x_wconf 89' lang='lat' dir='ltr'><strong>aut</strong></span> <span class='ocrx_word' id='word_1_233' title='bbox 2286 2716 2598 2787; x_wconf 84' lang='lat' dir='ltr'><strong>cavendo,</strong></span> <span class='ocrx_word' id='word_1_234' title='bbox 2629 2721 2742 2773; x_wconf 89' lang='lat' dir='ltr'><strong>aut</strong></span> <span class='ocrx_word' id='word_1_235' title='bbox 2766 2715 3012 2787; x_wconf 85' lang='lat' dir='ltr'><strong>agendo</strong></span> <span class='ocrx_word' id='word_1_236' title='bbox 3039 2713 3241 2774; x_wconf 86' lang='lat' dir='ltr'><strong>conti-</strong></span> 
     </span>
     <span class='ocr_line' id='line_1_23' title="bbox 449 2810 3239 2885; baseline -0.001 -13"><span class='ocrx_word' id='word_1_237' title='bbox 449 2821 667 2882; x_wconf 86' lang='lat' dir='ltr'><strong>netur,</strong></span> <span class='ocrx_word' id='word_1_238' title='bbox 692 2813 852 2874; x_wconf 89' lang='lat' dir='ltr'><strong>haec</strong></span> <span class='ocrx_word' id='word_1_239' title='bbox 879 2811 1148 2869; x_wconf 84' lang='lat' dir='ltr'><strong>maxime</strong></span> <span class='ocrx_word' id='word_1_240' title='bbox 1174 2811 1509 2870; x_wconf 88' lang='lat' dir='ltr'><strong>attendere</strong></span> <span class='ocrx_word' id='word_1_241' title='bbox 1532 2812 1856 2884; x_wconf 85' lang='lat' dir='ltr'><strong>oportebit</strong></span> <span class='ocrx_word' id='word_1_242' title='bbox 1882 2815 1915 2871; x_wconf 83' lang='lat' dir='ltr'><strong>J</strong></span> <span class='ocrx_word' id='word_1_243' title='bbox 1919 2814 2098 2872; x_wconf 91' lang='lat' dir='ltr'><strong>Ctum</strong></span> <span class='ocrx_word' id='word_1_244' title='bbox 2126 2826 2144 2868; x_wconf 72' lang='lat' dir='ltr'><strong>t</strong></span> <span class='ocrx_word' id='word_1_245' title='bbox 2166 2810 2464 2885; x_wconf 88' lang='lat' dir='ltr'><strong>primum,</strong></span> <span class='ocrx_word' id='word_1_246' title='bbox 2515 2818 2590 2869; x_wconf 88' lang='lat' dir='ltr'><strong>ut</strong></span> <span class='ocrx_word' id='word_1_247' title='bbox 2627 2813 3113 2871; x_wconf 88' lang='lat' dir='ltr'><strong>accommodate</strong></span> <span class='ocrx_word' id='word_1_248' title='bbox 3158 2811 3239 2869; x_wconf 87' lang='lat' dir='ltr'><strong>ad</strong></span> 
     </span>
     <span class='ocr_line' id='line_1_24' title="bbox 438 2907 3238 2986; baseline -0.002 -15"><span class='ocrx_word' id='word_1_249' title='bbox 438 2913 681 2971; x_wconf 75' lang='lat' dir='ltr'><strong>factum</strong></span> <span class='ocrx_word' id='word_1_250' title='bbox 703 2911 1105 2986; x_wconf 85' lang='lat' dir='ltr'><strong>propositum</strong></span> <span class='ocrx_word' id='word_1_251' title='bbox 1134 2910 1349 2970; x_wconf 87' lang='lat' dir='ltr'><strong>omnia</strong></span> <span class='ocrx_word' id='word_1_252' title='bbox 1377 2917 1638 2985; x_wconf 85' lang='lat' dir='ltr'><strong>peragat</strong></span> <span class='ocrx_word' id='word_1_253' title='bbox 1666 2907 1733 2984; x_wconf 86' lang='lat'><strong>²),</strong></span> <span class='ocrx_word' id='word_1_254' title='bbox 1766 2926 1977 2985; x_wconf 90' lang='lat' dir='ltr'><strong>neque</strong></span> <span class='ocrx_word' id='word_1_255' title='bbox 2000 2917 2217 2970; x_wconf 87' lang='lat' dir='ltr'><strong>tamen</strong></span> <span class='ocrx_word' id='word_1_256' title='bbox 2239 2911 2587 2984; x_wconf 84' lang='lat' dir='ltr'><strong>quidquam</strong></span> <span class='ocrx_word' id='word_1_257' title='bbox 2607 2917 2813 2970; x_wconf 90' lang='lat' dir='ltr'><strong>curet</strong></span> <span class='ocrx_word' id='word_1_258' title='bbox 2854 2925 2953 2977; x_wconf 86' lang='lat' dir='ltr'><strong>ea,</strong></span> <span class='ocrx_word' id='word_1_259' title='bbox 2979 2911 3063 2969; x_wconf 89' lang='lat' dir='ltr'><strong>de</strong></span> <span class='ocrx_word' id='word_1_260' title='bbox 3100 2910 3238 2982; x_wconf 86' lang='lat' dir='ltr'><strong>qui·</strong></span> 
     </span>
     <span class='ocr_line' id='line_1_25' title="bbox 433 3004 3241 3083; baseline -0.001 -16"><span class='ocrx_word' id='word_1_261' title='bbox 433 3010 556 3067; x_wconf 87' lang='lat' dir='ltr'><strong>bus</strong></span> <span class='ocrx_word' id='word_1_262' title='bbox 584 3009 808 3082; x_wconf 89' lang='lat' dir='ltr'><strong>quaeri</strong></span> <span class='ocrx_word' id='word_1_263' title='bbox 850 3008 1002 3066; x_wconf 90' lang='lat' dir='ltr'><strong>nihil</strong></span> <span class='ocrx_word' id='word_1_264' title='bbox 1030 3008 1262 3074; x_wconf 83' lang='lat' dir='ltr'><strong>attinet</strong></span> <span class='ocrx_word' id='word_1_265' title='bbox 1286 3004 1357 3083; x_wconf 76' lang='grc'><strong>3);</strong></span> <span class='ocrx_word' id='word_1_266' title='bbox 1382 3007 1631 3075; x_wconf 88' lang='lat' dir='ltr'><strong>deinde,</strong></span> <span class='ocrx_word' id='word_1_267' title='bbox 1667 3007 1715 3065; x_wconf 90' lang='lat' dir='ltr'><strong>si</strong></span> <span class='ocrx_word' id='word_1_268' title='bbox 1760 3008 1945 3080; x_wconf 75' lang='lat' dir='ltr'><strong>plura</strong></span> <span class='ocrx_word' id='word_1_269' title='bbox 1970 3007 2034 3064; x_wconf 93' lang='lat' dir='ltr'><strong>in</strong></span> <span class='ocrx_word' id='word_1_270' title='bbox 2066 3022 2262 3064; x_wconf 86' lang='lat' dir='ltr'><strong>unam</strong></span> <span class='ocrx_word' id='word_1_271' title='bbox 2292 3007 2692 3079; x_wconf 88' lang='lat' dir='ltr'><strong>eandemque</strong></span> <span class='ocrx_word' id='word_1_272' title='bbox 2720 3021 2982 3065; x_wconf 83' lang='lat' dir='ltr'><strong>causam</strong></span> <span class='ocrx_word' id='word_1_273' title='bbox 3008 3018 3241 3064; x_wconf 84' lang='lat' dir='ltr'><strong>conve-</strong></span> 
     </span>
     <span class='ocr_line' id='line_1_26' title="bbox 444 3098 3240 3184; baseline -0.002 -21"><span class='ocrx_word' id='word_1_274' title='bbox 444 3103 627 3163; x_wconf 87' lang='lat' dir='ltr'><strong>niant</strong></span> <span class='ocrx_word' id='word_1_275' title='bbox 648 3103 802 3184; x_wconf 75' lang='lat' dir='ltr'><strong>juris</strong></span> <span class='ocrx_word' id='word_1_276' title='bbox 833 3105 931 3162; x_wconf 89' lang='lat' dir='ltr'><strong>vel</strong></span> <span class='ocrx_word' id='word_1_277' title='bbox 956 3102 1402 3178; x_wconf 86' lang='lat' dir='ltr'><strong>persequendi,</strong></span> <span class='ocrx_word' id='word_1_278' title='bbox 1446 3103 1549 3161; x_wconf 83' lang='lat' dir='ltr'><strong>vel</strong></span> <span class='ocrx_word' id='word_1_279' title='bbox 1578 3102 2029 3179; x_wconf 88' lang='lat' dir='ltr'><strong>conservandi,</strong></span> <span class='ocrx_word' id='word_1_280' title='bbox 2071 3104 2173 3161; x_wconf 89' lang='lat' dir='ltr'><strong>vel</strong></span> <span class='ocrx_word' id='word_1_281' title='bbox 2212 3103 2291 3159; x_wconf 85' lang='lat' dir='ltr'><strong>ab</strong></span> <span class='ocrx_word' id='word_1_282' title='bbox 2321 3102 2838 3164; x_wconf 85' lang='lat' dir='ltr'><strong>adversariorum</strong></span> <span class='ocrx_word' id='word_1_283' title='bbox 2879 3098 3240 3160; x_wconf 88' lang='lat' dir='ltr'><strong>intentione</strong></span> 
     </span>
     <span class='ocr_line' id='line_1_27' title="bbox 440 3199 3242 3278; baseline -0.001 -16"><span class='ocrx_word' id='word_1_284' title='bbox 440 3199 828 3268; x_wconf 85' lang='lat' dir='ltr'><strong>defendendi</strong></span> <span class='ocrx_word' id='word_1_285' title='bbox 857 3203 1192 3278; x_wconf 86' lang='lat' dir='ltr'><strong>praesidia,</strong></span> <span class='ocrx_word' id='word_1_286' title='bbox 1215 3209 1287 3260; x_wconf 88' lang='lat' dir='ltr'><strong>ut</strong></span> <span class='ocrx_word' id='word_1_287' title='bbox 1315 3219 1390 3261; x_wconf 89' lang='lat' dir='ltr'><strong>ex</strong></span> <span class='ocrx_word' id='word_1_288' title='bbox 1414 3203 1509 3262; x_wconf 88' lang='lat' dir='ltr'><strong>his</strong></span> <span class='ocrx_word' id='word_1_289' title='bbox 1528 3219 1605 3262; x_wconf 88' lang='lat' dir='ltr'><strong>ea</strong></span> <span class='ocrx_word' id='word_1_290' title='bbox 1626 3204 1850 3275; x_wconf 82' lang='lat' dir='ltr'><strong>seligat</strong></span> <span class='ocrx_word' id='word_1_291' title='bbox 1873 3218 1949 3261; x_wconf 90' lang='lat' dir='ltr'><strong>ac</strong></span> <span class='ocrx_word' id='word_1_292' title='bbox 1987 3209 2329 3276; x_wconf 86' lang='lat' dir='ltr'><strong>proponat,</strong></span> <span class='ocrx_word' id='word_1_293' title='bbox 2375 3218 2542 3276; x_wconf 91' lang='lat' dir='ltr'><strong>quae</strong></span> <span class='ocrx_word' id='word_1_294' title='bbox 2564 3207 2633 3260; x_wconf 90' lang='lat' dir='ltr'><strong>et</strong></span> <span class='ocrx_word' id='word_1_295' title='bbox 2668 3202 3013 3275; x_wconf 91' lang='lat' dir='ltr'><strong>plurimum</strong></span> <span class='ocrx_word' id='word_1_296' title='bbox 3045 3216 3242 3274; x_wconf 86' lang='lat' dir='ltr'><strong>quae-</strong></span> 
     </span>
     <span class='ocr_line' id='line_1_28' title="bbox 445 3292 3241 3373; baseline -0.002 -15"><span class='ocrx_word' id='word_1_297' title='bbox 445 3301 736 3361; x_wconf 83' lang='lat' dir='ltr'><strong>rentibus</strong></span> <span class='ocrx_word' id='word_1_298' title='bbox 761 3299 1228 3373; x_wconf 84' lang='lat' dir='ltr'><strong>litigantibusve</strong></span> <span class='ocrx_word' id='word_1_299' title='bbox 1251 3299 1524 3357; x_wconf 77' lang='lat' dir='ltr'><strong>afferant</strong></span> <span class='ocrx_word' id='word_1_300' title='bbox 1550 3294 1904 3372; x_wconf 86' lang='lat' dir='ltr'><strong>commodi,</strong></span> <span class='ocrx_word' id='word_1_301' title='bbox 1937 3304 2003 3357; x_wconf 91' lang='lat' dir='ltr'><strong>et</strong></span> <span class='ocrx_word' id='word_1_302' title='bbox 2035 3299 2309 3357; x_wconf 87' lang='lat' dir='ltr'><strong>minimis</strong></span> <span class='ocrx_word' id='word_1_303' title='bbox 2336 3304 2449 3356; x_wconf 88' lang='lat' dir='ltr'><strong>aut</strong></span> <span class='ocrx_word' id='word_1_304' title='bbox 2476 3298 2895 3357; x_wconf 86' lang='lat' dir='ltr'><strong>incommodis</strong></span> <span class='ocrx_word' id='word_1_305' title='bbox 2943 3303 3056 3356; x_wconf 83' lang='lat' dir='ltr'><strong>aut</strong></span> <span class='ocrx_word' id='word_1_306' title='bbox 3076 3292 3241 3355; x_wconf 84' lang='lat' dir='ltr'><strong>diffi-</strong></span> 
     </span>
    </p>
   </div>
   <div class='ocr_carea' id='block_1_8' title="bbox 428 3455 3240 3584">
    <p class='ocr_par' dir='ltr' id='par_1_8' title="bbox 428 3455 3240 3584">
     <span class='ocr_line' id='line_1_29' title="bbox 491 3455 3240 3521; baseline -0.003 -11"><span class='ocrx_word' id='word_1_307' title='bbox 491 3461 540 3520; x_wconf 88' lang='grc'><strong>9)</strong></span> <span class='ocrx_word' id='word_1_308' title='bbox 563 3464 708 3509; x_wconf 83' lang='lat' dir='ltr'><strong>Velut</strong></span> <span class='ocrx_word' id='word_1_309' title='bbox 728 3464 780 3508; x_wconf 98' lang='lat' dir='ltr'><strong>L.</strong></span> <span class='ocrx_word' id='word_1_310' title='bbox 802 3460 854 3510; x_wconf 85' lang='lat'><strong>9.</strong></span> <span class='ocrx_word' id='word_1_311' title='bbox 877 3465 902 3519; x_wconf 81' lang='grc' dir='ltr'>ς</span> <span class='ocrx_word' id='word_1_312' title='bbox 922 3462 970 3508; x_wconf 79' lang='grc'><strong>3.</strong></span> <span class='ocrx_word' id='word_1_313' title='bbox 991 3463 1047 3507; x_wconf 90' lang='lat' dir='ltr'><strong>D.</strong></span> <span class='ocrx_word' id='word_1_314' title='bbox 1070 3460 1136 3508; x_wconf 84' lang='lat' dir='ltr'><strong>de</strong></span> <span class='ocrx_word' id='word_1_315' title='bbox 1154 3459 1479 3510; x_wconf 79' lang='lat' dir='ltr'><strong>donationib.</strong></span> <span class='ocrx_word' id='word_1_316' title='bbox 1497 3459 1798 3520; x_wconf 79' lang='lat' dir='ltr'><strong>(xxx1x‚5.)</strong></span> <span class='ocrx_word' id='word_1_317' title='bbox 1861 3463 1910 3508; x_wconf 78' lang='lat'><strong>3.</strong></span> <span class='ocrx_word' id='word_1_318' title='bbox 1934 3463 1952 3521; x_wconf 90' lang='lat'><strong>)</strong></span> <span class='ocrx_word' id='word_1_319' title='bbox 1973 3486 2029 3495; x_wconf 95' lang='lat'>—</span> <span class='ocrx_word' id='word_1_320' title='bbox 2049 3467 2099 3508; x_wconf 86' lang='lat' dir='ltr'><strong>ct</strong></span> <span class='ocrx_word' id='word_1_321' title='bbox 2121 3463 2174 3508; x_wconf 90' lang='lat' dir='ltr'><strong>L.</strong></span> <span class='ocrx_word' id='word_1_322' title='bbox 2194 3461 2244 3507; x_wconf 93' lang='grc'><strong>2.</strong></span> <span class='ocrx_word' id='word_1_323' title='bbox 2284 3462 2339 3507; x_wconf 90' lang='lat' dir='ltr'><strong>C.</strong></span> <span class='ocrx_word' id='word_1_324' title='bbox 2382 3460 2449 3507; x_wconf 78' lang='lat' dir='ltr'><strong>de</strong></span> <span class='ocrx_word' id='word_1_325' title='bbox 2484 3460 2639 3508; x_wconf 76' lang='lat' dir='ltr'><strong>distr.</strong></span> <span class='ocrx_word' id='word_1_326' title='bbox 2678 3460 2886 3520; x_wconf 74' lang='lat' dir='ltr'><strong>piqnor.</strong></span> <span class='ocrx_word' id='word_1_327' title='bbox 2942 3458 3093 3516; x_wconf 83' lang='lat' dir='ltr'><strong>(vlu,</strong></span> <span class='ocrx_word' id='word_1_328' title='bbox 3111 3455 3240 3514; x_wconf 88' lang='grc'><strong>28.),</strong></span> 
     </span>
     <span class='ocr_line' id='line_1_30' title="bbox 428 3519 3236 3584; baseline -0.002 -12"><span class='ocrx_word' id='word_1_329' title='bbox 428 3550 492 3560; x_wconf 86' lang='grc'>-</span> <span class='ocrx_word' id='word_1_330' title='bbox 510 3524 590 3572; x_wconf 69' lang='lat' dir='ltr'><strong>Cf.</strong></span> <span class='ocrx_word' id='word_1_331' title='bbox 610 3522 846 3584; x_wconf 70' lang='lat' dir='ltr'><strong>Saviqny</strong></span> <span class='ocrx_word' id='word_1_332' title='bbox 866 3525 950 3571; x_wconf 80' lang='lat' dir='ltr'><strong>ub.</strong></span> <span class='ocrx_word' id='word_1_333' title='bbox 971 3525 1049 3569; x_wconf 85' lang='lat' dir='ltr'><strong>die</strong></span> <span class='ocrx_word' id='word_1_334' title='bbox 1067 3526 1164 3570; x_wconf 84' lang='lat' dir='ltr'><strong>Lex</strong></span> <span class='ocrx_word' id='word_1_335' title='bbox 1181 3524 1345 3573; x_wconf 84' lang='lat' dir='ltr'><strong>Cincia</strong></span> <span class='ocrx_word' id='word_1_336' title='bbox 1365 3523 1443 3580; x_wconf 83' lang='lat' dir='ltr'><strong>(in&#39;</strong></span> <span class='ocrx_word' id='word_1_337' title='bbox 1456 3523 1543 3569; x_wconf 89' lang='lat' dir='ltr'><strong>der</strong></span> <span class='ocrx_word' id='word_1_338' title='bbox 1560 3524 1793 3571; x_wconf 76' lang='lat' dir='ltr'><strong>zeitschr.</strong></span> <span class='ocrx_word' id='word_1_339' title='bbox 1859 3527 1974 3571; x_wconf 89' lang='lat' dir='ltr'><strong>coll.</strong></span> <span class='ocrx_word' id='word_1_340' title='bbox 1997 3536 2109 3570; x_wconf 83' lang='lat' dir='ltr'><strong>cnm</strong></span> <span class='ocrx_word' id='word_1_341' title='bbox 2130 3521 2245 3580; x_wconf 75' lang='lat' dir='ltr'><strong>Gaji</strong></span> <span class='ocrx_word' id='word_1_342' title='bbox 2267 3524 2420 3569; x_wconf 81' lang='lat' dir='ltr'><strong>instit.</strong></span> <span class='ocrx_word' id='word_1_343' title='bbox 2446 3526 2503 3571; x_wconf 87' lang='lat' dir='ltr'><strong>ll.</strong></span> <span class='ocrx_word' id='word_1_344' title='bbox 2527 3527 2553 3580; x_wconf 73' lang='lat' dir='ltr'>S</span> <span class='ocrx_word' id='word_1_345' title='bbox 2571 3522 2633 3568; x_wconf 85' lang='grc'><strong>52</strong></span> <span class='ocrx_word' id='word_1_346' title='bbox 2657 3548 2718 3557; x_wconf 91' lang='lat'><strong>—-</strong></span> <span class='ocrx_word' id='word_1_347' title='bbox 2735 3523 2815 3571; x_wconf 78' lang='grc'><strong>60.</strong></span> <span class='ocrx_word' id='word_1_348' title='bbox 2838 3547 2896 3556; x_wconf 91' lang='lat'><strong>—-</strong></span> <span class='ocrx_word' id='word_1_349' title='bbox 2919 3522 2970 3568; x_wconf 93' lang='lat' dir='ltr'><strong>L.</strong></span> <span class='ocrx_word' id='word_1_350' title='bbox 2989 3519 3038 3568; x_wconf 89' lang='grc'><strong>9.</strong></span> <span class='ocrx_word' id='word_1_351' title='bbox 3061 3524 3087 3578; x_wconf 75' lang='lat' dir='ltr'><strong>s</strong></span> <span class='ocrx_word' id='word_1_352' title='bbox 3102 3522 3152 3567; x_wconf 79' lang='lat'><strong>3.</strong></span> <span class='ocrx_word' id='word_1_353' title='bbox 3178 3520 3236 3567; x_wconf 88' lang='lat' dir='ltr'><strong>D.</strong></span> 
     </span>
    </p>
   </div>
   <div class='ocr_carea' id='block_1_9' title="bbox 426 3583 3241 3962">
    <p class='ocr_par' dir='ltr' id='par_1_9' title="bbox 426 3583 3241 3962">
     <span class='ocr_line' id='line_1_31' title="bbox 426 3583 3240 3643; baseline -0.002 -8"><span class='ocrx_word' id='word_1_354' title='bbox 426 3588 508 3635; x_wconf 72' lang='lat' dir='ltr'><strong>fur</strong></span> <span class='ocrx_word' id='word_1_355' title='bbox 524 3587 696 3634; x_wconf 82' lang='lat' dir='ltr'><strong>histor.</strong></span> <span class='ocrx_word' id='word_1_356' title='bbox 723 3585 1155 3635; x_wconf 77' lang='lat' dir='ltr'><strong>Rechtswissench.</strong></span> <span class='ocrx_word' id='word_1_357' title='bbox 1183 3590 1334 3643; x_wconf 78' lang='lat' dir='ltr'><strong>lv..p.</strong></span> <span class='ocrx_word' id='word_1_358' title='bbox 1357 3583 1620 3643; x_wconf 70' lang='lat' dir='ltr'><strong>40.).-ct.</strong></span> <span class='ocrx_word' id='word_1_359' title='bbox 1644 3589 1688 3643; x_wconf 77' lang='lat' dir='ltr'><strong>S.</strong></span> <span class='ocrx_word' id='word_1_360' title='bbox 1710 3585 1792 3636; x_wconf 86' lang='grc'><strong>67.</strong></span> <span class='ocrx_word' id='word_1_361' title='bbox 1857 3583 2651 3642; x_wconf 72' lang='lat' dir='ltr'><strong>aedonat.-1..9.s1.n.aejure</strong></span> <span class='ocrx_word' id='word_1_362' title='bbox 2669 3585 3077 3642; x_wconf 74' lang='lat' dir='ltr'><strong>dotium.(xxnl,</strong></span> <span class='ocrx_word' id='word_1_363' title='bbox 3100 3585 3240 3643; x_wconf 76' lang='lat'><strong>5.)--</strong></span> 
     </span>
     <span class='ocr_line' id='line_1_32' title="bbox 496 3645 3240 3709; baseline -0 -13"><span class='ocrx_word' id='word_1_364' title='bbox 496 3648 579 3709; x_wconf 77' lang='lat'><strong>¹0)</strong></span> <span class='ocrx_word' id='word_1_365' title='bbox 598 3649 820 3697; x_wconf 72' lang='lat' dir='ltr'><strong>Thibaut</strong></span> <span class='ocrx_word' id='word_1_366' title='bbox 836 3653 878 3708; x_wconf 77' lang='lat' dir='ltr'><strong>s.</strong></span> <span class='ocrx_word' id='word_1_367' title='bbox 901 3648 982 3698; x_wconf 74' lang='lat'><strong>56.</strong></span> <span class='ocrx_word' id='word_1_368' title='bbox 1124 3681 1128 3685; x_wconf 91' lang='lat'>-</span> <span class='ocrx_word' id='word_1_369' title='bbox 1857 3672 1920 3683; x_wconf 90' lang='lat'>-</span> <span class='ocrx_word' id='word_1_370' title='bbox 1956 3651 2030 3695; x_wconf 78' lang='lat' dir='ltr'><strong>Cf.</strong></span> <span class='ocrx_word' id='word_1_371' title='bbox 2062 3650 2132 3697; x_wconf 79' lang='lat' dir='ltr'><strong>de</strong></span> <span class='ocrx_word' id='word_1_372' title='bbox 2169 3647 2399 3708; x_wconf 69' lang='lat' dir='ltr'><strong>Saviqny</strong></span> <span class='ocrx_word' id='word_1_373' title='bbox 2419 3650 2453 3696; x_wconf 91' lang='lat' dir='ltr'><strong>l.</strong></span> <span class='ocrx_word' id='word_1_374' title='bbox 2478 3651 2512 3696; x_wconf 91' lang='lat' dir='ltr'><strong>l.</strong></span> <span class='ocrx_word' id='word_1_375' title='bbox 2534 3662 2583 3707; x_wconf 88' lang='lat' dir='ltr'><strong>p.</strong></span> <span class='ocrx_word' id='word_1_376' title='bbox 2605 3646 2687 3696; x_wconf 70' lang='grc'><strong>40.</strong></span> <span class='ocrx_word' id='word_1_377' title='bbox 2721 3647 2782 3695; x_wconf 84' lang='grc'><strong>50</strong></span> <span class='ocrx_word' id='word_1_378' title='bbox 2804 3645 2963 3706; x_wconf 82' lang='grc'><strong>-59,</strong></span> <span class='ocrx_word' id='word_1_379' title='bbox 3000 3654 3050 3693; x_wconf 86' lang='lat' dir='ltr'><strong>et</strong></span> <span class='ocrx_word' id='word_1_380' title='bbox 3090 3659 3240 3706; x_wconf 81' lang='lat' dir='ltr'><strong>supra</strong></span> 
     </span>
     <span class='ocr_line' id='line_1_33' title="bbox 1867 3709 2950 3768; baseline -0.004 -10"><span class='ocrx_word' id='word_1_381' title='bbox 1867 3713 1895 3767; x_wconf 72' lang='grc'><strong>9</strong></span> <span class='ocrx_word' id='word_1_382' title='bbox 1914 3709 1995 3758; x_wconf 83' lang='grc'><strong>65.</strong></span> <span class='ocrx_word' id='word_1_383' title='bbox 2014 3712 2065 3757; x_wconf 90' lang='lat' dir='ltr'><strong>in</strong></span> <span class='ocrx_word' id='word_1_384' title='bbox 2088 3712 2124 3757; x_wconf 71' lang='lat' dir='ltr'><strong>f.</strong></span> <span class='ocrx_word' id='word_1_385' title='bbox 2149 3735 2210 3744; x_wconf 93' lang='lat'>—</span> <span class='ocrx_word' id='word_1_386' title='bbox 2228 3711 2337 3758; x_wconf 77' lang='lat' dir='ltr'><strong>vm.</strong></span> <span class='ocrx_word' id='word_1_387' title='bbox 2360 3718 2410 3758; x_wconf 91' lang='lat' dir='ltr'><strong>et</strong></span> <span class='ocrx_word' id='word_1_388' title='bbox 2432 3714 2484 3760; x_wconf 88' lang='lat' dir='ltr'><strong>L.</strong></span> <span class='ocrx_word' id='word_1_389' title='bbox 2510 3714 2588 3759; x_wconf 78' lang='lat'><strong>23.</strong></span> <span class='ocrx_word' id='word_1_390' title='bbox 2609 3714 2665 3758; x_wconf 88' lang='lat' dir='ltr'><strong>D.</strong></span> <span class='ocrx_word' id='word_1_391' title='bbox 2688 3712 2813 3768; x_wconf 77' lang='lat' dir='ltr'><strong>dej.</strong></span> <span class='ocrx_word' id='word_1_392' title='bbox 2838 3709 2950 3757; x_wconf 80' lang='lat' dir='ltr'><strong>dot.</strong></span> 
     </span>
     <span class='ocr_line' id='line_1_34' title="bbox 1056 3771 3240 3834; baseline -0.004 -9"><span class='ocrx_word' id='word_1_393' title='bbox 1056 3780 1082 3834; x_wconf 77' lang='lat' dir='ltr'>S</span> <span class='ocrx_word' id='word_1_394' title='bbox 1099 3775 1181 3826; x_wconf 87' lang='grc'><strong>67.</strong></span> <span class='ocrx_word' id='word_1_395' title='bbox 1934 3771 1982 3831; x_wconf 83' lang='lat'><strong>5)</strong></span> <span class='ocrx_word' id='word_1_396' title='bbox 2022 3776 2162 3820; x_wconf 87' lang='lat' dir='ltr'><strong>Velut</strong></span> <span class='ocrx_word' id='word_1_397' title='bbox 2184 3791 2196 3821; x_wconf 74' lang='grc' dir='ltr'><strong><em>ε</em></strong></span> <span class='ocrx_word' id='word_1_398' title='bbox 2222 3776 2449 3821; x_wconf 83' lang='lat' dir='ltr'><strong>standum</strong></span> <span class='ocrx_word' id='word_1_399' title='bbox 2488 3786 2590 3821; x_wconf 88' lang='lat' dir='ltr'><strong>esse</strong></span> <span class='ocrx_word' id='word_1_400' title='bbox 2629 3787 2659 3821; x_wconf 84' lang='lat' dir='ltr'><strong>a</strong></span> <span class='ocrx_word' id='word_1_401' title='bbox 2700 3776 2960 3821; x_wconf 82' lang='lat' dir='ltr'><strong>verborum</strong></span> <span class='ocrx_word' id='word_1_402' title='bbox 2997 3772 3240 3818; x_wconf 79' lang='lat' dir='ltr'><strong>sententia</strong></span> 
     </span>
     <span class='ocr_line' id='line_1_35' title="bbox 1871 3832 3236 3896; baseline -0.004 -14"><span class='ocrx_word' id='word_1_403' title='bbox 1871 3832 1913 3890; x_wconf 74' lang='lat' dir='ltr'><strong>(S</strong></span> <span class='ocrx_word' id='word_1_404' title='bbox 1929 3835 2030 3894; x_wconf 85' lang='lat'><strong>58.)</strong></span> <span class='ocrx_word' id='word_1_405' title='bbox 2049 3871 2065 3893; x_wconf 85' lang='lat'><strong>,</strong></span> <span class='ocrx_word' id='word_1_406' title='bbox 2085 3862 2144 3871; x_wconf 87' lang='lat'><strong>—-·</strong></span> <span class='ocrx_word' id='word_1_407' title='bbox 2167 3838 2283 3896; x_wconf 81' lang='lat' dir='ltr'><strong>legis</strong></span> <span class='ocrx_word' id='word_1_408' title='bbox 2297 3870 2312 3895; x_wconf 91' lang='lat'>‚</span> <span class='ocrx_word' id='word_1_409' title='bbox 2333 3849 2458 3894; x_wconf 82' lang='lat' dir='ltr'><strong>quae</strong></span> <span class='ocrx_word' id='word_1_410' title='bbox 2478 3839 2675 3896; x_wconf 88' lang='lat' dir='ltr'><strong>quidem</strong></span> <span class='ocrx_word' id='word_1_411' title='bbox 2697 3837 2896 3894; x_wconf 82' lang='lat' dir='ltr'><strong>intelligi</strong></span> <span class='ocrx_word' id='word_1_412' title='bbox 2938 3835 3117 3892; x_wconf 79' lang='lat' dir='ltr'><strong>possit,</strong></span> <span class='ocrx_word' id='word_1_413' title='bbox 3155 3847 3236 3879; x_wconf 83' lang='lat' dir='ltr'><strong>ra-</strong></span> 
     </span>
     <span class='ocr_line' id='line_1_36' title="bbox 498 3896 3241 3962; baseline -0.001 -16"><span class='ocrx_word' id='word_1_414' title='bbox 498 3903 544 3958; x_wconf 83' lang='lat'><strong>1)</strong></span> <span class='ocrx_word' id='word_1_415' title='bbox 578 3901 632 3948; x_wconf 82' lang='lat'><strong>1..</strong></span> <span class='ocrx_word' id='word_1_416' title='bbox 654 3900 735 3951; x_wconf 86' lang='grc'><strong>26.</strong></span> <span class='ocrx_word' id='word_1_417' title='bbox 757 3901 837 3950; x_wconf 90' lang='grc'><strong>27.</strong></span> <span class='ocrx_word' id='word_1_418' title='bbox 860 3905 916 3950; x_wconf 91' lang='lat' dir='ltr'><strong>D.</strong></span> <span class='ocrx_word' id='word_1_419' title='bbox 934 3902 1003 3950; x_wconf 80' lang='lat' dir='ltr'><strong>de</strong></span> <span class='ocrx_word' id='word_1_420' title='bbox 1022 3902 1236 3962; x_wconf 74' lang='lat' dir='ltr'><strong>leqt’bus.</strong></span> <span class='ocrx_word' id='word_1_421' title='bbox 1260 3939 1263 3942; x_wconf 94' lang='lat'><strong>.</strong></span> <span class='ocrx_word' id='word_1_422' title='bbox 1869 3898 2050 3945; x_wconf 82' lang='lat' dir='ltr'><strong>tionem</strong></span> <span class='ocrx_word' id='word_1_423' title='bbox 2073 3912 2168 3945; x_wconf 91' lang='lat' dir='ltr'><strong>non</strong></span> <span class='ocrx_word' id='word_1_424' title='bbox 2203 3900 2346 3947; x_wconf 84' lang='lat' dir='ltr'><strong>anxie</strong></span> <span class='ocrx_word' id='word_1_425' title='bbox 2384 3902 2735 3958; x_wconf 77' lang='lat' dir='ltr'><strong>acquirendam</strong></span> <span class='ocrx_word' id='word_1_426' title='bbox 2757 3911 2860 3945; x_wconf 87' lang='lat' dir='ltr'><strong>esse</strong></span> <span class='ocrx_word' id='word_1_427' title='bbox 2881 3898 2898 3955; x_wconf 95' lang='lat'>(</span> <span class='ocrx_word' id='word_1_428' title='bbox 2923 3899 2975 3944; x_wconf 85' lang='lat' dir='ltr'><strong>t..</strong></span> <span class='ocrx_word' id='word_1_429' title='bbox 2994 3896 3073 3942; x_wconf 84' lang='grc'><strong>21.</strong></span> <span class='ocrx_word' id='word_1_430' title='bbox 3096 3899 3151 3944; x_wconf 87' lang='grc' dir='ltr'><strong>Ι).</strong></span> <span class='ocrx_word' id='word_1_431' title='bbox 3172 3896 3241 3944; x_wconf 77' lang='lat' dir='ltr'><strong>de</strong></span> 
     </span>
    </p>
   </div>
   <div class='ocr_carea' id='block_1_10' title="bbox 433 3959 3248 4964">
    <p class='ocr_par' dir='ltr' id='par_1_10' title="bbox 433 3959 3239 4261">
     <span class='ocr_line' id='line_1_37' title="bbox 496 3959 3239 4026; baseline -0.002 -15"><span class='ocrx_word' id='word_1_432' title='bbox 496 3967 546 4022; x_wconf 94' lang='grc'><strong>2)</strong></span> <span class='ocrx_word' id='word_1_433' title='bbox 576 3965 722 4011; x_wconf 84' lang='lat' dir='ltr'><strong>Velut</strong></span> <span class='ocrx_word' id='word_1_434' title='bbox 741 3966 792 4014; x_wconf 91' lang='lat' dir='ltr'><strong>in</strong></span> <span class='ocrx_word' id='word_1_435' title='bbox 813 3977 1002 4025; x_wconf 88' lang='lat' dir='ltr'><strong>eorum,</strong></span> <span class='ocrx_word' id='word_1_436' title='bbox 1014 3978 1136 4026; x_wconf 85' lang='lat' dir='ltr'><strong>quae</strong></span> <span class='ocrx_word' id='word_1_437' title='bbox 1156 3966 1217 4012; x_wconf 86' lang='lat' dir='ltr'><strong>de</strong></span> <span class='ocrx_word' id='word_1_438' title='bbox 1236 3966 1630 4025; x_wconf 79' lang='lat' dir='ltr'><strong>usucapionibus,</strong></span> <span class='ocrx_word' id='word_1_439' title='bbox 1651 3966 1712 4011; x_wconf 86' lang='lat' dir='ltr'><strong>de</strong></span> <span class='ocrx_word' id='word_1_440' title='bbox 1728 3965 1810 4011; x_wconf 87' lang='lat' dir='ltr'><strong>he·</strong></span> <span class='ocrx_word' id='word_1_441' title='bbox 1870 3959 2059 4021; x_wconf 78' lang='lat' dir='ltr'><strong>quz&#39;b.)‚</strong></span> <span class='ocrx_word' id='word_1_442' title='bbox 2098 3987 2155 3996; x_wconf 91' lang='lat'><strong>--</strong></span> <span class='ocrx_word' id='word_1_443' title='bbox 2179 3965 2334 4021; x_wconf 74' lang='lat' dir='ltr'><strong>legem</strong></span> <span class='ocrx_word' id='word_1_444' title='bbox 2358 3974 2416 4009; x_wconf 91' lang='lat' dir='ltr'><strong>eo</strong></span> <span class='ocrx_word' id='word_1_445' title='bbox 2457 3974 2601 4009; x_wconf 83' lang='lat' dir='ltr'><strong>sensu</strong></span> <span class='ocrx_word' id='word_1_446' title='bbox 2641 3963 2794 4021; x_wconf 85' lang='lat' dir='ltr'><strong>accipi</strong></span> <span class='ocrx_word' id='word_1_447' title='bbox 2830 3967 3074 4019; x_wconf 84' lang='lat' dir='ltr'><strong>oportere,</strong></span> <span class='ocrx_word' id='word_1_448' title='bbox 3113 3971 3239 4019; x_wconf 83' lang='lat' dir='ltr'><strong>quae</strong></span> 
     </span>
     <span class='ocr_line' id='line_1_38' title="bbox 436 4021 3057 4091; baseline -0.003 -17"><span class='ocrx_word' id='word_1_449' title='bbox 436 4027 757 4090; x_wconf 62' lang='lat' dir='ltr'><strong>recitantibus,</strong></span> <span class='ocrx_word' id='word_1_450' title='bbox 780 4031 841 4075; x_wconf 88' lang='lat' dir='ltr'><strong>de</strong></span> <span class='ocrx_word' id='word_1_451' title='bbox 860 4030 1106 4091; x_wconf 36' lang='lat' dir='ltr'><strong>‚tutoribus</strong></span> <span class='ocrx_word' id='word_1_452' title='bbox 1147 4028 1329 4073; x_wconf 86' lang='lat' dir='ltr'><strong>sancita</strong></span> <span class='ocrx_word' id='word_1_453' title='bbox 1361 4032 1530 4086; x_wconf 82' lang='lat' dir='ltr'><strong>erant,</strong></span> <span class='ocrx_word' id='word_1_454' title='bbox 1563 4030 1625 4074; x_wconf 88' lang='lat' dir='ltr'><strong>ad</strong></span> <span class='ocrx_word' id='word_1_455' title='bbox 1663 4038 1806 4084; x_wconf 86' lang='lat' dir='ltr'><strong>prae·</strong></span> <span class='ocrx_word' id='word_1_456' title='bbox 1871 4025 2255 4082; x_wconf 85' lang='lat' dir='ltr'><strong>novissimijuris</strong></span> <span class='ocrx_word' id='word_1_457' title='bbox 2272 4025 2452 4073; x_wconf 84' lang='lat' dir='ltr'><strong>rationi</strong></span> <span class='ocrx_word' id='word_1_458' title='bbox 2469 4026 2728 4072; x_wconf 84' lang='lat' dir='ltr'><strong>conveniat</strong></span> <span class='ocrx_word' id='word_1_459' title='bbox 2748 4027 2792 4082; x_wconf 69' lang='grc' dir='ltr'><strong>(ς</strong></span> <span class='ocrx_word' id='word_1_460' title='bbox 2809 4021 2890 4072; x_wconf 82' lang='grc'><strong>66.</strong></span> <span class='ocrx_word' id='word_1_461' title='bbox 2908 4023 2957 4069; x_wconf 90' lang='lat' dir='ltr'><strong>in</strong></span> <span class='ocrx_word' id='word_1_462' title='bbox 2979 4022 3057 4080; x_wconf 58' lang='grc' dir='ltr'><strong>ᾗ).</strong></span> 
     </span>
     <span class='ocr_line' id='line_1_39' title="bbox 433 4090 2876 4150; baseline 0 -14"><span class='ocrx_word' id='word_1_463' title='bbox 433 4090 739 4149; x_wconf 81' lang='lat' dir='ltr'><strong>scriptiones,</strong></span> <span class='ocrx_word' id='word_1_464' title='bbox 753 4092 815 4137; x_wconf 89' lang='lat' dir='ltr'><strong>ad</strong></span> <span class='ocrx_word' id='word_1_465' title='bbox 832 4091 1072 4139; x_wconf 84' lang='lat' dir='ltr'><strong>bonorum</strong></span> <span class='ocrx_word' id='word_1_466' title='bbox 1097 4091 1419 4149; x_wconf 83' lang='lat' dir='ltr'><strong>possessiones</strong></span> <span class='ocrx_word' id='word_1_467' title='bbox 1433 4126 1449 4150; x_wconf 88' lang='lat'>‚</span> <span class='ocrx_word' id='word_1_468' title='bbox 1471 4091 1534 4137; x_wconf 89' lang='lat' dir='ltr'><strong>ad</strong></span> <span class='ocrx_word' id='word_1_469' title='bbox 1555 4095 1808 4137; x_wconf 85' lang='lat' dir='ltr'><strong>curatores</strong></span> <span class='ocrx_word' id='word_1_470' title='bbox 2869 4111 2876 4119; x_wconf 93' lang='lat'>·</span> 
     </span>
     <span class='ocr_line' id='line_1_40' title="bbox 435 4147 2614 4213; baseline -0 -15"><span class='ocrx_word' id='word_1_471' title='bbox 435 4151 779 4212; x_wconf 82' lang='lat' dir='ltr'><strong>translatione3</strong></span> <span class='ocrx_word' id='word_1_472' title='bbox 801 4166 898 4211; x_wconf 88' lang='lat' dir='ltr'><strong>quo</strong></span> <span class='ocrx_word' id='word_1_473' title='bbox 920 4155 971 4202; x_wconf 85' lang='lat' dir='ltr'><strong>in</strong></span> <span class='ocrx_word' id='word_1_474' title='bbox 989 4165 1164 4213; x_wconf 77' lang='lat' dir='ltr'><strong>genere</strong></span> <span class='ocrx_word' id='word_1_475' title='bbox 1183 4155 1333 4199; x_wconf 86' lang='lat' dir='ltr'><strong>scatet</strong></span> <span class='ocrx_word' id='word_1_476' title='bbox 1359 4154 1591 4212; x_wconf 83' lang='lat' dir='ltr'><strong>exemplis</strong></span> <span class='ocrx_word' id='word_1_477' title='bbox 1607 4151 1687 4208; x_wconf 78' lang='lat' dir='ltr'><strong>jus</strong></span> <span class='ocrx_word' id='word_1_478' title='bbox 1710 4153 1806 4199; x_wconf 80' lang='lat' dir='ltr'><strong>Ro·</strong></span> <span class='ocrx_word' id='word_1_479' title='bbox 2490 4154 2517 4208; x_wconf 75' lang='lat' dir='ltr'><strong>s</strong></span> <span class='ocrx_word' id='word_1_480' title='bbox 2535 4147 2614 4197; x_wconf 84' lang='grc'><strong>68.</strong></span> 
     </span>
     <span class='ocr_line' id='line_1_41' title="bbox 436 4221 3046 4261; baseline -0.003 0"><span class='ocrx_word' id='word_1_481' title='bbox 436 4226 658 4261; x_wconf 82' lang='lat' dir='ltr'><strong>manum.</strong></span> <span class='ocrx_word' id='word_1_482' title='bbox 1698 4245 1701 4248; x_wconf 46' lang='lat'><strong>&gt;</strong></span> <span class='ocrx_word' id='word_1_483' title='bbox 3045 4221 3046 4228; x_wconf 52' lang='lat'>¹</span> 
     </span>
    </p>

    <p class='ocr_par' dir='ltr' id='par_1_11' title="bbox 437 4271 3248 4777">
     <span class='ocr_line' id='line_1_42' title="bbox 502 4271 3248 4335; baseline -0.003 -12"><span class='ocrx_word' id='word_1_484' title='bbox 502 4278 550 4335; x_wconf 76' lang='lat'><strong>3)</strong></span> <span class='ocrx_word' id='word_1_485' title='bbox 582 4277 724 4323; x_wconf 83' lang='lat' dir='ltr'><strong>velut</strong></span> <span class='ocrx_word' id='word_1_486' title='bbox 744 4276 930 4323; x_wconf 84' lang='lat' dir='ltr'><strong>ratione</strong></span> <span class='ocrx_word' id='word_1_487' title='bbox 951 4279 1043 4326; x_wconf 83' lang='lat' dir='ltr'><strong>hac</strong></span> <span class='ocrx_word' id='word_1_488' title='bbox 1064 4296 1075 4326; x_wconf 71' lang='grc' dir='ltr'>ι</span> <span class='ocrx_word' id='word_1_489' title='bbox 1104 4294 1129 4322; x_wconf 75' lang='grc' dir='ltr'><strong>ιι</strong></span> <span class='ocrx_word' id='word_1_490' title='bbox 1146 4278 1229 4326; x_wconf 90' lang='lat' dir='ltr'><strong>ubi</strong></span> <span class='ocrx_word' id='word_1_491' title='bbox 1250 4278 1561 4326; x_wconf 82' lang='lat' dir='ltr'><strong>successionis</strong></span> <span class='ocrx_word' id='word_1_492' title='bbox 1581 4281 1655 4322; x_wconf 84' lang='lat' dir='ltr'><strong>est</strong></span> <span class='ocrx_word' id='word_1_493' title='bbox 1675 4288 1807 4324; x_wconf 87' lang='lat' dir='ltr'><strong>emo·</strong></span> <span class='ocrx_word' id='word_1_494' title='bbox 1934 4275 1978 4331; x_wconf 81' lang='lat'><strong>¹)</strong></span> <span class='ocrx_word' id='word_1_495' title='bbox 1999 4275 2107 4321; x_wconf 83' lang='lat' dir='ltr'><strong>vid.</strong></span> <span class='ocrx_word' id='word_1_496' title='bbox 2134 4277 2234 4324; x_wconf 73' lang='lat' dir='ltr'><strong>Cle.</strong></span> <span class='ocrx_word' id='word_1_497' title='bbox 2258 4274 2318 4320; x_wconf 88' lang='lat' dir='ltr'><strong>de</strong></span> <span class='ocrx_word' id='word_1_498' title='bbox 2337 4287 2412 4321; x_wconf 91' lang='lat' dir='ltr'><strong>or.</strong></span> <span class='ocrx_word' id='word_1_499' title='bbox 2433 4275 2470 4320; x_wconf 89' lang='lat'><strong>1.</strong></span> <span class='ocrx_word' id='word_1_500' title='bbox 2494 4272 2697 4321; x_wconf 77' lang='grc' dir='ltr'><strong>24.-Ι..</strong></span> <span class='ocrx_word' id='word_1_501' title='bbox 2725 4275 2809 4320; x_wconf 83' lang='lat' dir='ltr'><strong>fin.</strong></span> <span class='ocrx_word' id='word_1_502' title='bbox 2835 4274 2891 4318; x_wconf 88' lang='lat' dir='ltr'><strong>D.</strong></span> <span class='ocrx_word' id='word_1_503' title='bbox 2915 4271 2984 4317; x_wconf 83' lang='lat' dir='ltr'><strong>de</strong></span> <span class='ocrx_word' id='word_1_504' title='bbox 3004 4271 3122 4317; x_wconf 68' lang='lat' dir='ltr'><strong>lter.</strong></span> <span class='ocrx_word' id='word_1_505' title='bbox 3158 4272 3248 4317; x_wconf 83' lang='lat' dir='ltr'><strong>vel</strong></span> 
     </span>
     <span class='ocr_line' id='line_1_43' title="bbox 438 4333 3236 4397; baseline -0.003 -12"><span class='ocrx_word' id='word_1_506' title='bbox 438 4341 735 4397; x_wconf 82' lang='lat' dir='ltr'><strong>iumentum,</strong></span> <span class='ocrx_word' id='word_1_507' title='bbox 777 4339 843 4384; x_wconf 88' lang='lat' dir='ltr'><strong>ibi</strong></span> <span class='ocrx_word' id='word_1_508' title='bbox 864 4345 1045 4387; x_wconf 83' lang='lat' dir='ltr'><strong>tutelae</strong></span> <span class='ocrx_word' id='word_1_509' title='bbox 1060 4354 1185 4389; x_wconf 89' lang='lat' dir='ltr'><strong>onus</strong></span> <span class='ocrx_word' id='word_1_510' title='bbox 1204 4353 1308 4387; x_wconf 85' lang='lat' dir='ltr'><strong>esse</strong></span> <span class='ocrx_word' id='word_1_511' title='bbox 1328 4341 1473 4387; x_wconf 85' lang='lat' dir='ltr'><strong>debet</strong></span> <span class='ocrx_word' id='word_1_512' title='bbox 1506 4356 1531 4384; x_wconf 73' lang='lat' dir='ltr'><strong>n</strong></span> <span class='ocrx_word' id='word_1_513' title='bbox 1556 4341 1651 4397; x_wconf 84' lang='lat' dir='ltr'><strong>(T.</strong></span> <span class='ocrx_word' id='word_1_514' title='bbox 1688 4343 1805 4387; x_wconf 79' lang='lat' dir='ltr'><strong>inst.</strong></span> <span class='ocrx_word' id='word_1_515' title='bbox 1870 4341 1976 4384; x_wconf 83' lang='lat' dir='ltr'><strong>act.</strong></span> <span class='ocrx_word' id='word_1_516' title='bbox 2023 4336 2184 4384; x_wconf 83' lang='lat' dir='ltr'><strong>vend.</strong></span> <span class='ocrx_word' id='word_1_517' title='bbox 2207 4338 2398 4394; x_wconf 78' lang='lat' dir='ltr'><strong>(xvlll,</strong></span> <span class='ocrx_word' id='word_1_518' title='bbox 2421 4337 2487 4394; x_wconf 78' lang='lat'><strong>4.)</strong></span> <span class='ocrx_word' id='word_1_519' title='bbox 2509 4341 2557 4381; x_wconf 89' lang='lat' dir='ltr'><strong>et</strong></span> <span class='ocrx_word' id='word_1_520' title='bbox 2579 4333 2832 4385; x_wconf 72' lang='lat' dir='ltr'><strong>Bm&#39;ssonii</strong></span> <span class='ocrx_word' id='word_1_521' title='bbox 2864 4346 2987 4392; x_wconf 86' lang='lat' dir='ltr'><strong>opus</strong></span> <span class='ocrx_word' id='word_1_522' title='bbox 3005 4335 3066 4379; x_wconf 88' lang='lat' dir='ltr'><strong>de</strong></span> <span class='ocrx_word' id='word_1_523' title='bbox 3101 4335 3157 4379; x_wconf 81' lang='lat' dir='ltr'><strong>V.</strong></span> <span class='ocrx_word' id='word_1_524' title='bbox 3190 4335 3236 4379; x_wconf 83' lang='lat' dir='ltr'><strong>S.</strong></span> 
     </span>
     <span class='ocr_line' id='line_1_44' title="bbox 441 4394 3238 4463; baseline -0.003 -16"><span class='ocrx_word' id='word_1_525' title='bbox 441 4400 508 4447; x_wconf 78' lang='lat' dir='ltr'><strong>de</strong></span> <span class='ocrx_word' id='word_1_526' title='bbox 527 4402 751 4462; x_wconf 73' lang='lat' dir='ltr'><strong>leqitima</strong></span> <span class='ocrx_word' id='word_1_527' title='bbox 767 4404 1118 4458; x_wconf 77' lang='lat' dir='ltr'><strong>patronorum</strong></span> <span class='ocrx_word' id='word_1_528' title='bbox 1142 4410 1241 4451; x_wconf 80' lang='lat' dir='ltr'><strong>tut.</strong></span> <span class='ocrx_word' id='word_1_529' title='bbox 1269 4406 1318 4450; x_wconf 90' lang='lat' dir='ltr'><strong>in</strong></span> <span class='ocrx_word' id='word_1_530' title='bbox 1340 4405 1445 4463; x_wconf 75' lang='lat' dir='ltr'><strong>tin.)</strong></span> <span class='ocrx_word' id='word_1_531' title='bbox 1458 4437 1474 4459; x_wconf 87' lang='lat'><strong>,</strong></span> <span class='ocrx_word' id='word_1_532' title='bbox 1498 4404 1728 4450; x_wconf 82' lang='lat' dir='ltr'><strong>translata</strong></span> <span class='ocrx_word' id='word_1_533' title='bbox 1746 4405 1808 4449; x_wconf 82' lang='lat' dir='ltr'><strong>ad</strong></span> <span class='ocrx_word' id='word_1_534' title='bbox 1872 4409 1987 4445; x_wconf 76' lang='lat' dir='ltr'><strong>voce</strong></span> <span class='ocrx_word' id='word_1_535' title='bbox 2001 4411 2167 4460; x_wconf 75' lang='lat' dir='ltr'><strong>aqere</strong></span> <span class='ocrx_word' id='word_1_536' title='bbox 2182 4398 2715 4457; x_wconf 73' lang='lat' dir='ltr'><strong>§14.—-Cf.Weberad</strong></span> <span class='ocrx_word' id='word_1_537' title='bbox 2727 4394 3238 4455; x_wconf 69' lang='lat' dir='ltr'><strong>Hoepfnersslteoret.</strong></span> 
     </span>
     <span class='ocr_line' id='line_1_45' title="bbox 439 4458 3242 4525; baseline -0.001 -16"><span class='ocrx_word' id='word_1_538' title='bbox 439 4474 619 4510; x_wconf 80' lang='lat' dir='ltr'><strong>novum</strong></span> <span class='ocrx_word' id='word_1_539' title='bbox 636 4466 861 4511; x_wconf 83' lang='lat' dir='ltr'><strong>ordinem</strong></span> <span class='ocrx_word' id='word_1_540' title='bbox 877 4467 1189 4512; x_wconf 73' lang='lat' dir='ltr'><strong>successionis</strong></span> <span class='ocrx_word' id='word_1_541' title='bbox 1210 4467 1273 4513; x_wconf 85' lang='lat' dir='ltr'><strong>ab</strong></span> <span class='ocrx_word' id='word_1_542' title='bbox 1291 4468 1519 4514; x_wconf 82' lang='lat' dir='ltr'><strong>intestato</strong></span> <span class='ocrx_word' id='word_1_543' title='bbox 1535 4501 1549 4525; x_wconf 85' lang='lat'><strong>.,</strong></span> <span class='ocrx_word' id='word_1_544' title='bbox 1566 4467 1684 4511; x_wconf 81' lang='lat' dir='ltr'><strong>Nov.</strong></span> <span class='ocrx_word' id='word_1_545' title='bbox 1707 4464 1799 4512; x_wconf 81' lang='lat'><strong>118</strong></span> <span class='ocrx_word' id='word_1_546' title='bbox 1862 4467 2013 4522; x_wconf 78' lang='lat' dir='ltr'><strong>praet.</strong></span> <span class='ocrx_word' id='word_1_547' title='bbox 2026 4467 2336 4510; x_wconf 75' lang='lat' dir='ltr'><strong>commentar</strong></span> <span class='ocrx_word' id='word_1_548' title='bbox 2349 4460 2473 4508; x_wconf 79' lang='lat' dir='ltr'><strong>uber</strong></span> <span class='ocrx_word' id='word_1_549' title='bbox 2491 4462 2568 4507; x_wconf 87' lang='lat' dir='ltr'><strong>die</strong></span> <span class='ocrx_word' id='word_1_550' title='bbox 2585 4461 2956 4508; x_wconf 78' lang='lat' dir='ltr'><strong>Heinecciscben</strong></span> <span class='ocrx_word' id='word_1_551' title='bbox 2968 4458 3242 4503; x_wconf 81' lang='lat' dir='ltr'><strong>Institutio—</strong></span> 
     </span>
     <span class='ocr_line' id='line_1_46' title="bbox 440 4523 2102 4585; baseline -0.001 -13"><span class='ocrx_word' id='word_1_552' title='bbox 440 4537 486 4574; x_wconf 87' lang='lat' dir='ltr'><strong>c.</strong></span> <span class='ocrx_word' id='word_1_553' title='bbox 527 4523 573 4572; x_wconf 81' lang='lat'><strong>5.</strong></span> <span class='ocrx_word' id='word_1_554' title='bbox 615 4551 670 4560; x_wconf 92' lang='lat'><em>-</em></span> <span class='ocrx_word' id='word_1_555' title='bbox 696 4527 851 4574; x_wconf 83' lang='lat' dir='ltr'><strong>simili</strong></span> <span class='ocrx_word' id='word_1_556' title='bbox 902 4528 1112 4585; x_wconf 86' lang='lat' dir='ltr'><strong>quadam</strong></span> <span class='ocrx_word' id='word_1_557' title='bbox 1176 4529 1367 4577; x_wconf 86' lang='lat' dir='ltr'><strong>ratione</strong></span> <span class='ocrx_word' id='word_1_558' title='bbox 1402 4530 1454 4575; x_wconf 87' lang='lat' dir='ltr'><strong>L.</strong></span> <span class='ocrx_word' id='word_1_559' title='bbox 1495 4525 1546 4575; x_wconf 85' lang='lat'><strong>9.</strong></span> <span class='ocrx_word' id='word_1_560' title='bbox 1583 4531 1610 4584; x_wconf 75' lang='lat' dir='ltr'><strong>S</strong></span> <span class='ocrx_word' id='word_1_561' title='bbox 1651 4529 1698 4574; x_wconf 85' lang='grc'><strong>1.</strong></span> <span class='ocrx_word' id='word_1_562' title='bbox 1740 4531 1791 4576; x_wconf 90' lang='lat' dir='ltr'><strong>D.</strong></span> <span class='ocrx_word' id='word_1_563' title='bbox 1861 4536 1956 4572; x_wconf 84' lang='lat' dir='ltr'><strong>nen</strong></span> <span class='ocrx_word' id='word_1_564' title='bbox 1978 4528 2005 4581; x_wconf 72' lang='grc' dir='ltr'>ς</span> <span class='ocrx_word' id='word_1_565' title='bbox 2022 4523 2102 4571; x_wconf 85' lang='grc'><strong>26.</strong></span> 
     </span>
     <span class='ocr_line' id='line_1_47' title="bbox 441 4582 3237 4649; baseline -0.003 -12"><span class='ocrx_word' id='word_1_566' title='bbox 441 4590 510 4637; x_wconf 81' lang='lat' dir='ltr'><strong>de</strong></span> <span class='ocrx_word' id='word_1_567' title='bbox 528 4589 712 4636; x_wconf 80' lang='lat' dir='ltr'><strong>donat.</strong></span> <span class='ocrx_word' id='word_1_568' title='bbox 735 4590 749 4645; x_wconf 99' lang='lat'>(</span> <span class='ocrx_word' id='word_1_569' title='bbox 775 4591 982 4649; x_wconf 82' lang='lat' dir='ltr'><strong>xxxix,</strong></span> <span class='ocrx_word' id='word_1_570' title='bbox 1003 4589 1050 4637; x_wconf 80' lang='lat'><strong>5.</strong></span> <span class='ocrx_word' id='word_1_571' title='bbox 1072 4593 1088 4648; x_wconf 94' lang='lat'><em>)</em></span> <span class='ocrx_word' id='word_1_572' title='bbox 1119 4595 1212 4636; x_wconf 85' lang='lat' dir='ltr'><strong>etc.</strong></span> <span class='ocrx_word' id='word_1_573' title='bbox 1237 4596 1299 4639; x_wconf 82' lang='lat' dir='ltr'><strong>ad</strong></span> <span class='ocrx_word' id='word_1_574' title='bbox 1322 4591 1631 4638; x_wconf 78' lang='lat' dir='ltr'><strong>novissimam</strong></span> <span class='ocrx_word' id='word_1_575' title='bbox 1650 4591 1800 4636; x_wconf 85' lang='lat' dir='ltr'><strong>doua-</strong></span> <span class='ocrx_word' id='word_1_576' title='bbox 1925 4587 1972 4645; x_wconf 87' lang='grc'><strong>2)</strong></span> <span class='ocrx_word' id='word_1_577' title='bbox 2007 4589 2144 4636; x_wconf 87' lang='lat' dir='ltr'><strong>Unde</strong></span> <span class='ocrx_word' id='word_1_578' title='bbox 2164 4587 2309 4634; x_wconf 87' lang='lat' dir='ltr'><strong>toties</strong></span> <span class='ocrx_word' id='word_1_579' title='bbox 2333 4586 2434 4637; x_wconf 89' lang='lat' dir='ltr'><strong>JCti</strong></span> <span class='ocrx_word' id='word_1_580' title='bbox 2450 4586 2651 4634; x_wconf 84' lang='lat' dir='ltr'><strong>Romani</strong></span> <span class='ocrx_word' id='word_1_581' title='bbox 2670 4588 2876 4632; x_wconf 88' lang='lat' dir='ltr'><strong>utuntur</strong></span> <span class='ocrx_word' id='word_1_582' title='bbox 2887 4584 3098 4631; x_wconf 69' lang='lat' dir='ltr'><strong>formula</strong></span> <span class='ocrx_word' id='word_1_583' title='bbox 3119 4582 3237 4628; x_wconf 82' lang='lat' dir='ltr'><strong>hac:</strong></span> 
     </span>
     <span class='ocr_line' id='line_1_48' title="bbox 438 4645 3243 4712; baseline -0.004 -12"><span class='ocrx_word' id='word_1_584' title='bbox 438 4657 627 4700; x_wconf 81' lang='lat' dir='ltr'><strong>tionum</strong></span> <span class='ocrx_word' id='word_1_585' title='bbox 644 4663 810 4698; x_wconf 85' lang='lat' dir='ltr'><strong>earum</strong></span> <span class='ocrx_word' id='word_1_586' title='bbox 828 4684 843 4708; x_wconf 90' lang='lat'><strong>,</strong></span> <span class='ocrx_word' id='word_1_587' title='bbox 863 4664 987 4709; x_wconf 86' lang='lat' dir='ltr'><strong>qnae</strong></span> <span class='ocrx_word' id='word_1_588' title='bbox 1004 4664 1149 4712; x_wconf 88' lang='lat' dir='ltr'><strong>supra</strong></span> <span class='ocrx_word' id='word_1_589' title='bbox 1168 4655 1365 4700; x_wconf 86' lang='lat' dir='ltr'><strong>modum</strong></span> <span class='ocrx_word' id='word_1_590' title='bbox 1402 4654 1522 4699; x_wconf 78' lang='lat' dir='ltr'><strong>flant</strong></span> <span class='ocrx_word' id='word_1_591' title='bbox 1535 4687 1549 4712; x_wconf 90' lang='lat'>‚</span> <span class='ocrx_word' id='word_1_592' title='bbox 1592 4654 1800 4699; x_wconf 68' lang='lat' dir='ltr'><strong>formam</strong></span> <span class='ocrx_word' id='word_1_593' title='bbox 1864 4651 2159 4697; x_wconf 79' lang='lat' dir='ltr'><strong>secundum</strong></span> <span class='ocrx_word' id='word_1_594' title='bbox 2169 4661 2256 4712; x_wconf 83' lang='lat' dir='ltr'><strong>ea,</strong></span> <span class='ocrx_word' id='word_1_595' title='bbox 2279 4662 2422 4709; x_wconf 83' lang='lat' dir='ltr'><strong>quae</strong></span> <span class='ocrx_word' id='word_1_596' title='bbox 2436 4652 2887 4710; x_wconf 79' lang='lat' dir='ltr'><strong>proponerentur,</strong></span> <span class='ocrx_word' id='word_1_597' title='bbox 2915 4648 3154 4705; x_wconf 79' lang='lat' dir='ltr'><strong>hujusque</strong></span> <span class='ocrx_word' id='word_1_598' title='bbox 3175 4645 3243 4690; x_wconf 84' lang='lat' dir='ltr'><strong>si·</strong></span> 
     </span>
     <span class='ocr_line' id='line_1_49' title="bbox 437 4713 2081 4777; baseline -0.001 -15"><span class='ocrx_word' id='word_1_599' title='bbox 437 4715 891 4777; x_wconf 69' lang='lat' dir='ltr'><strong>potes-ntransferri</strong></span> <span class='ocrx_word' id='word_1_600' title='bbox 913 4715 995 4773; x_wconf 69' lang='lat' dir='ltr'><strong>(cf.</strong></span> <span class='ocrx_word' id='word_1_601' title='bbox 1010 4715 1076 4762; x_wconf 80' lang='lat' dir='ltr'><strong>de</strong></span> <span class='ocrx_word' id='word_1_602' title='bbox 1096 4715 1326 4774; x_wconf 60' lang='lat' dir='ltr'><strong>Saviqm</strong></span> <span class='ocrx_word' id='word_1_603' title='bbox 1346 4716 1489 4763; x_wconf 88' lang='lat' dir='ltr'><strong>diatr.</strong></span> <span class='ocrx_word' id='word_1_604' title='bbox 1512 4717 1596 4761; x_wconf 87' lang='lat' dir='ltr'><strong>cit.</strong></span> <span class='ocrx_word' id='word_1_605' title='bbox 1615 4715 1676 4760; x_wconf 82' lang='lat' dir='ltr'><strong>dc</strong></span> <span class='ocrx_word' id='word_1_606' title='bbox 1699 4718 1804 4772; x_wconf 75' lang='lat' dir='ltr'><strong>lege</strong></span> <span class='ocrx_word' id='word_1_607' title='bbox 1866 4713 2081 4760; x_wconf 84' lang='lat' dir='ltr'><strong>milibus.</strong></span> 
     </span>
    </p>

    <p class='ocr_par' dir='ltr' id='par_1_12' title="bbox 437 4773 3241 4895">
     <span class='ocr_line' id='line_1_50' title="bbox 437 4773 3241 4838; baseline -0.004 -11"><span class='ocrx_word' id='word_1_608' title='bbox 437 4778 603 4827; x_wconf 79' lang='lat' dir='ltr'><strong>Cincin</strong></span> <span class='ocrx_word' id='word_1_609' title='bbox 638 4787 688 4836; x_wconf 85' lang='lat' dir='ltr'><strong>p.</strong></span> <span class='ocrx_word' id='word_1_610' title='bbox 722 4776 785 4825; x_wconf 76' lang='lat'><strong>⁴2</strong></span> <span class='ocrx_word' id='word_1_611' title='bbox 820 4780 966 4838; x_wconf 80' lang='lat' dir='ltr'><strong>sqq.)</strong></span> <span class='ocrx_word' id='word_1_612' title='bbox 995 4784 1046 4824; x_wconf 87' lang='lat' dir='ltr'><strong>et</strong></span> <span class='ocrx_word' id='word_1_613' title='bbox 1086 4789 1210 4837; x_wconf 83' lang='lat' dir='ltr'><strong>quae</strong></span> <span class='ocrx_word' id='word_1_614' title='bbox 1231 4785 1346 4826; x_wconf 86' lang='lat' dir='ltr'><strong>sunt</strong></span> <span class='ocrx_word' id='word_1_615' title='bbox 1365 4791 1504 4826; x_wconf 83' lang='lat' dir='ltr'><strong>exeo</strong></span> <span class='ocrx_word' id='word_1_616' title='bbox 1525 4788 1702 4835; x_wconf 73' lang='lat' dir='ltr'><strong>genere</strong></span> <span class='ocrx_word' id='word_1_617' title='bbox 1735 4779 1804 4823; x_wconf 87' lang='lat' dir='ltr'><strong>si·</strong></span> <span class='ocrx_word' id='word_1_618' title='bbox 1926 4777 1973 4834; x_wconf 77' lang='lat'><strong>3)</strong></span> <span class='ocrx_word' id='word_1_619' title='bbox 2007 4777 2114 4822; x_wconf 86' lang='lat' dir='ltr'><strong>vid.</strong></span> <span class='ocrx_word' id='word_1_620' title='bbox 2153 4774 2417 4822; x_wconf 80' lang='lat' dir='ltr'><strong>Hauboldi</strong></span> <span class='ocrx_word' id='word_1_621' title='bbox 2431 4776 2493 4822; x_wconf 89' lang='lat' dir='ltr'><strong>de</strong></span> <span class='ocrx_word' id='word_1_622' title='bbox 2512 4785 2786 4834; x_wconf 85' lang='lat' dir='ltr'><strong>responsor.</strong></span> <span class='ocrx_word' id='word_1_623' title='bbox 2828 4774 3035 4820; x_wconf 88' lang='lat' dir='ltr'><strong>medior.</strong></span> <span class='ocrx_word' id='word_1_624' title='bbox 3059 4773 3110 4817; x_wconf 88' lang='lat' dir='ltr'><strong>in</strong></span> <span class='ocrx_word' id='word_1_625' title='bbox 3132 4773 3241 4828; x_wconf 75' lang='lat' dir='ltr'><strong>Dig.</strong></span> 
     </span>
     <span class='ocr_line' id='line_1_51' title="bbox 437 4833 3239 4895; baseline -0.004 -7"><span class='ocrx_word' id='word_1_626' title='bbox 437 4843 592 4890; x_wconf 85' lang='lat' dir='ltr'><strong>milia.</strong></span> <span class='ocrx_word' id='word_1_627' title='bbox 1865 4837 2049 4885; x_wconf 84' lang='lat' dir='ltr'><strong>obvior.</strong></span> <span class='ocrx_word' id='word_1_628' title='bbox 2073 4840 2329 4895; x_wconf 83' lang='lat' dir='ltr'><strong>interpret.</strong></span> <span class='ocrx_word' id='word_1_629' title='bbox 2354 4840 2545 4886; x_wconf 83' lang='lat' dir='ltr'><strong>observ.</strong></span> <span class='ocrx_word' id='word_1_630' title='bbox 2569 4851 2613 4884; x_wconf 93' lang='lat' dir='ltr'><strong>c.</strong></span> <span class='ocrx_word' id='word_1_631' title='bbox 2639 4839 2696 4883; x_wconf 86' lang='lat' dir='ltr'><strong>ll.</strong></span> <span class='ocrx_word' id='word_1_632' title='bbox 2720 4840 2745 4894; x_wconf 79' lang='grc' dir='ltr'>ς</span> <span class='ocrx_word' id='word_1_633' title='bbox 2766 4833 2815 4881; x_wconf 90' lang='grc'><strong>9.</strong></span> <span class='ocrx_word' id='word_1_634' title='bbox 2840 4836 2889 4880; x_wconf 86' lang='lat' dir='ltr'><strong>in</strong></span> <span class='ocrx_word' id='word_1_635' title='bbox 2913 4837 2949 4882; x_wconf 75' lang='lat' dir='ltr'><strong>f.</strong></span> <span class='ocrx_word' id='word_1_636' title='bbox 2978 4860 3032 4868; x_wconf 90' lang='lat'><strong>—-</strong></span> <span class='ocrx_word' id='word_1_637' title='bbox 3058 4836 3118 4880; x_wconf 81' lang='grc' dir='ltr'><strong>Ν.</strong></span> <span class='ocrx_word' id='word_1_638' title='bbox 3150 4836 3239 4880; x_wconf 72' lang='lat' dir='ltr'><strong>Th.</strong></span> 
     </span>
    </p>

    <p class='ocr_par' dir='ltr' id='par_1_13' title="bbox 502 4893 3248 4964">
     <span class='ocr_line' id='line_1_52' title="bbox 502 4893 3248 4964; baseline -0.003 -11"><span class='ocrx_word' id='word_1_639' title='bbox 502 4901 549 4964; x_wconf 74' lang='lat'><strong>4)</strong></span> <span class='ocrx_word' id='word_1_640' title='bbox 581 4904 808 4963; x_wconf 79' lang='lat' dir='ltr'><strong>Exemplo</strong></span> <span class='ocrx_word' id='word_1_641' title='bbox 826 4904 933 4950; x_wconf 81' lang='lat' dir='ltr'><strong>loco</strong></span> <span class='ocrx_word' id='word_1_642' title='bbox 952 4905 1051 4950; x_wconf 78' lang='lat' dir='ltr'><strong>sint</strong></span> <span class='ocrx_word' id='word_1_643' title='bbox 1075 4916 1086 4946; x_wconf 71' lang='grc' dir='ltr'>ε</span> <span class='ocrx_word' id='word_1_644' title='bbox 1114 4905 1163 4950; x_wconf 91' lang='lat' dir='ltr'><strong>L.</strong></span> <span class='ocrx_word' id='word_1_645' title='bbox 1187 4901 1265 4951; x_wconf 87' lang='grc'><strong>29.</strong></span> <span class='ocrx_word' id='word_1_646' title='bbox 1290 4904 1344 4950; x_wconf 93' lang='lat' dir='ltr'><strong>D.</strong></span> <span class='ocrx_word' id='word_1_647' title='bbox 1369 4903 1436 4950; x_wconf 81' lang='lat' dir='ltr'><strong>de</strong></span> <span class='ocrx_word' id='word_1_648' title='bbox 1454 4913 1640 4959; x_wconf 70' lang='lat' dir='ltr'><strong>usurp.</strong></span> <span class='ocrx_word' id='word_1_649' title='bbox 1665 4902 1802 4964; x_wconf 78' lang='lat' dir='ltr'><strong>(xm,</strong></span> <span class='ocrx_word' id='word_1_650' title='bbox 1866 4905 2110 4949; x_wconf 75' lang='lat' dir='ltr'><strong>Goenner</strong></span> <span class='ocrx_word' id='word_1_651' title='bbox 2120 4902 2421 4948; x_wconf 74' lang='lat' dir='ltr'><strong>Grundsatze</strong></span> <span class='ocrx_word' id='word_1_652' title='bbox 2434 4902 2520 4948; x_wconf 87' lang='lat' dir='ltr'><strong>der</strong></span> <span class='ocrx_word' id='word_1_653' title='bbox 2535 4893 3248 4957; x_wconf 77' lang='lat' dir='ltr'><strong>jurist.Praxis(Bamb.1796.)</strong></span> 
     </span>
    </p>
   </div>
  </div>
 </body>
</html>
