3544 5506
2975 333 3084 387 5255

271 451 629 510 communis
655 457 751 510 est
774 466 971 511 causa
1005 466 1155 512 cum
1188 453 1471 522 minore,
1502 453 1654 512 socii
1693 453 2075 512 beneficium
2101 453 2451 527 quidquam
2479 457 2744 528 prodest
2782 453 2855 532 ³),
2884 473 3074 529 prae⁴

273 554 575 622 terquam
616 550 666 608 si
708 547 1029 610 individua
1065 559 1161 611 est
1190 567 1422 628 causa,
1453 559 1718 625 propter
1749 568 1945 627 quam
1974 553 2039 610 in
2071 553 2388 625 integrum
2428 551 2746 614 restitutio
2785 555 3069 628 imperti-

270 653 384 705 tur
404 645 472 723 ⁴).
495 652 594 716 111)
620 650 789 709 Licet
804 666 960 709 vero
982 659 1049 710 et
1064 647 1388 711 minorum
1408 653 1472 711 in
1496 653 1815 725 integrum
1833 649 2150 712 restitutio
2165 697 2182 724 ,
2202 660 2518 726 quatenus
2545 654 2803 727 quidem
2829 658 3079 727 agendo

264 743 373 817 ius
393 761 581 805 suum
610 756 1039 823 prosequatur
1057 752 1266 811 laesus
1284 797 1301 822 ‚
1330 767 1447 824 per
1473 768 1542 810 se
1568 753 1826 826 quidem
1863 753 1927 810 in
1953 768 2290 826 personam
2323 755 2408 812 sit
2445 756 2798 813 remedium
2817 796 2833 823 ‚
2858 762 3077 815 tamen

270 845 463 905 certis
495 862 571 906 ex
600 849 805 908 causis
838 851 1030 909 etiam
1066 851 1130 908 in
1179 866 1315 909 rem
1345 852 1484 910 dari
1517 852 1675 910 solet
1708 848 1782 924 ὅ).
1821 852 1918 927 IV)
1950 856 2149 925 Atque
2196 853 2321 911 hoc
2363 852 2554 911 etiam
2595 854 2790 925 magis
2828 854 3080 913 favetur

269 947 590 1005 minorum
617 964 848 1008 causae
865 993 882 1019 ,
908 966 1099 1023 quam
1130 951 1400 1009 aliorum
1422 995 1439 1021 ,
1473 952 1584 1024 qui
1613 951 1675 1009 in
1699 952 2023 1024 integrum
2043 952 2294 1009 restitui
2313 959 2541 1025 petunt
2562 996 2577 1022 ,
2606 954 2778 1025 quod
2803 955 3079 1025 plerum-

269 1061 400 1118 que
424 1062 556 1105 non
588 1050 858 1122 amplius
885 1051 1160 1109 reddere
1191 1052 1562 1109 adversario
1598 1066 1860 1110 necesse
1886 1051 2080 1109 habet
2107 1050 2349 1121 minor,
2394 1067 2591 1124 quam
2628 1058 2949 1124 quatenus
2979 1054 3078 1113 lo-

270 1147 593 1218 cupletior
635 1164 709 1206 ex
740 1164 815 1206 ea
843 1165 915 1206 re
952 1149 1158 1207 sactus
1192 1156 1289 1207 est
1314 1143 1395 1219 ⁶).
1426 1149 1501 1223 V)
1531 1144 1806 1208 Tollitur
1843 1156 2056 1207 autem
2082 1149 2147 1206 in
2172 1151 2492 1221 integrum
2542 1148 2955 1207 restitutionis
2971 1152 3077 1222 jus

269 1250 410 1303 tum
440 1261 519 1305 eo
539 1288 556 1313 ‚
590 1249 766 1320 quod
794 1250 1005 1322 major
1033 1248 1241 1307 sactus
1261 1250 1686 1308 ratihabuerit
1703 1294 1719 1318 ‚
1760 1266 1927 1323 quae
1954 1250 2202 1308 minore
2229 1256 2441 1308 aetate
2465 1256 2643 1321 gesta
2667 1255 2813 1307 sunt
2835 1246 2904 1320 ⁷),
2936 1256 3074 1309 tum

267 1358 427 1404 vero
450 1348 851 1419 quadriennii
892 1349 1397 1422 praescriptione
1418 1395 1434 1421 ,
1466 1346 1706 1409 scilicet
1733 1365 1811 1408 ex
1845 1365 1926 1408 eo
1951 1350 2097 1408 inde
2127 1357 2421 1422 tempore
2444 1349 2875 1421 computanda
2898 1396 2913 1420 ‚
2946 1363 3074 1422 quo

267 1448 380 1499 aut
395 1442 757 1501 vicesimum
781 1444 1074 1516 quintum
1102 1460 1341 1503 annum
1383 1447 1803 1519 compleverit
1831 1447 2044 1504 minor
2063 1487 2079 1513 ‚
2108 1451 2222 1503 aut
2244 1446 2492 1504 veniam
2519 1445 2744 1502 aetatis
2772 1445 3072 1518 impetra-

267 1538 433 1595 verit
451 1533 516 1613 ⁸)‚
538 1540 760 1612 utique
789 1539 838 1598 si
880 1556 1014 1599 non
1037 1518 1319 1600 herede!
1349 1541 1487 1614 ejus
1512 1557 1589 1600 ex
1612 1540 1897 1600 defuncti
1941 1555 2216 1613 persona
2258 1542 2320 1598 in
2349 1542 2667 1611 integrum
2696 1542 2940 1599 restitui
2969 1558 3070 1600 ve-

271 1633 394 1691 lint
429 1630 493 1705 ’).
531 1666 607 1676 —
641 1638 971 1694 Caeterum
1000 1631 1135 1694 aliis
1182 1652 1476 1710 quoque,
1525 1637 1726 1710 quiin
1762 1637 2084 1696 minorum
2130 1651 2399 1695 numero
2430 1650 2561 1693 non
2590 1642 2772 1705 sunt,
2807 1631 2974 1694 idem
3005 1639 3069 1697 in

265 1729 585 1801 integrum
639 1731 1055 1790 restitutionis
1095 1733 1474 1791 beneficium
1508 1777 1523 1803 ,
1569 1735 1669 1791 vel
1725 1735 1935 1806 legum
1983 1735 2083 1792 vel
2127 1732 2393 1791 forensis
2444 1747 2594 1790 usus
2646 1733 3029 1792 auctoritate
3052 1781 3069 1804 ‚

268 1826 671 1897 conceditur,
712 1830 888 1886 velut
909 1827 979 1885 iis
997 1870 1014 1903 ,
1045 1828 1168 1901 qui⁴
1188 1836 1447 1901 praeter
1469 1829 1749 1887 minores
1780 1845 1977 1888 curae
1997 1830 2418 1903 subjiciuntur
2443 1836 2794 1902 perpetuae
2823 1827 2913 1904 ¹⁰),
2934 1837 3069 1890 tum
3118 1851 3122 1857 ·

265 1923 461 1982 etiam
492 1923 910 1997 reipublicae,
943 1924 1296 1984 civitatibus
1319 1971 1335 1998 ‚
1368 1925 1481 1998 piis
1505 1926 1919 1998 corporibus,
1952 1926 2217 1999 aliisque
2239 1925 2753 1983 universitatibus
2785 1924 2878 2001 ιι).

1176 339 1308 383 CAP.
1349 341 1446 383 111.
1486 341 1563 382 1>ss
1597 339 1826 383 ‘ruma
1861 341 1931 383 tr
1968 340 2151 384 cmtA.

1047 2140 1151 2176 111².
1175 2141 1226 2173 V.
1262 2141 1324 2175 nx
1348 2141 1438 2189 80,
1459 2142 1544 2190 out
1565 2142 1661 2177 ΡΙΟ
1683 2142 1875 2177 ‘turolte
1900 2143 2111 2178 RBGO'HA
2132 2143 2298 2178 “nt-r.

261 2291 292 2364 ς
346 2288 491 2349 605.
540 2293 584 2348 1.
654 2291 739 2348 De
789 2288 1125 2367 obliqatione
1175 2299 1230 2350 et
1288 2289 1523 2359 actione,
1575 2307 1720 2368 quae
1784 2287 1940 2348 inter
1980 2289 2298 2367 qerentium
2343 2298 2400 2348 et
2450 2289 2740 2349 minorum
2796 2305 3068 2366 personas

1444 2386 1761 2447 intercedat
1788 2389 1882 2466 (⁴).

347 2588 471 2645 Pro
511 2593 726 2646 tutore
756 2583 1019 2659 negotia
1054 2589 1254 2660 gerit,
1298 2588 1444 2661 qui,
1478 2603 1628 2646 cum
1672 2592 1784 2645 aut
1826 2602 1957 2644 non
1995 2586 2076 2645 sit
2104 2592 2315 2654 tutor,
2347 2585 2476 2642 sive
2514 2585 2575 2642 id
2618 2586 2809 2655 sciat,
2843 2588 2973 2646 sive
2998 2603 3067 2646 se

265 2688 449 2752 putet
468 2688 746 2742 tutorem
764 2725 780 2752 ‚
811 2683 939 2741 sive
968 2684 1150 2742 desiit
1172 2699 1306 2742 esse
1335 2691 1512 2743 tutor
1539 2689 1652 2741 aut
1676 2689 1960 2742 tutorem
1984 2699 2051 2741 se
2077 2697 2213 2740 esse
2236 2683 2485 2753 ignoret
2502 2723 2518 2750 ‚
2552 2689 2767 2741 tamen
2797 2698 3066 2742 munere

262 2778 549 2851 fungitur
569 2781 800 2838 tutoris
826 2777 893 2853 ¹).
920 2784 1058 2838 Jam
1086 2795 1239 2838 vero
1265 2776 1315 2838 si
1344 2782 1393 2839 is
1417 2786 1511 2838 est
1529 2823 1547 2850 ,
1578 2795 1700 2851 pro
1732 2794 1863 2852 quo
1892 2782 2147 2851 negotia
2176 2785 2511 2850 geruntur,
2549 2779 2732 2852 cujus
2760 2786 2936 2838 aetas
2961 2796 3064 2839 re·

263 2874 419 2952 cipit
445 2886 724 2939 tutorem
753 2884 851 2939 vel
875 2889 1237 2941 curatorem
1255 2925 1270 2951 ‚
1303 2883 1626 2954 utrimque
1654 2883 1937 2940 nascitur
1961 2882 2322 2953 protutelae
2355 2877 2521 2940 actio
2550 2878 2618 2953 ²),
2660 2888 2792 2939 tam
2822 2882 3067 2940 directa

263 2995 461 3052 quam
489 2982 815 3040 contraria
858 2978 932 3056 8).
970 2986 1142 3057 Quae
1172 2998 1315 3041 cum
1362 2984 1423 3040 in
1455 2978 1590 3040 aliis
1620 2989 1715 3041 est
1756 2983 1998 3039 tutelae
2040 2980 2610 3043 actionisimillima
2639 2982 2709 3052 ⁴),
2743 2987 2879 3037 tum
2911 2996 3069 3040 vero

266 3090 344 3135 eo
366 3118 382 3144 ‚
420 3079 594 3149 quod
613 3118 629 3146 ,
657 3079 765 3151 qui
809 3094 930 3151 pro
972 3085 1190 3136 tutore
1219 3079 1467 3150 negotia
1496 3074 1657 3150 gerit
1676 3120 1693 3152 ,
1725 3078 1994 3135 eandem
2023 3084 2349 3148 praestare
2375 3077 2564 3132 fldem
2594 3082 2658 3133 et
2680 3076 3066 3146 diligentiam

262 3186 523 3231 necesse
553 3174 745 3231 habet
767 3214 783 3241 ‚
819 3189 1013 3246 quam
1051 3180 1225 3232 tutor
1254 3179 1535 3246 praestat
1563 3171 1639 3246 ⁵),
1672 3170 1915 3230 scilicet
1942 3168 1992 3228 si
2037 3178 2149 3227 aut
2184 3187 2524 3243 perperam
2561 3171 2779 3241 gessit,
2815 3181 3063 3250 autea,

261 3288 432 3346 quae
472 3275 552 3331 ab
589 3275 724 3346 ipso
752 3275 1051 3333 inchoata
1090 3281 1274 3343 sunt,
1324 3289 1455 3332 non
1498 3272 1771 3346 perfecit
1815 3269 1890 3345 ὃ).
1944 3269 2178 3347 Quodsi
2217 3284 2355 3326 rem
2396 3269 2675 3327 vendidit
2705 3272 2926 3342 pupilli
2963 3274 3065 3329 vel

255 3373 554 3447 minoris,
583 3375 633 3432 is
661 3390 804 3433 eam
838 3382 1015 3448 petet
1043 3392 1079 3432 a
1120 3389 1512 3448 possessore,
1559 3373 1688 3431 doli
1720 3388 1771 3431 s.
1823 3372 1915 3429 rei
1943 3370 2240 3428 venditae
2285 3375 2347 3426 et
2394 3364 2667 3426 traditae
2694 3370 3066 3442 exceptione

2294 3562 2320 3615 s
2356 3557 2467 3607 005.

1759 3687 1821 3743 (“)
1856 3685 1960 3742 Dig.
1983 3681 2268 3741 (xxvll,5.)
2289 3691 2338 3729 et
2357 3684 2472 3731 Cod.
2497 3682 2577 3737 (V,
2599 3680 2701 3741 45.)
2724 3682 2791 3730 de
2831 3695 2898 3730 eo
2918 3717 2933 3741 ‚
2965 3682 3066 3741 qul

1688 3761 1788 3805 pro
1811 3751 1986 3795 tutore
2014 3758 2181 3802 prove
2202 3750 2457 3795 curatore
2490 3747 2699 3806 negotia
2718 3745 2899 3805 qessie.
2922 3769 2980 3778 —
3002 3746 3058 3791 J.

1691 3812 1832 3860 Voee
1852 3825 1903 3857 m
1924 3816 2197 3856 comment.
2222 3811 2283 3856 ad
2305 3810 2355 3855 h.
2383 3810 2533 3855 Paud.
2561 3814 2634 3855 tit.
2659 3833 2720 3842 —-
2738 3809 2812 3855 Cf.
2836 3810 3063 3854 Nemce-

1694 3875 1769 3922 ἰοί
1797 3875 1846 3919 in
1883 3872 2053 3921 Archiv
2078 3871 2115 3917 i‘.
2138 3873 2231 3917 civ.
2252 3873 2418 3917 Praxis
2442 3874 2479 3918 l.
2504 3873 2585 3919 ΝΡ.
2609 3871 2689 3920 18.

324 3561 374 3615 3)
409 3560 462 3605 L.
487 3573 573 3606 un.
593 3563 647 3607 C.
670 3562 718 3609 sl
754 3561 809 3608 in
831 3574 1016 3610 comm.
1059 3563 1353 3621 eademque
1373 3573 1541 3608 causa
1563 3560 1620 3607 in

255 3622 356 3669 int.
382 3626 514 3670 rest.
529 3625 853 3680 postuletur.
881 3626 959 3675 (ll.
983 3624 1084 3681 26.)

325 3682 376 3741 4)
410 3686 520 3743 Arg.
536 3688 675 3734 1..10.
698 3699 771 3745 pr.
792 3689 1131 3747 quaemadm.
1155 3686 1440 3734 servitutes
1460 3686 1630 3732 amin.

256 3748 408 3802 (vm,
428 3746 495 3803 6.)
513 3773 566 3781 -
586 3752 644 3796 J.
663 3752 725 3797 P.
753 3753 806 3796 C.
832 3751 1023 3797 Blauel
1044 3753 1100 3796 D.
1125 3751 1185 3795 de
1208 3756 1321 3796 rest.
1347 3752 1398 3795 in
1420 3752 1510 3794 int.
1534 3761 1627 3794 mi·

255 3819 457 3917 13333'01
477 3823 622 3858 causa
643 3814 890 3859 individua
913 3813 1179 3866 majoribus
1204 3812 1437 3870 proficua.
1463 3812 1626 3857 Goett.

329 3931 380 3989 5)
412 3935 521 3981 vid.
544 3937 595 3982 L.
625 3934 741 3992 tas
763 3937 807 3985 1.
833 3938 885 3982 L.
908 3934 987 3982 ¹⁴.
1011 3939 1066 3986 D.
1089 3936 1142 3983 lt.
1164 3937 1322 3982 c.—t..
1344 3932 1394 3982 9.
1420 3948 1493 3993 pr.
1509 3934 1629 3982 eod.

259 3996 409 4043 -CL
434 3998 484 4042 L.
510 3996 585 4045 14.
610 4001 728 4046 eod.

326 4058 379 4115 c)
418 4060 468 4105 i..
492 4059 572 4106 δὴ.
596 4063 621 4116 s
641 4060 689 4108 4.
706 4065 761 4108 n.
781 4060 850 4108 ae
868 4060 1010 4110 adm.
1026 4064 1126 4108 eut.
1139 4061 1320 4117 (xxvi,
1337 4058 1471 4117 ⁷.)-
1485 4058 1631 4106 Lm.

260 4125 290 4177 S
316 4124 373 4167 1..
390 4124 441 4167 L.
463 4120 544 4169 ⁴7.
568 4125 617 4169 in
640 4126 677 4172 f.
703 4127 756 4173 D.
794 4124 848 4170 Ιι.
871 4126 911 4171 t.
935 4149 990 4157 —
1015 4124 1200 4170 Caeter.
1225 4124 1321 4169 vid.
1346 4124 1397 4169 L.
1419 4120 1500 4169 59.
1526 4125 1552 4178 S
1588 4123 1633 4167 1.

259 4184 386 4233 eod.

260 4244 375 4356 467)
410 4246 510 4291 Tit.
533 4247 652 4294 Cod.
674 4248 722 4294 si
740 4250 866 4305 maj.
886 4247 1065 4303 factus
1087 4250 1191 4293 rat.
1216 4243 1481 4292 habuerit.
1514 4246 1589 4301 (ll
1612 4279 1628 4305 ,

325 4368 379 4425 8)
414 4372 466 4415 L.
487 4368 536 4418 5.
559 4383 633 4429 pr.
661 4374 711 4419 L.
739 4374 827 4419 ult.
846 4374 900 4418 C.
919 4371 986 4417 de
1010 4376 1166 4426 temp.
1188 4370 1241 4417 in
1258 4368 1353 4416 int.
1378 4371 1504 4417 rest.
1526 4370 1625 4430 (11,

258 4430 433 4489 53)-
460 4433 532 4479 ci.
557 4436 604 4480 t..
634 4437 684 4482 3.
706 4437 731 4490 s
751 4437 799 4482 5.
825 4438 878 4481 n.
901 4435 954 4481 12.
979 4438 1017 4480 t.
1040 4434 1084 4491 (ς
1107 4430 1187 4479 87.
1212 4440 1316 4478 not.
1338 4429 1408 4487 2.,

324 4493 377 4551 9)
413 4496 464 4541 L.
485 4493 533 4542 5.
562 4499 588 4553 s
608 4497 749 4543 1—3.
773 4499 825 4545 C.
846 4497 914 4543 de
936 4500 1091 4551 temp.
1114 4496 1169 4543 in
1190 4495 1286 4543 ὶηι.
1311 4498 1437 4541 rest.

329 4559 414 4613 10)
448 4561 561 4614 Arg.
588 4561 639 4606 L.
658 4561 707 4606 5.
731 4561 785 4607 C.
808 4560 861 4605 Ιι.
885 4563 923 4606 t.

327 4622 409 4671 11)
446 4620 496 4664 L.
518 4621 566 4667 1.
589 4622 643 4667 C.
665 4621 731 4668 de
750 4620 887 4676 offlc.
903 4619 992 4682 εἰ.)
1014 4618 1108 4679 qui
1126 4618 1286 4667 vlcem
1306 4617 1626 4675 alicuj.1ud.

259 4683 354 4728 rel.
380 4683 442 4739 (l,
462 4679 628 4730 54)—
647 4686 697 4731 L.
719 4682 768 4731 ⁴.
785 4686 836 4731 C.
857 4684 1000 4737 quib.
1027 4694 1097 4729 ex
1116 4694 1266 4729 caus.
1290 4685 1412 4738 mqj.
1437 4685 1524 4728 rel.
1550 4683 1630 4740 til,

256 4741 365 4791 54.)
393 4767 449 4775 --
474 4746 525 4791 L.
546 4746 595 4791 5.
619 4747 673 4792 C.
711 4746 919 4802 dejure
940 4744 1161 4802 reipubl.
1189 4746 1287 4804 (xl,
1311 4745 1412 4801 29.)
1432 4770 1490 4777 -
1512 4756 1556 4790 c.
1585 4742 1629 4789 1.

260 4805 312 4853 2.
340 4804 394 4854 ὅ.
416 4808 473 4852 X.
500 4808 568 4854 de
590 4811 644 4855 in
666 4808 763 4855 int.
788 4812 916 4855 rest.
939 4811 997 4867 (i,
1020 4807 1121 4865 41.)
1141 4832 1201 4841 —-
1223 4821 1266 4853 c.
1313 4809 1361 4853 1.
1403 4808 1453 4855 2.
1495 4807 1542 4851 in
1584 4804 1632 4853 6.

260 4868 385 4918 eod.
406 4892 467 4902 -
489 4872 640 4923 Clem.
664 4883 749 4917 un.
773 4871 891 4919 eod.
915 4871 951 4927 (Ι
976 4905 991 4929 ‚
1011 4870 1060 4918 6.
1083 4871 1099 4925 )
1120 4894 1180 4903 —
1202 4872 1280 4918 Cf.
1299 4864 1466 4918 Gliicla
1484 4869 1632 4916 Pand.

260 4932 342 4978 vt.
366 4936 393 4990 ς
414 4930 527 4981 465.
545 4940 596 4982 et
616 4932 914 4983 Barchardt'
935 4935 966 4980 l.
986 4937 1020 4981 t.
1046 4934 1071 4989 S
1100 4932 1171 4981 16.

1758 3936 1806 3992 1)
1840 3938 1892 3982 L.
1911 3935 1955 3983 1.
1975 3947 2051 3994 pr.
2070 3933 2096 3987 S
2119 3932 2171 3979 l.
2192 3935 2244 3979 L.
2268 3932 2318 3979 ὃ.
2342 3936 2395 3980 D.
2416 3934 2471 3981 lt.
2497 3939 2533 3980 ι.
2573 3935 2775 3988 (Xlel,
2793 3931 3061 3988 5.).—·1..1.

1696 3999 1722 4052 S
1746 3997 1795 4044 4.
1819 3999 2001 4045 eod.—-
2016 3999 2066 4043 L.
2093 3998 2140 4042 1.
2166 3998 2219 4041 c.
2239 3996 2357 4043 eod.
2389 4021 2445 4031 -
2472 3998 2523 4043 L.
2549 3995 2629 4044 59.
2653 3998 2679 4052 S
2697 3994 2746 4042 ss.
2768 3996 2822 4041 D.
2842 3994 3064 4041 deadm.

1701 4062 1922 4107 tuh—L.
1954 4059 1997 4107 1.
2020 4062 2046 4116 s
2064 4055 2113 4105 7.
2135 4060 2189 4105 D.
2213 4057 2264 4103 Ιι.
2288 4061 2325 4103 t.

1762 4122 1812 4178 2)
1849 4124 1901 4169 L.
1939 4121 1986 4169 1.
2015 4136 2091 4181 pr.
2114 4118 2274 4173 etsss.
2314 4121 2368 4165 D.
2404 4120 2455 4166 li.
2483 4123 2519 4166 t.
2546 4121 2674 4166 -L.
2702 4119 2747 4167 1.
2786 4121 2812 4175 s
2851 4116 2900 4164 5.
2942 4117 3061 4164 eod.

1701 4200 1726 4227 u
1746 4185 1838 4230 Sed
1857 4186 1948 4231 etsi
1972 4187 2105 4244 prius
2135 4193 2221 4240 pro
2239 4187 2402 4227 tutore
2419 4184 2863 4240 administraverit,
2885 4181 3065 4227 deinde

1695 4245 1853 4306 quasi
1874 4248 2021 4293 tutor
2039 4279 2056 4308 ,
2078 4256 2232 4302 aeque
2254 4246 2500 4290 tenebitur
2518 4257 2577 4290 ex
2597 4257 2656 4290 eo
2682 4279 2696 4300 ,
2719 4245 2848 4302 quod
2872 4254 2959 4301 pro
2983 4248 3060 4287 tu-

1694 4317 1802 4356 tore
1860 4306 2274 4355 administraverit
2299 4340 2314 4361 ,
2368 4309 2592 4364 quamvis
2646 4308 2932 4353 devolvatur
2982 4305 3062 4350 hic

1693 4376 1857 4429 gestus
1890 4371 1941 4416 in
1996 4372 2179 4417 tutelae
2200 4368 2458 4413 actionem.
2484 4383 2507 4409 a
2537 4394 2597 4403 —
2617 4370 2692 4417 Cf.
2718 4370 2767 4414 1..
2795 4369 2846 4414 5.
2870 4366 2988 4414 eod.
3012 4372 3062 4413 et

1692 4433 1932 4480 Brisson.
1948 4433 2009 4479 de
2031 4434 2084 4479 v.
2110 4434 2161 4478 S.
2186 4443 2232 4478 v.
2256 4432 2414 4487 quasi
2435 4435 2461 4488 s
2483 4428 2535 4478 4.

1751 4495 1801 4552 5)
1834 4497 1886 4540 L.
1912 4498 2001 4541 ult.
2027 4497 2081 4542 D.
2103 4493 2155 4540 Ιι.
2176 4497 2213 4541 t.
2237 4517 2299 4530 —-
2322 4497 2375 4541 L.
2397 4497 2443 4540 1.
2484 4497 2509 4550 S
2545 4493 2592 4543 1.
2630 4498 2686 4542 D.
2720 4493 2788 4540 de
2820 4496 3058 4540 conti-ar.

1692 4559 1791 4604 tue.
1814 4561 1916 4604 act.
1937 4558 2143 4614 (xxvii,
2162 4555 2229 4613 ⁴.)

1753 4619 1963 4676 4)1..1.
1988 4617 2082 4673 88.
2111 4618 2233 4665 D.lt.
2259 4623 2296 4666 t.

1756 4682 1807 4739 5)
1843 4685 1893 4728 L.
1912 4680 1964 4729 4.
1987 4681 2120 4731 D.,lt.
2145 4685 2188 4728 l.
2208 4706 2267 4716 —
2289 4682 2478 4728 Caeter.
2501 4682 2604 4728 vid.
2625 4683 2678 4728 1..
2698 4680 2777 4729 53.
2798 4681 2823 4735 S
2844 4681 2894 4726 3.
2913 4681 2967 4725 D.
2992 4679 3063 4727 de

1693 4744 1877 4800 furtis.
1902 4745 2117 4801 (vatt,
2136 4746 2204 4801 2.)
2240 4768 2296 4776 --
2319 4745 2394 4790 Ci‘.
2422 4745 2694 4791 Zimmern
2716 4744 2886 4791 Archiv
2909 4743 2946 4788 f.
2969 4744 3064 4787 civ.

1699 4809 1865 4854 Praxis
1890 4808 1924 4852 l.
1950 4808 2030 4852 ΝΡ.
2057 4804 2391 4855 w.-G1iick
2415 4808 2565 4853 l'and.
2591 4810 2772 4855 xxxii.
2797 4819 2843 4865 p.
2868 4802 2963 4852 515
2984 4818 3061 4865 sq„

1704 4868 2082 4925 -RudorffllL
2107 4884 2154 4927 p.
2177 4867 2261 4915 76.

1760 4933 1809 4992 6)
1845 4935 1894 4979 L.
1923 4933 1964 4981 1.
1991 4930 2083 4987 39.
2107 4935 2160 4979 D..
2186 4931 2235 4978 Ιι.
2264 4936 2304 4981 t.
