3544 5506
464 358 576 417 ⁴0⁶
1140 390 1147 398 ·
1199 372 1352 417 vans
1390 370 1544 414 srsc.
1586 369 1705 411 us.
1746 369 1847 412 111.
1885 368 1963 411 ns
1999 366 2522 411 osucsnomus.

1657 546 1891 605 CAPUT
1929 545 2084 600 VIII.

1129 733 1205 775 nr.
1241 714 1746 775 conmiomus
1765 760 1784 787 ,
1822 732 1982 781 cmm
2020 731 2228 773 Arm
2268 729 2616 772 com-mur.

1322 890 1348 962 §
1391 893 1532 952 4⁶25.
1581 890 1633 968 I)
1682 890 1848 952 Aleae
1887 893 2045 952 notio
2084 902 2140 952 et
2179 892 2397 971 species.

546 1078 701 1135 Cum
734 1077 911 1133 aleae
937 1089 1176 1133 nomen
1204 1075 1286 1132 ad
1326 1090 1587 1134 omnem
1618 1089 1759 1132 rem
1789 1076 2100 1133 incertam
2126 1089 2401 1148 eamque
2435 1089 2474 1133 a
2501 1073 2773 1133 fortuito
2801 1089 2957 1132 casu
2984 1076 3269 1147 penden-

463 1182 596 1234 tem
625 1174 951 1233 reseratur
982 1171 1053 1248 ¹),
1100 1174 1255 1232 nihil
1293 1174 1594 1246 impedit,
1628 1189 1759 1246 quo
1788 1174 1999 1232 minus
2033 1188 2270 1231 nomen
2311 1175 2468 1232 illud
2508 1175 2591 1231 ad
2628 1189 2821 1232 omne
2865 1174 3271 1245 negotiorum

463 1288 663 1345 genus
693 1272 1048 1331 referamus
1067 1313 1083 1340 ‚
1111 1287 1260 1330 cum
1287 1287 1454 1345 quae
1483 1272 1600 1329 sub
1623 1271 1988 1330 conditione
2010 1315 2027 1346 ‚
2060 1277 2173 1329 aut
2197 1271 2440 1329 casuali
2471 1277 2583 1328 aut
2610 1271 2805 1328 mixta
2823 1317 2839 1343 ‚
2873 1272 3271 1330 contrahun-

461 1379 570 1431 tur
587 1416 604 1447 ‚
629 1379 768 1432 tum
792 1388 952 1432 vero
976 1373 1058 1430 ad
1084 1372 1206 1430 alia
1223 1415 1240 1442 ,
1274 1387 1443 1446 quae
1466 1368 1726 1445 quidem
1756 1372 2034 1445 propriis
2054 1372 2184 1431 suis
2210 1371 2571 1430 nominibus
2593 1386 2725 1429 non
2748 1377 2975 1429 carent
2997 1416 3014 1442 ‚
3042 1374 3272 1444 quibus

461 1475 681 1528 tamen
726 1471 867 1527 alea
895 1468 1080 1527 inest.
1123 1470 1261 1544 Quo
1288 1468 1352 1525 in
1377 1483 1615 1539 genere
1644 1470 1804 1527 haec
1843 1468 2241 1542 potissimum
2273 1474 2463 1526 sunt:
2502 1462 2700 1527 emtio
2733 1467 2906 1540 spei,
2935 1483 3131 1541 quam
3161 1484 3272 1528 vo-

462 1572 618 1625 cant
655 1563 703 1640 (S
744 1566 890 1625 392.
922 1571 1207 1625 context.
1242 1565 1322 1622 ad
1348 1572 1485 1624 not.
1513 1564 1830 1638 7—12.)‚
1864 1566 2197 1624 nauticum
2229 1564 2457 1623 foenus
2491 1564 2537 1637 (§
2565 1562 2773 1636 579),
2816 1562 3091 1623 sortium
3132 1567 3272 1624 alea

464 1662 721 1738 (vocant
760 1661 1024 1733 Lucterio)
1049 1660 1134 1738 ²),
1185 1665 1319 1723 ludi
1367 1665 1657 1725 aleatorii
1703 1666 1808 1740 (ad
1843 1681 2006 1740 quos
2045 1681 2202 1740 prae
2243 1666 2517 1724 caeteris
2559 1666 2741 1723 aleae
2769 1679 3008 1722 nomen
3049 1665 3272 1723 reterri

460 1761 657 1836 solet)
690 1763 1084 1835 sponsiones.
1129 1764 1442 1840 Quoniam
1474 1771 1690 1823 autem
1719 1767 1803 1824 de
1846 1762 2019 1825 hisce
2056 1761 2523 1838 obligationum
2569 1765 2786 1822 formis
2815 1764 3047 1837 partim
3070 1764 3209 1839 jam
3233 1781 3269 1823 a

463 1864 647 1922 nobis
677 1864 1035 1936 expositum
1079 1871 1215 1933 est,
1267 1866 1498 1938 partim
1544 1862 1609 1922 in
1657 1866 1849 1938 patrii
1887 1866 2051 1940 juris
2082 1866 2411 1939 disciplina
2450 1865 2573 1925 erit
2609 1860 3097 1937 explicandum,
3136 1863 3269 1938 jam

462 1963 618 2021 nihil
666 1964 849 2022 nobis
871 1971 1195 2039 superest,
1235 1981 1430 2038 quam
1461 1973 1534 2024 ut
1560 1982 1634 2024 ex
1662 1966 1767 2038 iis,
1798 1982 1965 2039 quae
2004 1967 2085 2024 de
2113 1962 2279 2025 ludis
2310 1967 2634 2026 aleatoriis
2661 2008 2678 2039 ‚
2707 1973 2848 2023 tum
2877 1966 2959 2024 de
2984 1966 3270 2036 sponsio-

464 2061 683 2129 nibus,
715 2063 1001 2120 Romano
1023 2061 1174 2135 jure
1202 2070 1547 2135 praecepta
1573 2070 1724 2121 sunt
1745 2105 1760 2133 ‚
1806 2063 1872 2120 in
1901 2064 2180 2121 medium
2212 2065 2527 2122 nonnulla
2552 2062 2964 2122 conferamus
2983 2103 2999 2130 ‚
3033 2076 3113 2120 ea
3136 2063 3273 2135 qui·

463 2158 609 2216 dem
628 2201 645 2229 ‚
677 2173 843 2232 quae
873 2174 911 2216 a
941 2156 1086 2237 iure
1106 2202 1124 2230 ,
1158 2174 1291 2233 quo
1316 2160 1589 2230 utimur,
1616 2160 1791 2218 haud
1820 2160 1909 2219 ita
1938 2162 2163 2233 procul
2194 2161 2452 2219 absunt.

1089 2350 1117 2425 ὅ
1159 2356 1301 2415 426.
1342 2360 1414 2421 ll)
1456 2354 1765 2433 Spoeiatim
1807 2357 1871 2420 Α)
1914 2353 1982 2414 do
2025 2353 2177 2415 ludis
2215 2353 2508 2414 aleator-iis
2549 2354 2645 2431 (*).

545 2538 753 2599 Ludos
797 2534 1138 2595 aleatorios
1180 2549 1519 2604 vocamus,
1557 2551 1703 2593 cum
1752 2536 1836 2592 ab
1867 2543 2100 2595 eventu
2139 2536 2421 2603 incerto,
2470 2549 2679 2608 eoque
2711 2540 2932 2595 tamen
2966 2552 3046 2595 ex
3084 2534 3272 2597 certis

462 2634 696 2706 regulis
721 2633 1148 2706 aestimand0‚
1183 2634 1433 2691 lucrum
1463 2633 1733 2703 pendet,
1770 2635 1947 2705 quod
1994 2638 2322 2705 tamquam
2355 2632 2663 2690 victoriae
2692 2632 3052 2705 praemium
3091 2634 3271 2691 alteri

462 2729 544 2787 ab
573 2730 778 2787 altero
802 2729 1181 2788 solvendum
1203 2734 1299 2786 est
1322 2725 1361 2803 ¹)
1402 2723 1446 2802 (§
1463 2742 1597 2803 seq.
1626 2733 1762 2788 not.
1801 2731 1909 2794 1.).
1938 2733 2076 2787 Jam
2095 2743 2251 2787 vero
2281 2727 2580 2786 fortunae
2611 2729 2738 2786 ludi
2763 2729 3029 2788 omnino
3053 2743 3274 2788 omnes

463 2825 761 2902 prohibiti
787 2836 935 2887 sunt
958 2847 976 2906 ;
1007 2845 1082 2887 ex
1106 2830 1259 2886 artis
1285 2843 1443 2886 vero
1467 2830 1631 2887 ludis
1650 2875 1666 2902 ‚
1691 2846 1841 2888 cum
1862 2837 2049 2888 antea
2077 2830 2229 2888 liciti
2254 2835 2466 2887 essent
2484 2872 2500 2899 ‚
2535 2831 2643 2902 qui
2681 2843 2801 2902 pro
2823 2829 3062 2887 virtute
3080 2871 3097 2897 ,
3130 2830 3171 2886 i.
3211 2844 3269 2886 e.

461 2926 752 3000 corporis
795 2926 1088 2984 firmandi
1112 2925 1581 2999 exercendique
1604 2926 1837 2997 ingenii
1878 2942 2107 2999 causa,
2154 2927 2385 2985 fierent
2414 2924 2527 2998 ¹0),
2559 2925 2949 2984 iustinianus
2982 2926 3273 2998 quinque

461 3018 793 3082 constituit
824 3025 1125 3081 ludorum
1170 3022 1448 3099 formas,
1500 3038 1623 3081 nec
1670 3030 1932 3095 praeter
1960 3037 2068 3081 eas
2111 3017 2409 3096 cuiquam
2440 3023 2667 3081 ludere
2708 3022 3028 3096 permisit,
3080 3027 3149 3078 at
3195 3036 3275 3081 ne

459 3120 601 3178 illas
629 3120 888 3192 quidem
923 3119 1094 3177 ultra
1141 3134 1345 3176 unum
1387 3119 1661 3177 solidum
1681 3118 1758 3192 2).
1806 3123 1889 3178 Ex
1916 3119 2176 3191 reliquis
2219 3120 2411 3190 igitur
2456 3120 2617 3178 ludis
2664 3126 2934 3194 propter
2961 3121 3272 3176 damnum

461 3216 838 3275 aleatorium
866 3231 995 3274 non
1015 3217 1211 3274 modo
1233 3230 1368 3274 non
1400 3217 1595 3273 datur
1627 3218 1797 3274 actio
1816 3257 1834 3286 ‚
1865 3231 2090 3274 verum
2114 3217 2307 3274 etiam
2340 3217 2540 3288 repeti
2564 3218 2850 3275 solutum
2877 3233 2914 3273 a
2953 3216 3274 3274 collusore

461 3318 730 3392 ejusque
776 3317 1116 3375 heredibus
1171 3316 1341 3375 intra
1392 3317 1857 3390 quinquaginta
1901 3331 2222 3374 annorum
2262 3317 2538 3389 spatium
2578 3323 2791 3389 potest
2815 3312 2880 3388 ³).
2936 3314 3068 3383 Nec
3117 3329 3275 3374 vero

462 3418 780 3476 actionem
810 3418 1004 3476 habet
1023 3460 1038 3489 ‚
1067 3417 1178 3488 qui
1204 3417 1463 3474 ludendi
1488 3432 1680 3475 causa
1710 3418 2049 3488 pecuniam
2079 3412 2281 3474 sciens
2304 3416 2571 3475 credidit
2590 3410 2667 3488 ⁴),
2696 3432 2830 3475 non
2856 3415 3054 3487 magis
3076 3431 3274 3489 quam

462 3513 767 3575 adversus
804 3531 951 3573 eum
971 3559 989 3591 ‚
1034 3514 1144 3588 qui
1177 3512 1241 3573 in
1272 3518 1410 3574 alea
1433 3559 1448 3587 ,
1476 3523 1548 3574 ut
1582 3517 1764 3574 ludat
1787 3560 1804 3586 ‚
1836 3533 1975 3575 rem
2005 3517 2321 3586 vendidit,
2356 3516 2686 3575 evictionis
2726 3512 2988 3576 nomine
3019 3512 3120 3587 agi
3158 3530 3273 3588 po-

461 3618 587 3672 test
614 3609 683 3688 ⁵).
717 3617 1055 3671 Praeterea
1079 3613 1433 3686 susceptori
1456 3615 1816 3672 aleatorum
1848 3614 2016 3672 actio
2039 3615 2393 3685 denegatur
2414 3657 2432 3689 ‚
2461 3615 2510 3670 si
2526 3613 2695 3671 forte
2717 3614 2782 3671 in
2809 3614 2951 3673 alea
2983 3614 3272 3671 ludenda

460 3706 693 3787 injuria
718 3709 775 3765 ei
798 3704 972 3766 illata
1000 3708 1387 3767 damnumve
1409 3711 1629 3767 datum
1663 3716 1758 3768 est
1784 3706 1854 3782 ⁶).
1886 3713 2220 3768 Caeterum
2244 3725 2374 3768 non
2403 3711 2773 3768 dubitamus
2791 3751 2806 3779 ‚
2855 3709 3013 3783 quin
3052 3710 3137 3766 ad
3183 3711 3276 3767 le-

461 3808 827 3880 gitimorum
857 3823 1056 3881 genus
1087 3815 1423 3881 pactorum
1443 3807 1797 3868 referamus
1828 3811 2287 3869 conventiones
2317 3812 2399 3869 de
2424 3811 2611 3870 licitis
2632 3811 2799 3869 ludis
2829 3809 3020 3869 initas
3046 3808 3131 3883 ⁷).

1056 4007 1082 4061 S
1113 4001 1225 4054 ⁴25·
1898 4013 2150 4058 —Caeten
2175 4007 3078 4068 vid.ett..⁴.pr.b.la.t.—[cod.Nsp.
3107 4006 3277 4064 1966.]

1958 4073 2010 4130 2)
2030 4074 2082 4119 1..
2105 4072 2156 4121 3.
2180 4073 2235 4121 C.
2259 4076 2313 4120 Ιι.
2337 4076 2441 4120 1.-
2464 4073 2619 4122 Voet.
2637 4071 2699 4120 ad
2723 4071 2775 4118 Ιι.
2795 4075 2833 4117 t.
2860 4083 2936 4118 nr.
2958 4072 3004 4116 1.
3026 4096 3092 4106 -—
3114 4069 3277 4118 θεῶ-Κ

521 4129 573 4184 1)
592 4129 666 4175 Cf·
689 4128 929 4178 Brmon.
952 4134 1001 4176 et
1021 4131 1242 4178 Ernesti
1260 4131 1324 4177 οἱ.
1347 4129 1448 4174 Cic·
1462 4129 1514 4176 h·
1535 4140 1582 4177 v.
1896 4136 2124 4183 pandect.
2150 4137 2230 4183 xl.
2252 4142 2273 4194 ς
2295 4132 2407 4184 757.
2433 4161 2487 4169 -
2509 4135 2583 4183 ct.
2611 4134 2824 4186 Weber
2845 4138 2948 4181 nat.
2974 4135 3126 4183 verb.
3149 4137 3175 4190 ς
3196 4134 3278 4181 65.

520 4189 571 4249 2)
588 4192 676 4240 Cui
695 4192 892 4250 quidem
922 4193 1080 4240 simile
1107 4199 1180 4240 est
1202 4192 1451 4251 negotium
1471 4226 1487 4252 ‚
1508 4194 1638 4250 quod
1658 4198 1836 4242 vocant
1897 4205 2000 4245 not.
2023 4198 2071 4244 1,
2093 4199 2142 4246 2,

459 4252 561 4301 das
579 4254 1114 4316 Ausspielqeschaeft,
1135 4256 1194 4302 dc
1216 4268 1314 4315 quo
1333 4253 1428 4299 vid.
1470 4256 1543 4302 Κ.
1582 4258 1835 4304 Grolmcm
1960 4263 2010 4318 3)
2035 4262 2087 4306 1..
2111 4261 2161 4309 5.
2181 4261 2234 4308 C.
2259 4260 2309 4308 Ιι.
2337 4262 2375 4309 t.
2400 4262 2449 4304 et
2471 4258 2676 4308 Weber
2695 4260 2732 4306 l.
2754 4261 2789 4305 l.
2813 4261 2839 4315 s
2855 4256 2938 4305 77.
2962 4262 3070 4305 not.
3092 4258 3146 4306 7.
3181 4258 3273 4316 Qui

461 4316 598 4363 vers.
617 4318 716 4365 ein.
765 4319 927 4366 Entw.
968 4321 1017 4366 d.
1052 4319 1227 4366 mcbtl.
1248 4319 1358 4365 Nat.
1379 4317 1430 4362 d.
1452 4319 1832 4378 Aussplelgesch.
1898 4324 2095 4381 quidem
2120 4324 2327 4381 scriptor
2360 4321 2450 4367 sibi
2479 4333 2765 4380 persuasum
2785 4320 2960 4378 babet,
2991 4322 3088 4368 nisi
3113 4324 3183 4368 ita
3202 4325 3278 4368 lex

461 4379 617 4428 Giess,
642 4377 787 4428 1797.
812 4385 863 4428 et
884 4382 1046 4430 Gltick
1061 4383 1218 4429 Pand.
1237 4382 1319 4428 XI.
1344 4393 1397 4439 p.
1419 4376 1514 4428 567
1536 4391 1644 4440 sqq.
1899 4388 2079 4445 scripta
2098 4391 2223 4433 esset
2244 4420 2260 4442 ,
2283 4385 2559 4443 repetitioni
2584 4387 2746 4431 locum
2784 4396 2883 4430 non
2905 4382 3012 4429 fore
3035 4419 3052 4440 ,
3074 4396 3189 4430 cum
3227 4386 3277 4430 in

1899 4450 2015 4506 part
2041 4449 2357 4509 turpitudinis
2400 4458 2545 4494 causa
2578 4449 2842 4494 collusores
2864 4453 3142 4493 versentur.
3184 4447 3278 4492 Sed

1082 4517 1109 4571 ς
1140 4513 1252 4564 496.
1900 4511 1998 4559 vid.
2018 4525 2145 4571 quae
2167 4523 2314 4570 supra
2336 4510 2615 4569 scripsimus
2655 4511 2683 4565 ς
2721 4506 2835 4557 385.
2873 4511 2922 4557 in
2958 4513 3196 4556 contextu
3215 4508 3277 4556 ad

1900 4577 2005 4626 not.
2032 4574 2176 4622 12—
2202 4576 2340 4633 [Cod.
2364 4573 2485 4631 Nap.
2514 4571 2676 4630 1967.]

517 4636 575 4694 (“)
596 4637 699 4694 Dig.
722 4637 822 4696 (xl,
845 4637 933 4696 5.).
956 4665 1013 4676 -
1035 4640 1153 4689 Cod.
1174 4641 1275 4700 (111,
1298 4640 1397 4698 43.)
1417 4638 1486 4686 de
1505 4636 1833 4688 aleatoribus
1958 4634 2005 4694 ⁴)
2030 4642 2141 4694 Arg.
2167 4639 2218 4684 L.
2243 4637 2319 4684 12.
2362 4636 2388 4690 ς
2410 4634 2488 4683 11.
2528 4637 2583 4683 D.
2623 4635 2884 4683 mandati.
2905 4635 3052 4693 (xvli
3071 4668 3086 4694 ‚
3112 4633 3179 4692 1.)
3216 4656 3274 4669 -

458 4696 512 4743 et
533 4699 777 4747 alearum
795 4714 923 4749 usu.
1894 4699 2084 4754 δίη-01(
2104 4712 2178 4745 us.
2204 4700 2336 4747 mod.
2360 4697 2509 4745 Pand.
2532 4699 2586 4746 Ιι.
2608 4701 2645 4743 t.
2671 4702 2697 4756 s
2720 4699 2796 4746 10.

525 4762 651 4817 1)Η.
691 4763 847 4810 Thoe!
862 4766 950 4813 der
970 4764 1187 4813 Verkehr
1207 4765 1298 4811 mit
1320 4764 1712 4822 staatspapieren
1735 4766 1831 4807 etc.
1963 4759 2009 4820 5)
2043 4765 2095 4810 1..
2132 4764 2180 4809 2.
2216 4764 2242 4819 ς
2276 4764 2322 4811 1.
2369 4764 2425 4809 D.
2460 4773 2617 4820 quar.
2653 4773 2762 4809 rer.
2796 4763 2903 4808 act.
2940 4771 3052 4807 non
3084 4759 3276 4807 datur.

460 4822 611 4877 (Gott.
636 4822 798 4883 1855.)
831 4851 894 4860 —
925 4828 1038 4877 Vid.
1069 4825 1165 4875 267
1194 4840 1268 4886 sq.
1304 4838 1355 4886 p.
1382 4825 1476 4875 270
1500 4839 1574 4886 sq.
1609 4832 1713 4873 not.
1749 4823 1834 4870 63.
1899 4824 2078 4883 (XMV,
2100 4823 2181 4884 5.)·

460 4897 518 4944 p.
533 4882 801 4934 238—241.
1960 4885 2010 4946 6)
2033 4890 2083 4935 Ι..
2113 4886 2158 4935 1.
2183 4899 2259 4945 pr.
2283 4889 2309 4943 S
2332 4883 2476 4933 1-5.
2500 4888 2553 4932 D.
2578 4885 2631 4932 Ιι.
2650 4888 2687 4932 t.

527 4947 704 5006 1α)01.
725 4951 775 4997 1..
801 4951 848 4996 2.
870 4951 897 5006 ς
914 4951 959 4999 1.
983 4952 1038 4998 t).
1064 4951 1116 4999 Ιι.
1139 4955 1178 4999 t.
1196 4956 1246 4998 et
1267 4953 1393 5001 Son.
1413 4964 1492 5011 ep.
1514 4949 1625 5000 106.
1649 4955 1700 4998 et
1720 4950 1833 4999 111.
1960 4948 2013 5007 7)
2034 4954 2148 5010 Arg.
2178 4951 2230 4997 1..
2257 4951 2304 4997 3.
2331 4951 2383 4997 D.
2412 4949 2466 4996 Ιι.
2490 4953 2529 4995 e.
2550 4948 2667 5007 (vid.
2689 4957 2831 5006 supra
2848 4949 2873 5003 s
2890 4943 3003 4993 545.
3025 4958 3105 4991 nr.
3128 4945 3209 5002 1.).
