3544 5506
429 328 544 389 550
1170 342 1324 387 rus
1362 343 1519 386 senc.
1560 344 1678 386 un.
1757 343 1856 385 ιιι.
1896 344 1975 387 nn
2012 343 2520 388 caticuminus.

432 458 495 532 5)
546 460 1038 538 Nfflonnumquam
1065 462 1285 514 autem
1327 470 1514 516 casus
1557 457 1639 513 ab
1666 470 1748 515 eo
1800 457 2222 529 praestandus
2260 462 2390 524 est,
2441 456 2524 514 ad
2561 470 2754 528 quem
2793 452 3076 529 alioquin
3113 472 3248 517 non

432 555 788 628 pertineat3
820 553 1012 626 idque
1044 554 1118 635 nt„
1152 557 1290 609 tum
1316 553 1403 611 ob
1430 552 1692 610 alterius
1718 547 2021 627 iniuriam
2041 595 2057 623 ‚
2090 568 2311 611 casum
2354 554 2531 610 velut
2569 552 2983 611 inducentem
3004 594 3021 622 ‚
3050 569 3243 626 quem

432 660 666 713 vocant
691 667 908 711 casum
958 651 1345 726 mixtumu),
1379 658 1515 709 tum
1552 665 1711 709 vero
1756 665 1834 710 ex
1886 658 2081 723 pacto
2100 650 2206 727 ¹²),
2236 651 2411 724 quod
2460 652 2716 725 quidem
2762 652 2957 710 tacite
2997 652 3252 711 videtur

431 752 880 826 intervenisse,
913 748 963 811 si
994 752 1136 826 quis
1175 750 1372 819 forte,
1407 751 1516 823 qui
1557 751 1639 808 ad
1662 750 2016 809 custodiam
2051 746 2145 809 rei
2179 750 2649 823 suscipiendam
2677 765 2753 808 ex
2779 751 2917 821 lege
2951 756 3242 819 tenetur,

430 868 498 912 se
528 852 883 911 custodiam
915 857 1393 923 praestaturum
1429 865 1567 908 esse
1595 851 1974 909 nominatim
1999 851 2366 922 promiserit
2390 848 2480 923 ¹³).
2514 850 2745 927 Quodsi
2771 846 2988 923 itaque
3008 852 3249 923 simpli-

431 953 592 1012 citer
623 953 705 1010 de
743 968 1008 1010 casuum
1048 952 1478 1024 praestatione
1503 951 1673 1009 inter
1701 959 1918 1023 partes
1955 950 2289 1013 convenit.
2323 964 2547 1009 omnes
2576 951 2838 1009 omnino
2868 952 3248 1023 promitten-

435 1059 565 1112 tem
593 1048 654 1110 in
691 1068 758 1110 se
790 1052 1148 1125 suscepisse
1177 1066 1363 1109 casus
1394 1051 1777 1125 plerumque
1818 1051 2303 1109 existimandum
2344 1056 2438 1108 est
2463 1048 2531 1121 u)
2553 1095 2568 1120 ‚
2610 1065 2733 1108 nec
2762 1051 3009 1108 admitti
3054 1051 3249 1109 debet

430 1168 695 1212 casuum
738 1148 1071 1211 solitorum
1091 1199 1107 1224 ‚
1154 1152 1555 1211 insolitorum
1605 1159 1672 1209 ct
1711 1151 2291 1210 insolitissimorum
2340 1145 2663 1208 distinctio
2684 1191 2700 1216 ‚
2750 1165 2945 1220 quam
2980 1149 3244 1222 quidam

428 1248 773 1307 defendere
794 1248 1008 1307 conati
1047 1254 1198 1305 sunt
1220 1246 1314 1321 ¹⁵).
1344 1252 1429 1306 De
1450 1263 1530 1306 co
1559 1253 1775 1306 autem
1798 1292 1814 1323 ‚
1848 1248 1951 1306 cui
1979 1246 2296 1319 probandi
2323 1260 2491 1304 onus
2514 1246 2918 1304 subeundum
2948 1247 3030 1303 sit
3049 1289 3066 1314 ‚
3094 1261 3244 1304 cum

431 1346 799 1418 quaeritur:
840 1360 993 1403 casu
1017 1344 1320 1403 acciderit
1349 1344 1658 1401 damnum
1682 1391 1698 1418 ‚
1729 1358 1853 1402 nec
1878 1359 1962 1402 ne
1987 1342 2017 1397 Ῥ
2063 1358 2141 1403 ex
2186 1341 2510 1416 principiis
2537 1358 2731 1416 supra
2748 1339 2795 1419 (S
2821 1340 2990 1416 147.)
3022 1341 3141 1400 hac
3164 1344 3246 1400 de

428 1460 501 1504 re
522 1440 729 1503 allatis
756 1443 942 1503 facile
987 1437 1225 1518 poterit
1246 1443 1547 1518 judicari.

427 1688 618 1762 5563.
655 1684 717 1762 d)
763 1685 1063 1765 Reliquum
1098 1687 1446 1748 damnorum
1489 1707 1663 1767 qenes
1707 1690 1983 1769 quomodo
2018 1688 2435 1769 praestandum
2457 1690 2553 1749 sit.
2598 1689 2651 1764 α)
2681 1688 2834 1760 Quid
2874 1688 3108 1748 omnino
3150 1688 3233 1745 sit

1420 1790 1876 1866 praestandum,
1911 1791 2234 1871 quaeritur.

511 2028 625 2105 Qui
644 2028 725 2086 de
751 2028 990 2087 damno
1010 2030 1409 2088 restituendo
1433 2031 1629 2089 alium
1654 2033 2003 2092 convenire
2021 2039 2256 2107 potest,
2286 2048 2419 2092 non
2438 2047 2694 2105 semper
2716 2033 2780 2091 id
2801 2031 3245 2105 consequitur,

430 2130 502 2181 ut
527 2125 730 2183 omnis
760 2125 818 2183 ei
852 2121 1015 2199 juris
1043 2127 1218 2195 reive
1243 2127 1510 2186 amissae
1551 2124 1792 2188 utilitas
1836 2125 2244 2189 resarciatur.
2296 2133 2786 2202 Nonnumquam
2820 2128 2987 2187 enim
3017 2127 3076 2201 1)
3112 2142 3250 2185 non

432 2224 572 2295 plus
597 2229 779 2281 actor
816 2224 977 2283 seret
998 2269 1014 2294 ,
1063 2241 1252 2298 quam
1281 2233 1357 2301 ut
1383 2233 1636 2284 tantum
1670 2228 1758 2284 illi
1800 2228 2176 2285 restituatur
2198 2272 2215 2303 ,
2265 2234 2579 2301 quantum
2618 2227 3003 2299 locupletior
3036 2224 3250 2283 factus

429 2319 509 2377 sit
531 2321 935 2379 adversarius
966 2318 1024 2394 ¹)
1050 2338 1069 2395 3
1112 2322 1219 2394 qui
1252 2317 1511 2394 quidem
1547 2322 1609 2379 in
1645 2322 1893 2379 damnis
1923 2322 2331 2398 restituendis
2358 2324 2535 2382 velut
2568 2329 2663 2381 est
2701 2323 2955 2380 infimus
2983 2321 3244 2392 gradus.

429 2415 477 2474 A
525 2436 656 2493 quo
689 2423 747 2481 2)
777 2422 1062 2493 proxime
1089 2423 1266 2479 abest
1302 2436 1530 2480 eorum
1564 2416 1878 2486 officium,
1920 2422 2030 2494 qui
2062 2438 2137 2480 ex
2164 2424 2305 2494 lege
2347 2430 2652 2482 tenentur
2680 2424 2760 2480 ad
2792 2424 3029 2479 damna
3055 2435 3250 2494 prae-

427 2520 655 2577 standa
674 2566 690 2591 ‚
717 2521 824 2592 qui
853 2520 1111 2592 quidem
1135 2527 1249 2578 aut
1277 2528 1523 2579 tantam
1555 2522 1893 2594 pecuniam
1923 2523 2200 2582 reddere
2225 2525 2322 2582 vel
2358 2524 2658 2582 omittere
2682 2537 2945 2582 necesse
2966 2520 3207 2579 habent
3225 2561 3245 2588 ‚

429 2623 737 2688 quantam
789 2616 878 2674 rei
921 2617 1273 2675 tradendae
1326 2619 1830 2690 praestandaeve
1869 2618 2131 2676 nomine
2172 2616 2276 2676 vel
2311 2620 2677 2692 acceperint
2699 2663 2715 2694 ‚
2748 2620 2849 2677 vel
2885 2625 3105 2690 petere
3134 2632 3253 2689 po-

427 2716 670 2774 tuerint
690 2712 756 2789 2),
788 2724 902 2775 aut
931 2718 1013 2774 ad
1042 2733 1261 2776 veram
1285 2719 1379 2777 rei
1404 2718 1913 2779 aestimationem
1949 2721 2401 2793 praestandam
2440 2720 2808 2791 obligantur
2831 2715 2900 2791 ⁸),
2932 2718 3050 2776 nisi
3078 2717 3251 2775 forte

428 2820 544 2869 aut
570 2812 882 2871 minorem
931 2815 1026 2871 lex
1060 2815 1386 2873 constituit
1415 2811 1923 2875 aestimationem
1947 2812 2023 2891 ⁴),
2051 2824 2164 2874 aut
2191 2816 2503 2891 majorem
2528 2817 2828 2890 imposuit
2855 2815 3252 2874 debitoribus

430 2905 925 2980 praestationem
939 2909 1014 2984 ⁵).
1045 2911 1102 2986 δ)
1145 2912 1233 2970 Ad
1258 2915 1515 2985 plenam
1539 2920 1758 2971 autem
1785 2915 2171 2972 damnorum
2195 2913 2664 2972 restitutionem
2684 2954 2700 2981 ‚
2737 2913 2801 2970 in
2836 2927 2963 2985 qua
2987 2912 3251 2984 quidem

426 3005 565 3078 ejus
588 3049 605 3076 ‚
640 3008 815 3079 quod
840 3009 1105 3067 interest
1127 3009 1176 3083 (S
1199 3007 1391 3084 560.)‚
1426 3009 1592 3068 ratio
1618 3010 1895 3068 habetur
1915 3053 1931 3081 ‚
1965 2997 2231 3084 propius
2257 3012 2576 3070 accedunt
2598 3010 3017 3082 obligationes
3036 3054 3052 3079 ‚
3080 3021 3253 3083 quae

427 3115 632 3161 noxae
661 3104 875 3163 dando
904 3104 1252 3178 implentur
1282 3105 1356 3180 ⁶).
1382 3103 1439 3175 4)
1484 3101 1707 3166 Damni
1756 3122 1914 3166 vero
1941 3113 2061 3165 aut
2112 3107 2304 3179 dole,
2352 3114 2464 3165 aut
2497 3109 2721 3180 culpa,
2764 3106 3050 3180 quamvis
3090 3105 3253 3176 levi,

429 3330 639 3386 tei-pret.
662 3329 911 3387 Dispunct.
952 3327 1034 3376 27.
1076 3331 1208 3387 (Otto
1251 3330 1359 3379 thes
1379 3334 1458 3380 111.
1483 3344 1532 3390 p.
1554 3327 1648 3378 763
1669 3332 1797 3389 sqq.)
1924 3332 2004 3391 15)
2038 3335 2093 3380 J.
2115 3331 2373 3380 Averam'i
2395 3333 2651 3389 interpret.
2683 3331 2781 3387 jur.
2809 3333 2916 3380 Lib.
2938 3333 2995 3379 11.
3026 3343 3135 3389 cap.
3164 3327 3253 3377 26-

426 3389 624 3446 [Similis
676 3395 884 3450 quedam
940 3387 1326 3448 αντανακλάσεως
1363 3397 1545 3454 species
1566 3427 1582 3451 ,
1638 3400 1692 3440 ut
1745 3395 1797 3440 in
1863 3396 1943 3443 Nr.
1988 3394 2049 3442 17
2088 3406 2196 3455 sqq.
2222 3420 2282 3428 —
2307 3396 2547 3442 Giinther
2578 3397 2609 3441 Ι.
2653 3396 2687 3441 Ι.
2722 3397 2747 3451 3
2769 3394 2882 3442 556.
2906 3421 2951 3430 -
2987 3394 3099 3441 Sed.
3144 3394 3250 3440 vid.

426 3456 533 3500 loco
555 3459 721 3501 nostro
743 3462 815 3501 est
840 3467 926 3502 vox
948 3465 1208 3521 repetere,
1233 3459 1640 3518 deprehendimus
1667 3459 1721 3505 L.
1745 3455 1795 3504 5.
1863 3459 1914 3505 L.
1938 3457 2018 3505 78.
2041 3462 2067 3516 s
2087 3460 2138 3504 3.
2161 3461 2216 3506 D.
2235 3457 2302 3503 de
2322 3461 2491 3506 contr.
2519 3457 2641 3504 emt.
2666 3458 2725 3514 (u
2741 3460 3020 3516 Prummu,
3038 3468 3167 3514 quae
3189 3457 3250 3502 in

423 3516 450 3570 S
470 3514 515 3562 l.
539 3518 592 3563 D.
615 3518 684 3564 de
706 3519 848 3566 adm.
892 3521 992 3568 tut.
1019 3534 1029 3564 :
1063 3528 1384 3580 «cessantque
1404 3526 1565 3580 partes
1586 3532 1754 3567 eorum
1779 3552 1795 3580 ‚
1861 3519 2026 3568 herbis
2057 3527 2224 3580 erant,
2247 3532 2358 3566 cum
2382 3522 2708 3576 vendidisses,
2739 3522 2905 3567 dixisti
2925 3556 2939 3576 ,
2962 3527 3038 3577 te,
3062 3520 3102 3564 si
3124 3521 3254 3577 quid

425 3579 508 3636 qui
530 3582 685 3627 solent
703 3586 946 3630 cessantes
966 3595 1138 3642 cogere
1160 3586 1519 3629 administrare.
1541 3582 1588 3640 n]
1858 3585 1904 3628 vi
1926 3590 2013 3630 aut
2049 3586 2337 3642 tempestate
2374 3583 2560 3628 factum
2593 3586 2740 3638 esset,
2770 3588 3161 3642 praestaturum;
3184 3593 3253 3628 ea

491 3640 567 3702 11)
600 3645 801 3701 Propter
817 3647 868 3691 1..
892 3644 971 3694 56.
996 3647 1021 3701 S
1045 3649 1090 3694 1.
1119 3648 1171 3691 D.
1196 3646 1264 3692 de
1292 3649 1352 3692 R.
1378 3647 1447 3692 V.
1469 3647 1482 3700 (
1507 3646 1564 3692 Vl
1583 3679 1598 3702 ‚
1621 3646 1667 3690 1.
1689 3645 1705 3701 )
1731 3668 1795 3680 —
1860 3646 2105 3692 frumenta
2129 3648 2263 3692 nives
2285 3652 2632 3701 corruperunt:
2658 3645 2707 3691 si
2723 3645 3105 3694 immoderatae
3119 3642 3259 3697 fue-

426 3705 480 3750 1..
497 3705 545 3750 3.
565 3710 591 3762 g
610 3704 658 3753 4.
686 3709 738 3753 1..
765 3705 842 3753 18.
867 3721 942 3766 pr.
964 3711 1016 3754 D.
1040 3708 1296 3756 commod.
1322 3709 1461 3766 (xiil,
1483 3705 1551 3762 6.)
1568 3709 1693 3754 -Ι,.
1717 3710 1796 3755 11.
1863 3713 1996 3755 runt
2017 3709 2072 3755 ee
2090 3711 2279 3756 contra
2297 3709 2742 3755 consuetudinem
2764 3707 3127 3768 tempestatis,
3161 3707 3258 3766 αςὶ

425 3767 451 3820 S
476 3768 521 3813 1.
549 3772 602 3816 D.
624 3769 721 3818 loc.
746 3770 884 3830 (xlx,
910 3771 978 3828 2.)
996 3796 1054 3805 -
1076 3772 1127 3818 L.
1158 3771 1200 3817 l.
1221 3773 1246 3827 5
1267 3768 1314 3817 4.
1337 3772 1386 3816 in
1412 3771 1448 3816 t‘.
1474 3769 1543 3815 de
1566 3772 1624 3816 0.
1649 3771 1703 3816 ee
1727 3774 1796 3819 A.
1863 3773 2030 3819 tecum
2053 3784 2125 3818 ex
2141 3775 2277 3817 emto
2297 3770 2511 3826 poterit.
2527 3785 2551 3813 υ
2576 3773 2663 3827 )-
2681 3769 2975 3818 Schoeman
2998 3769 3253 3816 Schadeu-

425 3831 603 3891 (xuv,
624 3829 692 3891 7.)
710 3857 764 3866 -
792 3834 843 3878 L.
865 3833 947 3881 82.
971 3834 998 3889 S
1020 3833 1065 3878 1.
1085 3835 1138 3879 D.
1161 3833 1227 3879 de
1247 3835 1313 3880 V.
1339 3833 1397 3878 Ο.
1425 3837 1438 3881 ί
1463 3833 1580 3878 XLV
1602 3866 1617 3890 ‚
1636 3834 1713 3891 1.)
1736 3858 1799 3868 —-
1860 3840 2047 3881 sersatz
2071 3836 2155 3881 Bd.
2181 3835 2239 3880 ll.
2263 3846 2310 3892 p.
2336 3830 2417 3879 68.

424 3892 499 3938 Cf.
525 3899 573 3941 et
594 3897 648 3942 J.
671 3898 738 3943 A.
760 3894 1052 3946 Reiclaardt
1092 3897 1144 3942 D.
1175 3896 1234 3940 de
1254 3907 1368 3942 casu
1388 3894 1538 3951 oblig.
1574 3898 1795 3944 tollente.

425 3954 555 4002 Part.
580 3959 617 4004 1.
642 3959 767 4015 (sen.
794 3956 936 4007 1767.
952 3956 1021 4015 4.)
1035 3959 1060 4013 s
1076 3955 1106 4004 5
1124 3982 1177 3991 -
1195 3956 1273 4005 ιο.
2455 3929 2483 3984 S
2516 3926 2627 3976 ⁵⁶³·

487 4015 567 4076 12)
582 4020 632 4067 L.
656 4022 703 4067 1.
725 4018 850 4076 555.
881 4024 936 4069 D.
969 4019 1210 4076 depositi.
1228 4020 1370 4079 (xvi,
1393 4020 1463 4078 3.)
1485 4044 1539 4053 -
1562 4019 1617 4065 L.
1634 4016 1715 4065 59.
1742 4021 1797 4068 D.
1928 4019 1977 4077 1)
2010 4021 2063 4066 1..
2086 4018 2135 4065 5.
2160 4021 2186 4075 s
2208 4017 2258 4067 ⁴.
2280 4019 2418 4067 D.de
2440 4025 2610 4079 neqve.
2628 4019 2763 4080 qest.
2786 4017 2898 4076 (111,
2920 4016 2989 4078 5.)
3013 4020 3144 4066 —L.
3164 4020 3255 4071 3⁴.

423 4081 681 4129 mandati.
705 4083 870 4146 (xvn‚
890 4086 958 4142 1.)
974 4084 1099 4130 -Ι..
1123 4081 1172 4130 9.
1198 4084 1223 4138 S
1244 4083 1292 4130 2.
1314 4084 1367 4130 D.
1385 4082 1600 4132 loa—L.
1628 4079 1678 4129 5.
1701 4085 1728 4139 s
1750 4083 1800 4132 3.
1865 4093 1942 4141 pr.
1964 4084 2018 4129 D.
2042 4082 2112 4128 de
2134 4083 2324 4129 minor.
2353 4087 2367 4138 t
2391 4084 2473 4141 tv,
2498 4081 2545 4129 ⁴.
2562 4085 2648 4140 )—
2671 4084 2724 4129 1..
2747 4079 2826 4127 25.
2852 4083 2878 4137 ς
2901 4083 2978 4128 11.
3003 4082 3059 4126 D.
3082 4083 3155 4129 de
3175 4088 3254 4132 Η.

425 4143 480 4188 D.
501 4145 757 4192 commod.
1866 4146 1930 4193 P.
1955 4145 2014 4202 (V
2033 4179 2048 4202 ‚
2071 4145 2149 4203 3.)
2174 4169 2231 4177 -
2257 4146 2308 4190 L.
2331 4146 2381 4191 3.
2408 4147 2462 4190 D.
2488 4146 2554 4193 de
2574 4145 2734 4193 cond.
2759 4143 2875 4192 ind.
2897 4144 3012 4200 (xit
3032 4178 3049 4198 ..
3068 4142 3148 4202 6.)
3182 4172 3256 4187 .-

488 4206 565 4264 13)
599 4208 692 4262 §3-
717 4209 753 4254 1.
773 4207 975 4256 deemt.
1000 4213 1058 4257 et
1076 4210 1233 4257 vend.
1257 4208 1342 4265 (cf.
1364 4209 1418 4254 1..
1440 4205 1520 4254 14.
1545 4218 1620 4266 pr.
1651 4207 1706 4253 D.
1726 4205 1797 4252 de
1860 4207 1914 4254 1..
1936 4205 1985 4254 5.
2013 4208 2064 4254 in
2088 4207 2124 4253 t'.
2152 4209 2204 4255 L.
2227 4205 2277 4252 6.
2304 4209 2359 4253 D.
2379 4207 2446 4255 de
2469 4208 2523 4255 in
2536 4219 2832 4255 remverso.
2849 4207 3176 4265 (xv‚5.)—1..
3195 4206 3253 4256 4.

421 4265 555 4321 fure.
580 4272 756 4326 XLVH.
778 4269 931 4328 2.).-
953 4273 1004 4318 1..
1033 4269 1113 4318 55.
1140 4284 1213 4330 pr.
1240 4274 1292 4318 D.
1323 4271 1420 4319 loc.
1446 4270 1527 4325 (cf.
1551 4271 1577 4324 S
1598 4268 1648 4317 5.
1670 4272 1707 4315 l.
1729 4268 1799 4316 de
1860 4275 1910 4316 et
1938 4268 2011 4318 ¹6.
2037 4272 2092 4318 D.
2117 4272 2185 4318 de
2203 4268 2272 4317 υἱ.
2294 4269 2475 4330 (ΧΙΛΙΙ,
2495 4267 2594 4328 16.)

424 4333 521 4378 loc.
547 4334 604 4378 et
617 4333 1171 4389 cond.).—Sclioeman
1191 4334 1380 4380 Handb.
1405 4335 1490 4380 des
1511 4331 1798 4380 Civilrechts
1924 4332 1973 4391 2)
2008 4336 2059 4380 1..
2082 4335 2161 4379 13.
2185 4334 2210 4387 S
2231 4333 2276 4377 1.
2302 4333 2358 4378 D.
2376 4332 2445 4379 de
2465 4346 2517 4379 a.
2544 4344 2592 4380 e.
2616 4346 2667 4380 v.
2704 4333 2875 4389 (ΧΙΧ,
2898 4330 2945 4379 1.
2972 4333 3073 4390 )-
3091 4332 3146 4381 1..
3165 4332 3253 4382 19.

426 4393 483 4441 ll.
508 4406 557 4452 p.
581 4393 675 4442 267
698 4420 756 4429 -
775 4391 959 4442 283.-
977 4399 1196 4444 Gensler
1215 4397 1386 4443 Archiv
1429 4398 1467 4455 1,
1502 4394 1581 4441 30.
1617 4407 1666 4454 p.
1703 4391 1799 4443 418
1861 4396 1887 4450 S
1922 4396 1967 4441 1.
1994 4398 2041 4442 in
2078 4396 2115 4442 f.
2137 4398 2189 4442 L.
2210 4392 2295 4441 55.
2318 4395 2367 4440 iu
2393 4395 2430 4441 t'.
2458 4397 2509 4442 D.
2532 4396 2631 4442 loc.
2655 4396 2796 4453 (xlx,
2817 4392 2887 4450 2.)

423 4460 1021 4578 ’ςῗῖνιῗξῖῗξηιῑὶὲαιῖἷο
1037 4460 1189 4569 {¹3¹¹}ss
1206 4458 1327 4570 ὃιιὲῗ]
1355 4519 1434 4568 16.
1457 4542 1517 4554 --
1541 4520 1617 4566 cr.
1662 4522 1799 4569 Luat.
1864 4520 1891 4574 s
1908 4456 1980 4568 ξ)
2001 4461 2123 4570 ιζ’ἓζ
2136 4471 2194 4568 ὅ]
2211 4455 2576 4567 ἕὲιῑὲὶιῖ.1ῗέ·ἑῡῗ
2588 4456 2971 4578 '(i¹1){off51‘‚ei⁷.').¹'
2993 4481 3056 4490 —
3076 4459 3132 4505 ι’
3165 4456 3253 4506 25.

423 4580 691 4631 menkenii
706 4583 850 4642 (resp.
876 4583 1164 4643 Hoepfner}
1180 4586 1232 4630 D.
1249 4588 1310 4632 de
1327 4583 1647 4632 conventione
1668 4585 1799 4631 circa
1930 4582 1976 4642 4)
2010 4587 2065 4642 Ι..
2085 4585 2133 4633 2.
2157 4587 2183 4642 S
2203 4580 2251 4630 4.
2277 4582 2330 4628 L.
2349 4579 2399 4629 4.
2421 4584 2447 4638 S
2463 4584 2511 4631 2.
2552 4586 2607 4631 D.
2626 4582 2694 4631 de
2712 4584 2768 4629 L.
2794 4579 2962 4627 Mod.
2994 4580 3253 4638 dejactu.

422 4655 566 4693 casus
588 4644 902 4701 praestandos
926 4650 1172 4694 fortuitos.
1199 4648 1346 4707 (Lips.
1371 4642 1512 4692 1095.
1531 4643 1600 4702 4.)
1623 4647 1646 4701 S
1670 4644 1803 4680 ‘V—
1873 4650 2014 4707 (ΧΝ,
2032 4649 2104 4705 2.)

422 4706 505 4758 25.
525 4732 580 4741 —
606 4710 661 4754 J.
686 4711 743 4756 F.
773 4712 852 4757 W
851 4710 944 4757 αΙιΙ
963 4713 1040 4757 Pr.
1078 4712 1198 4768 quid
1239 4712 1431 4769 proprie
1456 4709 1504 4754 in
1528 4709 1804 4766 receptione
1930 4710 1979 4769 5)
2014 4712 2154 4757 Velut
2176 4709 2228 4756 L.
2252 4708 2299 4754 1.
2324 4718 2400 4766 pr.
2425 4710 2478 4755 D.
2501 4709 2569 4756 de
2589 4707 2687 4771 Ιιίε,
2712 4703 2810 4764 qui
2833 4703 3005 4762 effud.
3048 4707 3141 4754 vel
3163 4707 3259 4757 de·

427 4781 633 4817 casuum
655 4771 967 4819 fortuitorum
991 4774 1189 4831 paetitia
1210 4774 1514 4832 probandum
1535 4774 1616 4818 sit.
1639 4771 1803 4820 Goett.
1856 4776 1967 4831 jec.
2008 4772 2097 4830 (lx
2115 4808 2131 4832 ‚
2153 4773 2231 4829 3.)
2256 4796 2312 4804 -
2334 4772 2385 4816 L.
2411 4770 2456 4817 1.
2478 4774 2505 4828 S
2527 4774 2575 4819 2.
2600 4774 2655 4818 D.
2690 4767 2833 4824 furti
2875 4767 3000 4815 adv.
3025 4773 3254 4818 nautas.

428 4831 570 4880 1752.
594 4829 643 4879 «ί.
671 4858 725 4867 -
752 4835 992 4883 Giinther
1012 4836 1164 4895 princ.
1183 4836 1280 4892 jur.
1308 4836 1443 4883 Rom.
1481 4835 1602 4892 priv.
1624 4834 1804 4883 noviss.
1870 4837 2068 4895 (XLVII⁹
2091 4834 2160 4893 5.)

427 4898 454 4952 S
473 4894 586 4946 2³9.
609 4896 690 4943 Νι.
716 4898 752 4945 l.
1932 4894 1982 4958 6)
2014 4898 2092 4946 Pr.
2120 4901 2155 4944 t.
2172 4896 2240 4944 de
2261 4896 2498 4946 noxalib.
2517 4900 2625 4945 ace.
