3544 5506
968 343 1105 388 ω.
1142 345 1243 388 ιιι.
1283 345 1362 388 οι
1395 346 1764 390 nmmum
1802 347 2297 392 manumetis.
2923 342 3033 400 621

236 449 308 511 iis
333 469 632 527 quoque,
663 454 772 527 qui
802 456 883 514 ad
913 461 1366 515 testamentum
1396 456 1548 517 facti
1584 465 1735 518 sunt
1760 455 1831 530 ει).
1864 457 1925 532 5)
1958 460 2369 521 Liberrimam
2392 461 2588 521 habet
2614 466 3038 528 substituendi

234 549 610 609 facultatem
631 594 647 618 ‚
674 551 798 608 hoc
820 558 1010 623 paeto
1026 595 1045 625 ‚
1069 558 1141 609 ut
1155 558 1221 609 et
1242 552 1356 620 his,
1386 548 1639 626 quijam
1662 551 2045 615 exstiterunt
2065 554 2358 625 heredes,
2381 559 2627 618 directo
2651 562 3038 624 substituere

233 645 432 726 possit
457 642 525 718 ⁹),
555 653 620 703 et
655 646 866 704 liberis
902 648 1332 719 pupillariter‚
1368 645 1656 720 quamvis
1700 651 1818 708 sibi
1854 646 1986 724 ipse
2029 668 2161 711 non
2209 652 2401 712 faciat
2441 645 2893 716 testamentum
2934 656 3031 732 ¹⁰),

232 738 515 817 itemque
548 745 758 804 liberis
775 748 954 804 ultra
986 746 1341 819 pubertatis
1369 764 1601 818 annos,
1637 766 1758 809 nec
1787 753 2035 824 patriae
2063 754 2255 826 ipsius
2282 757 2583 827 potestati
2611 758 2909 830 subjectis
2927 801 2943 828 ‚
2971 757 3034 819 in

232 843 327 901 his
350 845 662 903 duntaxat.
686 846 869 904 bonis
889 888 905 915 ‚
937 863 1106 920 quae
1127 849 1207 906 ab
1237 848 1373 920 ipso
1402 848 1692 921 proiecta
1720 858 1871 908 sunt
1902 848 1981 917 ¹¹).
2016 852 2236 925 Neque
2270 869 2429 913 vero
2451 852 2714 928 simplici
2739 858 3037 916 substitu-

228 942 388 1001 tioni
414 961 452 1002 a
481 942 680 1003 milite
714 944 922 1004 factae
972 948 1164 1005 etiam
1205 948 1370 1006 inest
1405 949 1635 1022 duplex
1657 995 1673 1021 ‚
1718 948 1837 1008 nisi
1865 952 1925 1009 id
1956 952 2046 1011 ita
2086 949 2358 1012 voluisse
2395 955 2658 1013 militem
2700 958 3038 1018 manifesto

230 1047 544 1111 appareat
568 1036 657 1113 ¹²).
691 1042 751 1112 6)
779 1046 990 1101 Potest
1034 1049 1101 1100 et
1130 1043 1210 1100 ad
1252 1050 1537 1118 tempus,
1569 1052 1635 1107 et
1664 1053 1810 1117 post
1839 1054 2126 1120 tempus,
2169 1056 2236 1108 et
2269 1052 2349 1108 ad
2394 1052 2822 1111 conditionem
2861 1054 3038 1113 miles

228 1132 532 1195 heredem
556 1132 890 1196 instituere
914 1134 1004 1213 ¹³),
1035 1146 1100 1197 et
1127 1153 1248 1212 pro
1277 1146 1462 1212 parte
1486 1146 1755 1200 testatus
1790 1143 2107 1202 decedere
2136 1141 2230 1219 ¹⁴),
2262 1152 2328 1204 et
2351 1149 2612 1205 diversis
2640 1146 3038 1210 testamentis

227 1234 500 1295 heredes
518 1237 796 1297 scribere
812 1234 906 1312 ¹⁵),
929 1244 1065 1297 tum
1094 1240 1285 1297 etiam
1311 1243 1505 1299 alium
1522 1243 2173 1318 castrensium,alium
2189 1253 2594 1305 caeterorum
2610 1248 2822 1307 facere
2834 1252 3035 1309 bono-

227 1346 377 1390 rum
395 1332 698 1391 heredem
722 1329 804 1408 ¹⁶).
830 1335 888 1407 7)
908 1337 1118 1393 Cessat
1140 1336 1410 1395 Falcidia
1429 1338 1492 1395 in
1504 1338 1774 1396 militum
1797 1341 2191 1400 testamentis
2208 1338 2299 1416 ⁸⁷),
2327 1342 2760 1418 haecqueipsa
2778 1347 2839 1412 8)
2859 1349 3036 1405 nuda

224 1433 557 1492 testatoris
600 1436 934 1493 voluntate
994 1436 1310 1495 tolluntur
1345 1477 1364 1507 ,
1403 1438 1752 1512 itidemque
1797 1447 2199 1499 renovantur
2243 1437 2330 1515 ¹⁸).
2381 1446 2518 1501 Jam
2559 1459 2717 1503 vero
2765 1447 3035 1505 militum

226 1536 613 1591 testamenta
656 1538 721 1589 et
767 1537 915 1603 post
954 1532 1314 1592 missionem
1359 1528 1528 1593 intra
1578 1535 1726 1593 anni
1785 1536 2059 1608 spatium
2095 1537 2244 1610 ,iure
2294 1534 2550 1597 militari
2595 1543 2849 1613 valent,
2893 1544 3029 1602 scil.

224 1645 453 1690 eorum
475 1671 492 1697 ‚
521 1630 628 1701 qui
644 1630 882 1702 ,iustam
914 1633 1238 1691 consecuti
1264 1639 1415 1689 sunt
1453 1633 1811 1693 missionem
1840 1676 1856 1701 ‚
1877 1635 1916 1694 i.
1940 1650 1999 1694 e.
2029 1637 2128 1693 vel
2158 1635 2490 1694 honestam
2518 1639 2616 1696 vel
2642 1640 2994 1699 causariam
3018 1660 3038 1707 ;

223 1741 377 1784 nam
437 1725 849 1797 ignominiose
894 1726 1298 1786 dimissorum
1323 1730 1535 1786 statim
1563 1729 1866 1787 desinunt
1909 1732 2125 1789 valere
2148 1738 2531 1791 testamenta
2571 1730 2665 1806 19).
2697 1738 3028 1795 Caeterum

223 1825 490 1884 omnino
529 1826 857 1894 omnibus,
907 1827 1016 1899 qui
1046 1829 1110 1884 in
1141 1827 1389 1887 hostico
1440 1845 1488 1887 s.
1537 1830 1601 1886 in
1633 1830 1946 1889 hosticolo
1972 1846 2117 1890 eum
2150 1828 2447 1890 militibus
2485 1840 2631 1892 sunt
2657 1835 2847 1907 ipsius
2883 1832 3031 1895 belli

224 1932 558 1998 tempore,
595 1926 743 1998 jure
773 1924 1029 1983 militari
1056 1922 1277 1985 testari
1322 1927 1693 2001 permissum
1731 1934 1861 1996 est,
1890 1929 1980 1987 sic
2011 1935 2261 2001 tamen,
2289 1937 2395 2001 ut,
2428 1927 2542 1990 nisi
2573 1933 2657 1991 ibi
2684 1935 3033 2010 decedant,
3118 1936 3126 1944 '

223 2027 444 2084 statim
468 2025 533 2083 in
559 2026 810 2084 irritum
841 2028 1078 2086 cadant
1106 2028 1467 2103 hujusmodi
1493 2035 1878 2088 testamenta
1894 2025 1989 2103 ²⁰).

831 2216 857 2289 S
882 2220 1025 2279 688.
1059 2219 1126 2293 2)
1152 2218 1471 2278 Parentum
1495 2217 1650 2276 inter
1678 2215 1875 2277 liberos
1902 2224 2300 2279 testamentum
2325 2216 2426 2297 Γ).

301 2423 650 2478 Parentum
679 2416 852 2479 inter
873 2423 1104 2481 liberos
1136 2436 1300 2481 voco
1330 2427 1818 2487 testamentum,
1860 2435 1990 2493 quo
2024 2434 2156 2478 non
2191 2415 2637 2492 honorantur,
2671 2419 2792 2480 nisi
2825 2424 2933 2497 qui
2964 2424 3029 2482 in

225 2520 582 2580 liberorum
618 2529 767 2580 sunt
797 2538 1071 2583 numero
1101 2523 1453 2592 testatoris,
1480 2537 1838 2594 eorumque
1873 2516 2098 2579 talium
2127 2564 2143 2591 ‚
2177 2521 2286 2594 qui
2323 2523 2404 2579 ab
2438 2522 2739 2581 intestato
2770 2523 3029 2582 fuerant

222 2623 580 2681 successuri
605 2622 666 2690 ¹).
708 2624 779 2681 Et
802 2639 950 2682 cum
978 2621 1108 2700 jam
1146 2624 1393 2697 pridem
1420 2623 1697 2681 licuisset
1728 2621 2138 2695 parentibus,
2180 2627 2510 2693 tamquam
2557 2622 2830 2681 familiae
2867 2624 3030 2681 erci-

222 2719 508 2777 scundae
539 2718 815 2795 arbitris,
843 2720 1010 2778 inter
1036 2722 1266 2778 liberos
1291 2720 1371 2777 ab
1399 2719 1700 2777 intestato
1727 2732 2130 2777 successuros
2146 2715 2521 2776 divisionem
2538 2717 2749 2778 facere
2775 2719 3030 2780 futurae

220 2811 591 2874 hereditatis
605 2810 675 2886 ²),
689 2823 910 2888 postea
928 2817 1119 2889 impp.
1143 2811 1700 2875 constitutionibus
1716 2830 1881 2873 nova
1903 2814 2137 2872 haecce
2154 2815 2421 2872 invaluit
2436 2815 2799 2874 testamenti
2821 2816 3029 2874 minus

217 2907 497 2970 solennis
524 2910 768 2984 species
783 2909 861 2989 ³).
890 2912 1076 2985 CuJus
1096 2954 1111 2980 ,
1143 2927 1292 2971 cum
1322 2912 1497 2968 nulla
1526 2917 1676 2969 ante
1717 2910 2063 2968 constituta
2107 2917 2273 2968 esset
2294 2910 2458 2983 ,iuris
2486 2911 2690 2968 forma
2712 2955 2728 2982 ,
2762 2912 3027 2971 tandem

215 3010 627 3082 iustinianus,
654 3028 692 3069 a
716 3019 1022 3071 consueta
1039 3012 1310 3085 quidem
1345 3015 1880 3069 testamentorum
1907 3009 2110 3067 forma
2136 3011 2442 3068 recedere
2472 3011 2850 3082 parentibus
2878 3026 3024 3083 per-

273 3252 325 3312 8)
347 3255 401 3302 L.
426 3254 508 3304 56.
532 3270 606 3315 pr.
631 3259 682 3304 D.
705 3258 756 3304 Ιι.
778 3261 815 3304 1.
1649 3259 1711 3304 iv
1735 3291 1750 3316 ,
1777 3257 1857 3306 20.
1890 3271 1902 3283 ·
1927 3260 1988 3305 de
2012 3258 2159 3317 ipsius
2186 3262 2349 3304 autem
2370 3258 2614 3317 praecepti
2643 3261 2932 3316 argumento
2953 3259 3027 3301 at-

271 3319 322 3371 9)
352 3321 404 3365 t..
428 3318 478 3365 5.
508 3322 564 3366 1).
588 3319 641 3367 Ιι.
666 3323 704 3367 e.
739 3344 801 3353 —
833 3318 1108 3377 Hoepfner
1125 3321 1398 3370 comment.
1422 3323 1449 3377 S
1468 3319 1582 3369 512.
1656 3333 1753 3379 que
1780 3323 1822 3366 vi
1845 3291 1909 3368 εἶ.
1938 3319 2207 3377 Hoept‘ner
2222 3321 2498 3367 comment.
2539 3322 2565 3375 ς
2601 3317 2712 3366 456.
2748 3344 2809 3353 -
2847 3317 2955 3365 Vid.
2976 3322 3027 3363 et

215 3389 296 3424 nr.
320 3378 371 3426 3.
395 3388 446 3427 et
469 3387 573 3429 not.
597 3381 651 3429 4.
1653 3383 1867 3444 Koem'q
1892 3386 1926 3431 Ι.
1951 3385 1985 3431 Ι.
2010 3385 2036 3439 S
2061 3382 2139 3430 11.

279 3441 358 3497 10)
384 3444 437 3490 1..
465 3446 512 3491 2.
536 3446 562 3499 s
582 3444 627 3489 1.
651 3447 705 3490 n.
729 3447 796 3495 ae
817 3448 889 3494 V.
909 3449 964 3493 et
982 3448 1044 3493 P.
1067 3447 1120 3492 S.
1143 3444 1161 3503 (
1181 3445 1386 3505 xxviii,
1404 3443 1452 3492 6.
1477 3448 1494 3504 )
1530 3471 1588 3480 -
2252 3473 2279 3527 S
2308 3469 2424 3520 688.

211 3500 371 3623 1..¹4¹1›.
387 3503 718 3617 {35:3⁰2ss
751 3573 822 3619 r.
843 3574 901 3620 ee
918 3574 980 3617 P.
1003 3572 1055 3617 s.
1077 3592 1136 3603 -
1160 3571 1212 3616 1..
1237 3567 1285 3616 8.
1310 3569 1361 3616 in
1385 3570 1418 3616 ε.
1446 3569 1589 3619 csta
1713 3569 1771 3626 υ)
1803 3570 1922 3615 nov.
1963 3565 2071 3616 107.
2100 3593 2157 3603 -
2178 3568 2245 3615 H.
2269 3567 2566 3615 schroeaeae·
2600 3567 2661 3613 de
2699 3567 3020 3626 privilegiatis

207 3623 418 3684 impub.
442 3635 497 3677 ee
511 3632 580 3678 al.
602 3633 810 3682 subsm.
833 3659 894 3669 —-
914 3635 964 3680 1..
991 3631 1070 3680 4¹.
1096 3635 1122 3688 ς
1144 3630 1191 3678 4.
1216 3634 1267 3678 [l.
1290 3632 1341 3678 Ιι.
1366 3635 1405 3679 t.
1427 3656 1484 3667 —-
1508 3633 1583 3680 Cf.
1651 3636 1909 3690 parentum
1934 3631 2062 3677 inter
2085 3631 2263 3676 liberos
2294 3630 2709 3689 dispositionibus.
2735 3631 2845 3675 Jen.
2873 3627 3015 3677 1819.

209 3692 266 3737 1..
294 3690 378 3737 28.
407 3695 464 3739 D.
488 3693 604 3740 eod.
1652 3716 1710 3727 —·
1733 3695 1791 3741 J.
1829 3696 1899 3740 Μ.
1923 3694 2092 3741 Buler
2107 3694 2168 3738 ds
2191 3698 2482 3739 testamento
2501 3697 2549 3738 et
2570 3693 2804 3738 divisione
2824 3696 3014 3750 parent.

277 3752 359 3812 12)
405 3756 457 3802 L.
484 3755 532 3803 8.
578 3759 632 3804 C.
672 3758 740 3804 de
762 3757 885 3814 imp.
924 3760 979 3805 ee
1022 3756 1096 3802 al.
1121 3755 1289 3802 subn.
1313 3756 1409 3815 (cf.
1434 3760 1459 3814 s
1482 3755 1594 3807 673.
1660 3755 1753 3802 int.
1786 3756 1873 3803 lib.
1896 3760 2162 3803 comment.
2188 3757 2338 3801 Berol.
2366 3755 2507 3802 1820.
2534 3754 2583 3800 8.

208 3821 320 3861 not.
341 3817 436 3875 6.).
1723 3819 1768 3868 1)
1803 3820 1937 3874 Quod
1958 3820 2173 3878 quidem,
2197 3819 2416 3876 quamvls
2440 3818 2535 3864 buc
2558 3816 2754 3862 trabere
2769 3827 2868 3861 non
2883 3815 3027 3860 liceat

279 3875 363 3931 15)
389 3881 444 3926 1..
471 3878 549 3926 15.
569 3883 597 3938 s
619 3879 665 3929 4.
689 3884 744 3928 L.
767 3879 850 3928 ⁴1.
874 3892 946 3938 pr.
969 3882 1021 3926 D.
1041 3879 1094 3925 Ιι.
1117 3884 1157 3925 t.
1659 3881 1712 3926 1..
1738 3879 1819 3925 26.
1843 3882 1895 3927 C.
1916 3880 2043 3935 fam.
2067 3891 2176 3927 ere.
2200 3877 2431 3938 (unm),
2455 3887 2616 3926 tamen
2633 3884 2681 3924 et
2699 3879 3022 3936 posteriorum

274 3938 358 3998 14)
383 3945 437 3989 t..
455 3942 504 3988 6.
529 3942 607 3989 57.
653 3956 728 4002 pr.
770 3945 824 3989 D.
865 3944 919 3989 12.
942 3946 979 3988 Ι.
1025 3943 1177 3995 (chet
1202 3948 1306 3988 not.
1330 3940 1409 3992 16.
1437 3943 1489 3990 in
1513 3945 1590 4002 L).
1658 3944 1823 3999 legum
1848 3944 2021 3989 rationi
2062 3944 2132 3987 vel
2174 3942 2384 3989 maxime
2427 3947 2809 3988 consentaneum
2845 3946 2936 3985 est.
2962 3961 3022 3974 —-

205 4025 267 4035 -—
287 4003 461 4050 Cessat
480 4007 627 4062 igitur
646 4007 790 4062 etius
813 4006 1138 4052 accrescendi.
1182 4005 1233 4050 1..
1258 4003 1340 4051 37.
1371 4008 1422 4051 υ.
1471 4009 1522 4054 1..
1545 4009 1591 4055 1.
1655 4003 2088 4061 Pufendorfobs.
2114 4005 2174 4058 ll,
2194 4004 2276 4051 50.
2310 4031 2363 4039 -
2389 4006 2592 4050 Dissent.
2617 4000 2911 4049 schroeder
2934 4003 2966 4046 l.
2986 4003 3023 4047 l.

203 4065 265 4110 C.
291 4064 346 4110 Ιι.
373 4071 413 4113 t.
1654 4069 1682 4122 ς
1702 4064 1752 4112 8.
1782 4103 1796 4118 ,
1836 4072 1885 4113 et
1909 4101 1924 4123 .‚
1963 4065 2091 4125 quod
2114 4068 2310 4124 quidem
2333 4066 2395 4113 ad
2418 4066 2732 4123 superstitum
2753 4065 3020 4109 liberorum

283 4125 363 4184 15)
383 4131 437 4175 1..
462 4126 541 4174 19.
563 4141 637 4187 pr.
660 4132 714 4177 D.
738 4130 793 4176 Ιι.
815 4130 995 4176 t.-Cl².
1020 4129 1070 4174 L.
1095 4124 1176 4174 27.
1195 4126 1315 4174 eod.
1657 4136 1861 4186 nepotes
1882 4131 2077 4189 attinet,
2104 4129 2276 4175 Euler
2295 4131 2327 4174 1.
2352 4130 2384 4174 l.
2404 4131 2430 4184 s
2448 4128 2526 4175 28.
2550 4125 2630 4173 29.

274 4188 356 4246 16)
382 4194 436 4238 L.
465 4189 543 4238 17.
566 4194 592 4248 S
612 4193 658 4238 1.
684 4195 740 4239 D.
785 4193 841 4238 L.
876 4193 922 4237 1.
965 4192 1018 4235 C.
1042 4189 1092 4235 Ιι.
1132 4194 1169 4235 t.
1207 4216 1268 4225 —
1303 4191 1492 4238 caeter.
1514 4195 1581 4241 cf.
1710 4192 1757 4246 2)
1794 4192 1845 4238 1..
1868 4190 1949 4237 39.
1974 4193 2000 4246 ς
2022 4193 2067 4237 1.
2091 4196 2139 4235 et
2160 4188 2208 4236 5.
2235 4192 2288 4237 D.
2312 4188 2440 4244 fam.
2466 4189 2654 4237 ercisc.
2681 4190 2758 4245 (x
2784 4222 2799 4243 ,
2836 4187 2883 4233 2.
2910 4188 2928 4241 )
2962 4211 3024 4220 -

206 4251 264 4296 1..
294 4251 372 4299 15.
419 4255 448 4307 S
472 4252 518 4299 1.
556 4256 610 4300 l).
644 4255 698 4300 Ιι.
729 4259 768 4300 Ι.
808 4278 863 4287 -
898 4255 952 4300 L.
972 4251 1051 4299 19.
1091 4255 1117 4307 ς
1142 4252 1189 4298 2.
1216 4254 1270 4298 D.
1313 4253 1382 4299 de
1413 4259 1581 4302 castr.
1649 4253 1702 4299 1..
1724 4252 1806 4299 20.
1831 4254 1922 4310 33.
1946 4255 1997 4299 L.
2021 4252 2102 4299 35.
2125 4252 2359 4299 eod—L·
2388 4250 2465 4299 16.
2491 4255 2544 4300 C.
2567 4250 2684 4298 eod.
2706 4251 2809 4308 (tlt,
2831 4248 2937 4306 36.)
2958 4273 3018 4283 —

199 4324 324 4368 pec.
362 4316 527 4369 (Xle
551 4349 567 4370 ,
612 4315 712 4373 17.)
745 4316 936 4375 (Loehr
973 4314 1146 4362 Archiv
1177 4314 1216 4361 1.
1240 4316 1335 4362 civ.
1379 4317 1456 4362 Pr.
1485 4320 1582 4365 vll.
1652 4316 1704 4361 L.
1742 4314 1823 4362 26.
1848 4315 1964 4362 eod.

203 4387 255 4433 p.
281 4375 401 4424 266.
428 4390 509 4423 nr.
533 4380 554 4423 1
569 4377 620 4434 .).
1709 4379 1759 4434 3)
1778 4379 1885 4423 Jam
1904 4378 2033 4423 enim
2051 4377 2126 4422 lex
2148 4375 2447 4422 Constantini
2464 4374 2537 4432 (1..
2555 4373 2635 4420 26.
2658 4376 2713 4421 C.
2728 4373 2863 4429 ram.
2878 4375 3014 4432 erc.)

267 4441 350 4496 17)
370 4443 427 4488 L.
454 4438 534 4485 17.
554 4441 579 4495 S
600 4439 648 4487 4.
675 4440 726 4486 1..
753 4438 830 4486 18.
855 4452 929 4499 pr.
947 4440 1001 4484 D.
1023 4440 1076 4485 L.
1093 4437 1172 4484 12.
1194 4437 1248 4484 C.
1271 4437 1322 4483 ἡ.
1347 4441 1391 4486 t.
1645 4451 1800 4486 novae
1826 4441 1892 4485 illi
1918 4439 2128 4485 testandi
2155 4440 2258 4484 viae
2282 4450 2337 4483 ac
2360 4439 2537 4484 rationi
2552 4449 2720 4483 ansam
2741 4437 3021 4494 praebuisse

270 4503 348 4561 18)
394 4505 448 4549 L.
491 4501 571 4549 15.
613 4504 639 4557 ς
659 4504 704 4548 1.
750 4504 802 4548 D.
847 4503 899 4550 Ιι.
925 4505 962 4550 t.
1003 4528 1059 4538 --
1094 4500 1345 4549 Auctoris
1388 4503 1575 4549 contin.
1646 4503 1859 4558 videtur,
1878 4503 1990 4547 licet
2012 4503 2296 4562 imperator,
2316 4499 2554 4555 ejusmodi
2574 4504 2829 4557 parentum
2843 4501 3021 4545 volun·

203 4567 461 4613 xxxviii.
489 4577 539 4622 p.
565 4561 832 4610 298-300.
1647 4569 1770 4609 tates
1788 4565 1896 4618 jure
1918 4568 2321 4609 testamentorum
2339 4565 2517 4618 valere,
2534 4563 2748 4607 nondum
2768 4562 3014 4607 statuerit.

265 4627 348 4686 19)
369 4630 398 4684 S
414 4630 466 4674 3.
491 4629 530 4672 i.
568 4627 619 4672 L.
642 4625 723 4672 26.
746 4629 799 4672 D.
823 4626 877 4672 Ιι.
900 4629 1012 4671 1.-
1032 4624 1108 4670 Ci'.
1132 4625 1180 4680 a)
1203 4624 1256 4670 L.
1279 4622 1360 4671 21.
1379 4627 1434 4672 D.
1456 4626 1575 4673 eod.
1640 4626 1838 4672 Planior
1860 4632 1934 4671 est
1954 4624 2202 4672 Theodos.
2222 4625 2281 4669 tl.
2326 4630 2481 4670 const.
2510 4636 2520 4665 ε
2549 4626 2601 4669 L.
2642 4623 2722 4670 21.
2744 4625 2773 4678 ς
2793 4624 2838 4668 1.
2881 4625 2933 4669 C.
2956 4621 3025 4670 de

200 4716 262 4725 —
281 4692 332 4749 b)
371 4693 428 4737 L.
448 4687 532 4736 38.
576 4689 604 4743 S
627 4688 672 4735 1.
715 4691 770 4735 D.
793 4688 912 4735 eod.
945 4711 1005 4721 —
1037 4687 1103 4736 Η.
1128 4688 1183 4734 J.
1211 4690 1269 4732 0.
1292 4687 1498 4748 [toenio
1521 4690 1575 4733 D.
1641 4690 1763 4734 test.
1794 4688 1896 4745 (Vl,
1920 4686 2135 4744 23.)‚cui
2152 4693 2393 4743 postremo
2416 4686 2646 4733 successit
2667 4688 2742 4731 lex
2755 4686 3022 4732 iustiniani

201 4755 441 4813 quamdiu
468 4752 756 4797 valeattest.
782 4746 1291 4798 militare.liai.i780.
1644 4750 1660 4804 (
1685 4755 1790 4796 not.
1815 4751 1872 4805 ·.)
1894 4784 1909 4804 .
1930 4761 1958 4796 e
1979 4761 2072 4808 qua
2098 4750 2295 4795 demum
2317 4749 2554 4804 originem
2575 4760 2679 4793 esse
2703 4750 3021 4807 repetendam

262 4817 342 4874 20)
365 4817 420 4861 L.
442 4816 535 4860 utt.
566 4814 618 4858 D.
644 4813 695 4859 Ιι.
723 4817 826 4859 1.-
846 4815 896 4858 1..
923 4825 1008 4858 un.
1037 4812 1090 4859 D.
1109 4813 1177 4859 de
1205 4812 1260 4860 B.
1281 4814 1343 4858 P.
1364 4822 1435 4858 ex
1455 4812 1575 4858 test.
1644 4810 1824 4858 horum
1846 4812 2283 4872 testamentorum,
2303 4814 2500 4858 censent
2521 4810 2689 4857 Βαίου·
2707 4811 2762 4866 (S
2784 4811 2890 4868 10.)
2909 4811 3021 4857 alii-

199 4879 303 4925 mt‘l.
323 4877 586 4935 (xxxvii,
611 4873 778 4932 13.)-
800 4878 865 4921 De
882 4875 1253 4934 significatione,
1272 4886 1396 4934 quae
1419 4873 1579 4921 lumi-
1646 4887 1761 4933 que.
1787 4886 1910 4933 quos
1932 4875 2015 4921 ille
2038 4874 2277 4922 nominat.
2306 4898 2360 4907 -
2394 4873 2469 4920 Cf.
2487 4873 2677 4922 Vinnii
2698 4877 2783 4921 sel.
2805 4875 2907 4930 Jur.
2929 4884 3017 4930 qu.

196 4943 299 4989 coli
319 4941 476 4988 verbo
513 4937 774 4986 tribuenda
814 4941 877 4984 sit
897 4971 911 4998 ,
935 4938 1035 4987 vid.
1062 4936 1432 4994 Bynkerslwelc
1472 4937 1576 4983 obs.
1650 4937 1714 4997 ll,
1738 4935 1817 4984 17.
