3544 5506
498 327 615 385 628

498 454 781 512 delatum
811 459 908 511 est
928 453 1034 525 jus
1052 448 1126 527 ¹).
1151 456 1226 510 At
1250 468 1405 511 vero
1435 454 1569 511 lieri
1599 454 1791 513 etiam
1818 461 2060 527 potest,
2093 460 2165 512 ut
2195 462 2487 528 tempore
2509 455 2892 513 excludatur
2918 454 3134 529 heres,
3165 471 3302 514 cum

500 565 538 606 a
563 550 957 620 singularum
985 564 1205 607 rerum
1232 549 1571 623 petitione,
1599 552 1774 622 quod
1813 550 2313 623 usucapionibus
2343 551 2416 609 flt
2433 546 2506 625 ²),
2540 548 3220 625 etpraescriptionibus
3238 549 3301 623 ⁸),

498 651 636 701 tum
656 659 695 701 a
718 651 859 703 tota
883 644 1264 715 hereditate,
1282 646 1419 704 scil.
1448 660 1577 704 non
1598 647 1769 704 adita
1791 647 1959 705 intra
1980 647 2136 705 illud
2158 655 2408 720 tempus
2432 646 2811 717 hereditate,
2837 650 3016 720 quod
3050 654 3308 706 testator

497 740 720 799 heredi
741 742 1073 799 constituit
1098 738 1170 814 ⁴).
1208 745 1492 814 itemque
1512 756 1643 800 non
1680 744 1981 801 adeundo
2009 744 2176 800 intra
2210 759 2358 801 eum
2381 743 2726 803 terminum
2749 787 2765 815 ,
2796 759 2994 817 quem
3027 751 3145 802 aut
3179 759 3304 801 ma-

497 837 796 909 gistratus
826 844 1266 906 concesserat,
1293 845 1406 896 aut
1428 840 1525 897 lex
1542 883 1559 912 ‚
1592 838 1775 896 heres
1805 840 2303 909 excludebatur,
2331 842 2541 899 donec
2565 835 2904 898 novissima
2933 855 3057 897 sua
3083 841 3312 898 consti·

496 937 752 995 tutione
773 937 1164 996 Justinianus
1185 944 1391 995 totam
1418 938 1608 1011 hujus
1637 940 1733 996 rei
1763 938 1989 997 faciem
2019 939 2313 999 mutavit.
2359 944 2509 1023 Jam·
2527 954 2683 998 vero
2712 948 2865 997 ante
2890 939 3307 998 justinianum

497 1037 747 1095 nullum
773 1037 874 1095 lex
904 1043 1155 1096 certum
1190 1032 1526 1109 proposuit
1553 1036 1830 1109 spatium
1857 1081 1874 1110 ,
1926 1054 2060 1111 quo
2100 1041 2396 1098 adeunda
2423 1047 2591 1099 esset
2620 1036 2947 1098 hereditas
2970 1083 2987 1111 ‚
3032 1040 3146 1097 sed
3166 1082 3181 1106 ‚
3220 1040 3310 1096 vel

499 1140 641 1212 ipso
685 1146 948 1212 petente
995 1141 1235 1199 herede
1287 1144 1386 1199 vel
1436 1141 1816 1211 urgentibus
1867 1143 2295 1201 creditoribus
2337 1136 2554 1201 aliisve
2578 1185 2596 1217 ‚
2648 1156 2928 1215 quorum
2959 1139 3314 1209 intererat,

497 1243 903 1312 magistratus
930 1241 1323 1298 deliberandi
1348 1248 1598 1314 tempus
1623 1243 1937 1301 concessit
1956 1239 2020 1314 5),
2048 1250 2307 1302 centum
2340 1244 2421 1301 ad
2445 1239 2776 1301 minimum
2798 1241 2934 1300 dies
2958 1241 3309 1309 continens,

499 1350 577 1392 ac
617 1337 867 1408 saepius
909 1335 1137 1410 etiam,
1172 1351 1404 1406 magna
1433 1336 1567 1394 scil.
1607 1352 1683 1394 ex
1733 1350 1968 1404 causa,
2022 1337 2512 1410 producendum
2553 1332 2637 1408 ⁶),
2671 1352 2799 1410 quo
2828 1342 3052 1393 tamen
3086 1336 3311 1393 frustra

501 1436 953 1507 praetermisso
973 1436 1124 1507 jure
1149 1449 1268 1493 suo
1297 1436 1630 1494 excidebat
1654 1432 1848 1494 heres
1876 1431 1947 1510 ⁷).
1979 1443 2066 1494 Ac
2096 1438 2306 1510 primo
2349 1432 2607 1510 quidem
2651 1436 3051 1494 Justinianus
3091 1435 3313 1492 annale

500 1536 897 1593 deliberandi
926 1530 1199 1608 spatium
1229 1530 1586 1607 praestituit
1616 1537 1951 1593 adeundae
1978 1531 2319 1594 hereditati
2344 1576 2361 1605 ‚
2395 1552 2472 1594 ex
2504 1551 2582 1594 eo
2611 1535 3164 1608 computandum,
3194 1548 3312 1606 quo

501 1638 907 1703 compertum
929 1631 1194 1688 haberet
1218 1631 1405 1688 heres
1436 1631 1518 1688 de
1540 1631 1895 1690 hereditate
1920 1632 2034 1688 sibi
2064 1634 2280 1690 delata
2299 1676 2317 1704 ‚
2362 1633 2482 1691 hac
2509 1629 2765 1705 quidem
2794 1632 2896 1700 vi,
2928 1637 3001 1688 ut
3021 1674 3039 1699 ,
3072 1631 3124 1687 si
3157 1631 3312 1689 intra

500 1728 656 1784 illud
696 1734 950 1798 tempus
1002 1728 1186 1784 heres
1229 1728 1607 1797 decederet,
1659 1729 1835 1800 quod
1885 1728 2202 1801 reliquum
2252 1736 2449 1804 esset,
2482 1731 2560 1786 ad
2607 1728 2801 1800 ipsius
2851 1723 3313 1786 transmitteret

503 1823 772 1881 heredes
790 1866 806 1890 ‚
833 1819 931 1880 sin
957 1824 1169 1880 annali
1192 1824 1399 1895 spatio
1423 1825 1698 1882 decurso
1726 1826 2020 1883 nondum
2046 1824 2449 1885 voluntatem
2475 1842 2655 1885 suam
2685 1825 3122 1884 declaraverit
3139 1869 3155 1894 ‚
3187 1825 3311 1896 ipse

503 1934 637 1976 una
683 1933 832 1976 cum
882 1920 1355 1979 successoribus
1403 1921 1485 1977 ab
1537 1920 1894 1979 hereditate
1940 1916 2049 1979 illa
2096 1924 2545 1981 excluderetur
2590 1918 2661 1997 ⁸).
2696 1925 2923 1979 Postea
2964 1936 3129 1978 vero
3167 1920 3315 1977 haee

503 2019 856 2091 imperator
876 2020 1140 2077 sancivit
1160 2016 1211 2091 ⁹)
1238 2035 1255 2076 ε
1287 2020 1342 2092 1)
1366 2020 1481 2096 Qui
1517 2020 1685 2078 intra
1715 2020 1912 2079 trium
1941 2004 2253 2080 mensium
2286 2023 2558 2095 spatium
2579 2063 2595 2089 ‚
2619 2037 2695 2080 ex
2722 2035 2857 2094 quo
2883 2021 3107 2077 delata
3136 2018 3314 2077 ruerit

505 2114 851 2186 hereditas,
868 2106 1002 2192 jnr'i
1023 2135 1142 2178 suo
1162 2121 1514 2190 renuntiat,
1542 2120 1840 2180 omnibus
1857 2122 2278 2181 incommodis
2301 2124 2546 2180 solutus
2571 2128 2691 2195 est,
2718 2114 2869 2178 licet
2891 2115 3309 2178 inventarium

506 2234 635 2277 non
658 2219 1010 2279 confecerit
1055 2221 1152 2289 ιο).
1182 2220 1242 2292 2)
1276 2226 1486 2280 Potest
1514 2223 1707 2279 etiam
1756 2218 1972 2281 statim
2017 2219 2207 2282 heres
2249 2224 2426 2281 adire
2475 2222 2936 2290 hereditatem,
2986 2219 3129 2279 scil.
3180 2233 3309 2278 cum

505 2311 868 2375 inventario
888 2355 907 2385 ‚
948 2331 1159 2391 eoque
1187 2319 1284 2376 vel
1315 2319 1481 2377 intra
1511 2319 1864 2390 nonaginta
1893 2320 2026 2378 dies
2047 2363 2064 2389 ,
2103 2326 2442 2393 postquam
2470 2321 2553 2377 de
2576 2312 2938 2377 hereditate
2957 2317 3079 2375 sibi
3114 2317 3308 2374 delata

1201 341 1353 384 Pus
1390 341 1554 384 suc.
1595 341 1714 383 m.
1756 342 1821 385 V·
1862 342 1940 386 ΠΒ
1976 337 2407 386 flml'tl'l'm
2444 336 2618 385 ml!-

1102 2498 1128 2551 ς
1159 2494 1271 2545 695.

572 2557 617 2615 1)
652 2560 704 2605 1..
730 2571 813 2605 un.
835 2560 860 2613 S
881 2558 924 2605 1.
949 2558 1002 2604 C.
1026 2556 1093 2605 de
1110 2559 1233 2606 cad.
1257 2562 1364 2608 toll.
1388 2562 1485 2621 (Vl.
1508 2557 1703 2617 51.)(cf.
1720 2555 1869 2616 3690.

509 2627 614 2666 not.
638 2619 728 2679 5.).
745 2644 801 2653 -
823 2622 915 2665 hec
936 2624 1179 2667 contraria
1201 2630 1274 2669 est
1296 2627 1411 2671 Νον.
1438 2622 1545 2671 115.
1571 2635 1614 2668 c.
1639 2620 1687 2668 5.
1715 2647 1771 2657 —-
1796 2621 1873 2667 ef.

508 2685 702 2791 Les-533²·
725 2694 815 2787 “pf
863 2679 975 2728 370.
1018 2695 1085 2728 m.
1128 2685 1175 2728 1.
1200 2688 1247 2731 2.
1285 2712 1345 2721 —-
1378 2687 1452 2737 ef.
1475 2692 1524 2731 et
1564 2679 1876 2739 ἰωῇ-33698.

510 2757 574 2791 no
602 2780 614 2792 .
723 2757 770 2790 in
797 2757 819 2789 ·.

574 2810 622 2865 2)
640 2807 786 2865 idque
809 2807 864 2851 fit
885 2818 982 2852 non
1002 2811 1155 2855 solum
1179 2823 1342 2857 rerum
1359 2810 1766 2859 hereditariarnm
1782 2819 1887 2866 pos-

1933 2497 2498 2555 Sclioemanusfflandh.
2524 2496 2786 2543 descirilr.
2813 2495 2873 2541 ll.
2895 2508 2976 2541 nr.
3001 2496 3124 2547 xit.)
3147 2500 3217 2543 et.
3234 2493 3303 2550 qli

1937 2561 2156 2615 assentit,
2192 2572 2363 2607 censor
2397 2557 3003 2617 Heidelbergens.(Jahrh.
3025 2558 3142 2603 anni
3172 2555 3300 2601 18⁰⁸.

1940 2622 2086 2669 ΑΜΒ.
2142 2624 2199 2669 11.
2244 2637 2292 2681 p.
2321 2620 2400 2669 ,84
2454 2624 2565 2680 sq.).
2590 2624 2669 2679 At,
2711 2633 2938 2679 qnamvts
2982 2631 3080 2664 non
3117 2630 3302 2676 negare*-

1945 2688 2039 2732 rim
2065 2718 2080 2743 ‚
2102 2685 2146 2729 id
2172 2688 2243 2732 vel
2271 2689 2477 2731 maxime
2501 2697 2648 2730 curae
2675 2683 2826 2728 fuisse
2854 2682 3120 2739 legislatori
3144 2717 3159 2736 ‚
3181 2688 3230 2725 nt
3249 2682 3299 2725 de

1947 2750 2053 2805 iure
2101 2747 2395 2794 hereditario
2435 2749 2497 2793 ad
2539 2758 2840 2793 successores
2862 2745 3054 2792 heredis
3075 2744 3298 2788 transmit·

1953 2813 2100 2857 tendo
2126 2811 2334 2867 henigne
2351 2812 2588 2869 quaedam
2609 2813 2949 2867 praeciperet,
2990 2813 3136 2850 tamen
3158 2815 3292 2861 prae·

510 2872 743 2924 sessione,
768 2880 889 2926 quas
910 2875 966 2913 ut
986 2881 1099 2916 suas
1119 2873 1250 2918 alius
1274 2877 1524 2931 possidet,
1545 2884 1712 2918 verum
1737 2875 1888 2917 etiam
1955 2875 2081 2932 cepti
2103 2874 2176 2918 sui
2199 2875 2437 2919 rationem
2458 2884 2517 2916 eo
2538 2872 2804 2917 manifesto
2828 2871 2989 2928 posuit
3007 2872 3258 2923 imperator
3274 2900 3288 2921 ,

508 2947 597 2991 pro
611 2933 790 2979 herede
811 2935 1139 2988 usucapiendo
1160 2969 1175 2991 ‚
1199 2947 1311 2981 cum
1336 2939 1375 2982 is
1401 2973 1416 2995 ,
1441 2936 1525 2994 qui
1547 2936 1675 2981 bona
1696 2936 1790 2980 tide
1814 2945 1866 2979 se
1928 2938 2060 2996 quod
2089 2970 2103 2992 ,
2152 2937 2248 2980 sive
2290 2935 2485 2994 petierit
2553 2935 2691 2979 heres
2755 2934 3147 2981 deliberationem
3200 2930 3291 2973 sive

507 2998 753 3044 existimat
772 2994 1247 3053 heredem‚singulas
1266 3010 1341 3044 res
1363 3013 1422 3045 ex
1450 3000 1717 3045 hereditate
1754 3008 1868 3055 pos·
1935 3011 2033 3046 non
2053 3032 2068 3056 ,
2118 2999 2284 3056 utique
2323 3010 2407 3055 per
2448 2997 2591 3042 unius
2629 2997 2748 3043 anni
2794 2998 3011 3054 spatium
3044 2992 3298 3040 deliberare

509 3061 634 3108 sidet
657 3060 710 3104 1..
730 3056 810 3104 503.
837 3059 863 3113 s
881 3057 927 3102 1.
953 3058 1006 3101 D.
1028 3056 1295 3117 densat-p.
1317 3063 1453 3118 (ΧΗ,
1470 3059 1604 3116 5.)-
1626 3062 1676 3106 t..
1700 3060 1787 3104 ult.
1816 3060 1868 3103 D.
1934 3063 2175 3108 videatur.
2235 3062 2346 3106 Jam
2389 3070 2503 3104 vero
2554 3070 2612 3103 ea
2636 3092 2650 3111 ,
2698 3070 2829 3115 qliae
2889 3057 3155 3113 antiquitas
3215 3054 3302 3097 tuit

508 3121 578 3168 de
598 3132 750 3169 usuc.
774 3131 872 3175 pro
891 3118 1003 3165 lter.
1028 3123 1163 3177 (xLl,
1183 3119 1252 3179 5.)
1276 3124 1361 3180 (cf.
1385 3127 1435 3170 1..
1459 3125 1507 3169 2.
1532 3125 1586 3169 C.
1610 3122 1729 3168 eod.
1751 3123 1831 3166 vll
1850 3155 1866 3179 .
1927 3127 2071 3181 spatii
2111 3124 2172 3169 ad
2202 3122 2572 3168 deliberandum
2594 3123 2815 3167 concessi
2839 3123 2931 3176 vis,
2957 3127 3008 3166 ut
3033 3121 3207 3164 man
3231 3117 3306 3162 ills

507 3184 687 3241 29)-
703 3181 1089 3228 Unterlzolzner
1111 3185 1332 3239 Verjahr.
1351 3187 1375 3240 S
1394 3184 1473 3232 28.
1501 3197 1576 3231 nr.
1597 3182 1870 3240 3.-1gitur
1932 3191 2181 3232 transacto
2225 3185 2289 3231 ab
2326 3184 2597 3231 hereditate
2642 3185 2993 3229 excluderetur
3028 3180 3167 3226 heres
3192 3179 3304 3232 (not.

508 3248 587 3301 jus
609 3249 765 3304 ipsum
803 3244 1086 3289 hereditatis
1131 3257 1229 3293 non
1271 3252 1538 3305 acquiritur
1575 3259 1662 3304 pro
1695 3246 1875 3291 herede
1935 3246 1986 3296 7.
2013 3250 2028 3305 )
2048 3284 2063 3302 .
2094 3258 2220 3294 novo
2255 3247 2492 3293 beneficio
2516 3279 2531 3303 ‚
2575 3247 2707 3303 quod
2745 3255 3085 3291 suceessorum
3126 3241 3308 3287 heredis

510 3309 838 3367 usucapiendo
858 3339 873 3359 ,
890 3311 997 3351 scil.
1018 3319 1077 3353 eo
1094 3308 1205 3364 jure
1223 3343 1239 3365 ,
1262 3322 1360 3368 quo
1382 3313 1587 3357 utimur.
1626 3309 1744 3355 Nam
1772 3309 1871 3355 vid.

509 3375 557 3429 a)
578 3372 679 3418 Cic.
705 3372 765 3416 de
788 3371 881 3424 leg.
907 3370 968 3424 ll,
993 3368 1053 3414 19
1072 3382 1243 3429 sqq.—-
1268 3374 1384 3429 Gadi
1407 3376 1519 3418 inst.
1545 3373 1604 3428 ΙΙ,
1623 3368 1686 3417 52
1702 3382 1872 3428 sqq.—

508 3435 583 3480 ct'.
603 3432 857 3480 Auctoris
878 3430 981 3477 obs.
1003 3431 1100 3484 jur.
1124 3445 1250 3479 rom.
1275 3446 1323 3492 p.
1346 3434 1379 3482 6
1399 3460 1456 3468 -
1476 3433 1525 3479 8.
1549 3459 1610 3467 -
1628 3432 1878 3480 Huschke

512 3497 716 3542 Studien
738 3507 787 3551 p.
811 3489 927 3540 237.
950 3500 1052 3540 not.
1078 3494 1157 3540 67.
1187 3519 1241 3528 -
1262 3497 1310 3553 b)
1329 3501 1355 3553 S
1378 3498 1425 3544 9..
1453 3498 1491 3543 1.
1512 3495 1580 3542 de
1601 3498 1661 3542 B.
1686 3498 1749 3542 P.
1775 3496 1876 3552 (cf,

511 3559 563 3605 1..
586 3558 663 3602 11.
686 3569 759 3614 pr.
785 3557 833 3601 iu
856 3555 893 3600 1.
919 3557 972 3600 Ι).
992 3556 1061 3604 de
1080 3559 1149 3604 Η.
1172 3560 1236 3604 Ρ.
1278 3560 1385 3615 (ν,
1425 3560 1514 3616 5.)
1549 3581 1607 3591 -
1641 3557 1878 3617 Βαυὶριυ·

512 3618 747 3666 zeitschr.
767 3620 822 3664 ll.
849 3628 894 3671 p.
916 3615 1010 3664 569
1032 3632 1106 3677 sq.
1130 3624 1180 3665 et
1202 3632 1347 3680 supra
1372 3625 1399 3678 s
1419 3618 1533 3667 019.
1556 3627 1658 3667 not.
1684 3620 1730 3667 1.
1753 3627 1805 3666 et
1824 3623 1872 3667 Β.

516 3683 652 3727 -Ci'.
677 3681 861 3738 supraS
883 3677 993 3726 265.
1019 3689 1124 3727 not.
1145 3680 1197 3729 7.

574 3743 623 3800 5)
654 3743 1120 3801 Praescriptionibus
1142 3745 1463 3793 excluduntur
1480 3748 1532 3791 et
1543 3744 1775 3802 speciales
1789 3743 1877 3789 ad-

512 3818 679 3852 versus
707 3806 955 3852 debitores
993 3804 1318 3854 hereditarios
1349 3810 1584 3860 actiones,
1606 3812 1656 3851 et
1679 3806 1871 3853 heredi·

516 3868 630 3914 tatis
653 3868 847 3925 petitio,
872 3868 978 3913 scil.
992 3868 1224 3916 adversus
1243 3881 1345 3924 eos,
1361 3872 1447 3927 qui
1471 3882 1550 3915 res
1561 3869 1879 3915 hereditarias

511 3932 583 3976 vel
603 3933 1030 3986 usuceperunt‚vel
1054 3943 1139 3988 per
1153 3934 1352 3988 triginta
1371 3945 1524 3979 annos
1539 3930 1873 3990 possederunt.

515 3994 586 4043 (L.
615 3995 663 4039 5.
687 3994 736 4039 in
761 3993 799 4038 tl.
822 3993 875 4037 C.
899 3992 967 4037 de
986 3993 1073 4038 ed.
1115 3998 1178 4040 D.
1204 3995 1376 4041 Hadr.
1402 3996 1510 4042 toll.
1533 3995 1549 4050 (
1571 3994 1652 4044 vt.
1675 3991 1754 4039 55.
1783 3995 1799 4048 )
1827 4018 1879 4028 -

518 4056 570 4101 1..
592 4057 643 4101 3.
663 4055 717 4101 C.
737 4054 808 4100 de
823 4054 1137 4112 praescript.
1161 4057 1224 4103 30
1245 4058 1333 4104 vel
1354 4057 1413 4105 ⁴0
1439 4053 1881 4115 annor.(Vll,59.).

515 4118 841 4175 Atipsnmjus
858 4118 1133 4164 vindicandi
1157 4120 1482 4167 hereditatem
1506 4119 1885 4177 praescriptione

517 4181 719 4225 minime
741 4179 929 4226 tollitur
950 4179 1085 4235 (arg.
1112 4184 1164 4228 t..
1189 4180 1236 4228 8.
1258 4184 1308 4227 C.
1333 4182 1385 4228 Ιι.
1410 4187 1491 4240 tn„
1511 4181 1689 4240 qnippe
1710 4186 1880 4228 contra

516 4254 601 4287 eos
622 4244 769 4288 etiam
791 4242 1114 4290 exercendum
1144 4278 1159 4300 ,
1199 4246 1282 4303 qui
1327 4246 1614 4302 specialibus
1655 4253 1745 4299 pro
1791 4256 1879 4290 sua

520 4316 728 4362 persona
756 4305 931 4349 muniti
951 4315 1049 4349 non
1071 4314 1184 4352 sunt
1205 4307 1658 4353 defensionibus.-
1687 4308 1879 4353 Ualer-

518 4364 743 4413 lae'olzner·
756 4366 1219 4422 Verjahrunssslehre
1232 4370 1290 4415 Τ.
1307 4371 1366 4415 ll.
1385 4372 1411 4425 s
1429 4367 1538 4416 164.
1564 4382 1613 4427 p.
1631 4366 1711 4415 ⁴7.
1727 4371 1810 4416 Nr.
1826 4370 1875 4414 3.

518 4434 568 4473 et
589 4429 616 4481 S
639 4427 745 4476 167.
766 4441 812 4485 p.
834 4426 928 4474 156
944 4439 1016 4484 sq.

1938 3323 2083 3357 causa
2143 3309 2418 3356 introduxit
2476 3308 2593 3365 imp.
2616 3343 2632 3364 ‚
2671 3319 2774 3354 non
2825 3313 2989 3365 potest
3029 3306 3179 3351 videri
3215 3315 3311 3348 esse

1938 3374 2148 3419 sublata.
2170 3372 2257 3418 Cui
2281 3372 2429 3417 etiam
2466 3369 2736 3416 sententiae
2773 3376 2974 3415 nostrae
3016 3369 3137 3424 legis
3169 3366 3309 3412 verbs

1939 3434 2271 3490 suffragantur
2300 3449 2313 3480 ι
2335 3435 2384 3489 1)
2406 3449 2432 3475 tt
2457 3455 2511 3465 -
2533 3432 2577 3479 is
2597 3443 2722 3479 cum
2758 3431 3104 3479 successione
3124 3439 3225 3474 sua
3249 3427 3311 3472 ab

1938 3496 2216 3552 hujusmodi
2234 3496 2471 3543 beneficio
2492 3496 2782 3543 excludatur
2797 3514 2819 3535 ι
2832 3527 2849 3549 ,
2867 3500 2975 3539 tum
2988 3503 3103 3538 vero
3114 3491 3314 3537 mxii-e

1940 3561 1987 3617 2>
2011 3575 2037 3601 u
2054 3571 2152 3617 quo
2172 3560 2418 3616 completo
2441 3589 2458 3613 ‚
2479 3568 2578 3604 nec
2616 3556 2913 3605 lieo-edibus
2941 3558 3062 3611 Qus
3081 3562 3316 3620 regressus

1939 3623 1988 3668 in
2005 3621 2335 3668 hereditatem
2363 3645 2416 3655 -
2439 3619 2717 3666 servabitur
2739 3614 3026 3676 2..-1ieque
3046 3623 3314 3662 conuarne

1939 3684 2208 3730 sententiae
2226 3681 2588 3729 confirmandae
2615 3693 2764 3728 causa
2805 3683 2869 3728 ad
2909 3681 2964 3726 1..
2987 3678 3038 3727 ὅ.
3065 3679 3121 3724 C.
3141 3676 3208 3723 de
3226 3676 3309 3723 ed.

1940 3749 2006 3794 D.
2040 3744 2211 3792 Badr.
2255 3746 2366 3792 toll.
2409 3744 2553 3790 verba
2598 3744 2789 3790 familia
2817 3745 2834 3799 (
2861 3760 2887 3783 ι
2906 3744 3019 3789 Sive
3039 3742 3310 3796 enimpsst.

1939 3810 2116 3855 annale
2151 3813 2341 3866 tempus
2366 3827 2419 3838 --
2442 3829 2502 3839 -
2522 3806 2698 3863 aliquis
2741 3806 2896 3851 fuerit
2936 3807 3120 3851 missus
3141 3818 3168 3844 n
3190 3802 3312 3856 rel.)

1941 3871 2103 3918 licebit
2125 3881 2388 3927 provocare
2411 3882 2425 3929 ς
2448 3869 2628 3926 quippe
2648 3878 2776 3925 quae
2801 3879 2902 3914 non
2924 3870 2991 3914 sd
3011 3863 3312 3913 deliberandi

1947 3934 2181 3992 spatium,
2205 3933 2288 3979 sed
2311 3932 2372 3977 ad
2395 3931 2677 3976 missionum
2701 3936 2897 3988 tempus
2918 3928 3183 3975 refici-em
3200 3927 3308 3972 sint.

1946 4017 2008 4028 ·——
2023 3995 2100 4041 Cf.
2124 3995 2304 4042 Paulli
2321 3998 2444 4040 sent.
2471 4004 2570 4039 rec.
2595 3993 2704 4039 Lib.
2726 3993 2810 4039 ul.
2830 3992 2936 4038 Tit.
2959 3992 3020 4037 V.
3040 3993 3068 4047 s
3091 3987 3169 4036 ¹6.

2007 4055 2055 4110 9)
2092 4057 2141 4103 t..
2167 4058 2257 4102 ult.
2279 4058 2334 4103 C.
2355 4055 2407 4101 Ιι.
2431 4059 2467 4101 t.

2012 4120 2088 4172 10)
2124 4120 2178 4167 L.
2201 4120 2292 4164 ult.
2317 4116 2622 4175 §1.C.h.1.
2650 4116 3158 4161 e—-si—--—
3191 4112 3312 4158 intra

1943 4182 2097 4229 trium
2118 4181 2358 4227 mensium
2375 4180 2585 4237 spatium
2599 4202 2659 4211 —
2679 4202 2738 4211 —
2755 4180 2869 4224 -ei
2893 4177 3168 4232 renuntiet,
3181 4199 3240 4210 ·-
3257 4198 3316 4208 -—

1941 4245 2013 4290 sit
2030 4247 2241 4291 alienus
2262 4242 2332 4289 ab
2373 4239 2676 4297 hnjusnsodi
2716 4239 3042 4287 hereditate.
3061 4263 3122 4274 -—
3145 4240 3162 4295 [
3183 4237 3315 4283 liant

1941 4307 2100 4353 locum
2113 4307 2160 4351 in
2173 4306 2364 4352 literam
2386 4307 2814 4360 interpretaturus,
2829 4303 3173 4360 heredemaui
3194 4302 3318 4367 intra

1942 4371 2093 4416 trium
2117 4370 2358 4414 mensium
2369 4368 2578 4424 spatium
2603 4365 2709 4420 juri
2730 4376 2822 4410 suo
2845 4377 2946 4411 non
2969 4365 3319 4412 ren-daverit

1942 4434 2190 4489 suscipere
2213 4432 2367 4475 teneri
2379 4429 2699 4474 hereditatem
2712 4429 2858 4473 facile
2870 4429 3150 4484 collegeris.
3170 4426 3316 4479 Qun

587 4488 634 4544 ⁴)
666 4492 740 4536 Cf.
760 4493 875 4548 Gajt'
895 4489 1371 4552 inst.11,164⁸qq.—-
1386 4494 1501 4550 Ulp.
1527 4496 1606 4540 Fr.
1626 4493 1772 4552 xxti,
1791 4490 1871 4540 25.
1937 4495 2134 4551 quidem
2146 4495 2434 4539 sementiam
2465 4502 2618 4549 quum
2639 4490 2766 4544 iuris
2785 4491 3193 4546 dispositionibus
3209 4495 3321 4531 ωο-

524 4549 585 4598 27
609 4554 833 4610 sqq.—L.
856 4552 938 4599 72.
960 4553 1012 4596 t).
1039 4555 1093 4599 Ιι.
1114 4557 1150 4601 1.

584 4611 633 4668 5)
668 4616 771 4670 οἱς.
796 4614 1024 4672 (xxvul,
1044 4617 1113 4672 8.)
1128 4616 1333 4673 dejure
1350 4616 1700 4665 deliberandi.

587 4674 635 4731 e)
668 4675 854 4724 1..2.3.
880 4680 928 4724 4.
954 4677 1008 4724 υ.
1036 4678 1089 4726 Ιι.
1111 4684 1150 4725 t.
1174 4682 1401 4738 (xxviii,
1420 4678 1489 4736 8.)

585 4735 635 4792 7)
670 4742 720 4784 ι..
740 4736 821 4784 69.
847 4742 898 4786 n.
925 4738 1243 4799 12.t.(xxix‚
1264 4741 1352 4797 2).
1377 4767 1431 4777 -
1457 4744 1510 4790 ι..
1530 4743 1610 4791 ss.
1632 4745 1660 4799 s
1684 4739 1799 4789 m.
1820 4742 1877 4788 ι).

524 4797 593 4843 de
608 4799 789 4846 liet-ed.
811 4801 975 4848 instit.
1000 4804 1227 4856 (xxviii.
1244 4803 1315 4860 5.)

587 4859 637 4917 8)
671 4862 721 4907 t..
748 4862 824 4908 w.
845 4865 898 4909 C.
918 4863 970 4908 Ιι.
993 4866 1251 4920 t.—Quam
1273 4867 1470 4922 quidem
1491 4871 1644 4927 legem
1666 4876 1764 4912 non
1792 4864 1885 4910 nisi

525 4922 585 4968 «te
598 4926 972 4972 transmissionis
989 4926 1105 4983 jure
1123 4929 1489 4987 intelligendam
1529 4942 1652 4989 esse,
1676 4927 1887 4976 affirmat

1937 4557 2258 4614 trariam‚tum
2272 4567 2385 4601 cuni
2405 4556 2649 4611 iis,quaes
2664 4553 3123 4610 sq.disputsbimus
3131 4551 3320 4597 minime

1933 4623 2307 4665 consentaneam
2324 4616 2563 4676 prioribus
2574 4616 2688 4661 libri
2698 4614 2851 4670 hunius
2865 4613 3318 4666 editionibnsadop·

1937 4685 2126 4726 taverat
2143 4680 2376 4727 Auctor.
2390 4679 2493 4725 vid.
2518 4683 2574 4724 et
2593 4678 2912 4724 Mar'ezollin
2934 4676 3128 4725 Archi.
3143 4672 3318 4721 ciust.

1942 4742 2000 4789 Τ.
2025 4744 2146 4789 vill.
2167 4753 2215 4799 p.
2237 4741 2349 4790 268
2367 4763 2417 4775 --
2437 4738 2564 4788 270.
2582 4738 2670 4784 Nr.
2693 4739 2774 4785 Vl.
2793 4741 2971 4784 Contra
2989 4749 3138 4796 quem
3169 4735 3315 4794 Ephe—

1944 4804 2117 4850 merid.
2141 4804 2348 4862 lii-lang.
2368 4804 2421 4849 T.
2442 4803 2504 4847 ll.
2531 4814 2580 4859 p.
2597 4797 2663 4845 39
2677 4810 2756 4855 sq.
2774 4805 2824 4845 et
2846 4804 2910 4845 A.
2928 4800 2997 4847 de
3019 4801 3314 4857 raam

1946 4878 2126 4913 comm.
2145 4865 2205 4912 ad
2227 4866 2389 4915 1..le
2413 4868 2438 4920 s
2460 4862 2483 4909 1
2498 4857 3315 4916 .c.dejuredeul›.—usrh.18³o.

1950 4928 2121 4976 -vid.
2146 4931 2195 4975 et
2218 4929 2434 4978 Weber
2459 4921 2881 4980 newetsrnhrung
2905 4924 2986 4972 vl.
3003 4925 3032 4979 s
3050 4916 3316 4972 28.-E.G.l
