3544 5506
881 362 1011 405 car.
1050 362 1148 405 ιιι.
1187 362 1264 405 na
1300 362 1472 405 sums
1508 361 1581 406 rr
1617 365 2175 409 rmnrmanotoe
2210 367 2282 409 m·
2318 368 2452 411 usu.
2982 355 3057 414 et

1013 475 1038 548 §
1066 481 1159 539 5⁷.
1191 479 1523 556 Quaedam
1549 479 1628 538 de
1647 484 1787 537 arte
1810 477 2038 536 critica
2055 483 2419 549 praecepta.

298 604 617 664 Dividunt
673 614 893 667 artem
932 609 1215 667 criticam
1271 610 1334 666 in
1372 610 1793 682 superiorem,
1843 613 1917 665 ut
1971 608 2176 675 aiunt,
2231 614 2427 681 atque
2453 609 2839 672 inferiorem.
2870 615 3046 675 Illam

245 708 474 772 vocant,
506 718 665 775 qua
695 704 785 761 de
807 704 1024 778 scripti
1058 710 1324 762 auctore
1355 706 1710 778 quaeritur,
1747 705 1923 761 velut
1945 701 2110 761 sitne
2139 705 2294 761 illud
2326 705 2381 762 ei
2409 704 2839 779 tribuendum,
2868 710 3048 789 cujus

247 795 555 866 praeferat
616 814 901 871 nomen,
955 816 1036 858 an
1085 802 1375 873 spurium
1420 801 1501 858 sit
1539 799 2062 872 subdititiumque
2089 804 2114 856 ?
2163 815 2296 872 quo
2355 802 2548 858 etiam
2599 817 2674 859 ea
2719 804 3057 867 reserenda

246 891 470 951 videtur
497 894 719 968 hujus
763 895 957 952 studii
987 912 1167 971 pars,
1203 911 1370 968 quae
1394 902 1488 954 est
1519 897 1600 953 de
1640 894 2235 969 interpolationibus
2265 896 2635 967 detegendis
2662 900 3050 961 revelandis-

247 1007 346 1063 que
366 990 428 1053 ¹).
480 994 784 1054 Inferior
801 1002 923 1063 est,
950 1012 1115 1068 quae
1133 996 1198 1053 in
1221 996 1611 1069 depravatae
1641 995 1996 1068 scripturae
2032 994 2195 1052 vitiis
2216 989 2578 1066 horumque
2602 1000 3055 1060 emendatione

247 1102 542 1155 versatur.
574 1098 783 1172 Cujus
814 1099 983 1156 duae
1008 1106 1155 1156 sunt
1184 1098 1450 1156 formae.
1483 1100 1640 1167 Una,
1671 1113 1839 1170 quae
1878 1098 2012 1155 sola
2046 1097 2380 1163 librorum,
2413 1104 2526 1154 aut
2551 1113 2744 1156 manu
2766 1109 3057 1162 exarato-

244 1210 364 1253 rum
392 1202 510 1253 aut
540 1198 1020 1270 impressorum
1050 1198 1531 1271 comparatione
1558 1197 1781 1255 nititur
1808 1241 1823 1267 ‚
1851 1196 2093 1256 scilicet
2118 1195 2181 1252 in
2207 1202 2572 1253 contextum
2609 1199 3055 1261 transferendo

244 1292 513 1349 exvariis
530 1293 935 1351 tentionibus
957 1309 1063 1352 eas
1088 1340 1104 1366 ,
1132 1308 1289 1366 quas
1311 1299 1421 1351 aut
1444 1293 1605 1351 liber
1634 1294 2038 1351 authenticus
2060 1334 2078 1367 ‚
2103 1293 2155 1349 si
2174 1291 2312 1364 quis
2343 1298 2475 1367 est,
2498 1294 2860 1366 suppeditat
2888 1343 2904 1371 ,
2945 1304 3058 1356 aut

243 1386 303 1456 is,
324 1403 359 1443 a
381 1404 515 1459 quo
540 1389 791 1461 reliqui
821 1432 839 1459 ,
867 1404 1145 1462 quorum
1178 1388 1722 1462 inspiciendorum
1768 1389 1847 1446 sit
1881 1387 2327 1461 opportunitas
2358 1430 2375 1458 ,
2400 1393 2732 1461 tamquam
2763 1394 3051 1465 exempla

241 1488 528 1561 descripti
557 1496 745 1558 sunt,
772 1497 891 1548 aut
915 1492 995 1548 de
1023 1492 1206 1565 cujus
1228 1491 1456 1564 maj0ri
1491 1492 1614 1550 ssde
1643 1492 1902 1549 aliunde
1922 1497 2102 1548 certo
2133 1496 2406 1549 constat.
2438 1492 2645 1548 Altera
2675 1498 2770 1549 est
2795 1492 3002 1554 forma
3028 1536 3045 1563 ‚

242 1602 393 1659 quae
422 1589 846 1662 conjecturis
876 1591 1145 1648 maxime
1170 1591 1394 1648 nititur
1420 1634 1436 1661 ,
1464 1590 1645 1665 cujus
1669 1591 1889 1648 itidem
1911 1592 2128 1663 plures
2156 1589 2578 1660 distinguendi
2615 1597 2765 1648 sunt
2786 1595 3046 1663 gradus.

240 1688 505 1743 Primus·
555 1692 660 1743 est
682 1728 701 1759 ,
727 1702 766 1743 e
794 1687 1145 1744 lectionum
1167 1688 1351 1761 copia
1396 1693 1586 1764 atque
1608 1689 1920 1745 varietate
1949 1686 2223 1759 optimas
2252 1701 2541 1758 quasque
2569 1686 2800 1758 eligere
2827 1732 2845 1765 ‚
2872 1692 3049 1751 nulla

231 1781 438 1841 habita
462 1785 747 1859 majoris
778 1786 1177 1845 auctoritatis
1210 1802 1288 1844 ac
1314 1787 1458 1844 fidei
1489 1786 1737 1845 ratione
1765 1828 1784 1859 ,
1809 1786 2037 1858 quibus
2081 1785 2247 1842 inter
2275 1790 2525 1843 ceteros
2553 1784 2654 1843 hic
2681 1829 2698 1861 ,
2741 1787 2844 1845 ille
2889 1789 3049 1848 liber

229 1884 524 1941 excellat.
563 1885 752 1959 Quod
775 1890 850 1941 ut
874 1891 1049 1943 recte
1072 1885 1420 1959 judicetur,
1452 1886 1612 1943 haec
1634 1901 1771 1944 esse
1825 1884 2222 1943 observanda
2249 1884 2580 1941 videntur:
2609 1887 2661 1959 1)
2689 1892 2761 1941 ut
2794 1887 3052 1960 reliquis

227 1988 681 2055 anteponatur
716 2000 796 2042 ea
844 1985 1057 2055 lectio,
1111 2001 1303 2059 quae,
1356 1993 1429 2043 ut
1473 1986 1779 2044 orationis
1823 1983 2259 2058 perspicuitati
2300 1982 2512 2050 acrei,
2536 1983 2617 2042 de
2646 2001 2776 2057 qua
2807 1987 3039 2058 agitur,

226 2085 529 2151 naturae,
575 2081 673 2137 ita
707 2086 773 2138 et
817 2083 1098 2139 auctoris
1130 2082 1381 2152 ingenio
1430 2087 1923 2155 temporumque
1964 2079 2193 2137 rationi
2236 2078 2433 2150 magis
2482 2094 2618 2136 esse
2660 2083 3042 2141 conveniens

227 2181 545 2246 appareat
571 2216 589 2238 .
621 2181 767 2232 tum
792 2175 956 2232 vitiis
993 2176 1299 2249 scriptum
1325 2176 1557 2233 eximat
1582 2193 1598 2251 ;
1624 2178 1681 2248 Ξ)
1711 2181 1786 2232 ut
1814 2190 1849 2232 e
1900 2175 2148 2232 duobus
2206 2175 2414 2231 verbis
2440 2221 2456 2248 ,
2501 2189 2777 2246 quorum
2800 2184 3049 2235 utrum-

225 2286 356 2342 que
387 2286 605 2344 aeque
634 2271 718 2328 sit
745 2272 1238 2344 admittendum,
1271 2272 1335 2329 id
1360 2272 1752 2344 potissimum
1784 2269 2132 2342 accipiatur
2153 2312 2171 2345 ‚
2197 2271 2368 2342 quod
2409 2285 2447 2326 a
2481 2272 2803 2328 communi
2849 2279 3047 2345 atque

222 2371 473 2441 vulgari
496 2386 631 2428 usu
658 2370 1011 2444 plurimum
1055 2370 1297 2429 recedit
1318 2367 1382 2436 ²).
1420 2372 1612 2431 Alter
1642 2370 1830 2444 hujus
1861 2369 2305 2443 conjecturalis
2343 2369 2674 2429 doctrinae
2712 2372 2950 2442 gradus
2978 2378 3043 2430 in

224 2468 644 2537 regularum,
678 2481 852 2537 quae
887 2466 969 2523 de
1009 2472 1183 2524 recte
1211 2466 1492 2538 legendis
1530 2466 1858 2525 codicibus
1907 2466 2352 2538 manuscriptis
2396 2473 2868 2539 proponuntur,
2920 2484 3046 2526 usu

215 2567 616 2624 continetur
648 2608 666 2634 ,
701 2572 1027 2639 quatenus
1053 2566 1289 2625 scilicet
1322 2567 1402 2624 ad
1442 2567 1840 2624 emendanda
1868 2564 2175 2623 librorum
2203 2565 2656 2637 impressorum
2693 2566 2843 2624 vitia
2876 2567 3045 2625 adhi-

215 2662 496 2719 bendae
518 2668 685 2721 sunt.
715 2663 901 2738 Quod
928 2662 1188 2734 quidem
1211 2662 1415 2720 critici
1432 2677 1666 2719 munus
1689 2662 1937 2719 duabus
1961 2661 2054 2719 his
2074 2661 2466 2734 potissimum
2492 2664 2679 2720 rebus
2702 2663 2987 2721 cernitur
3020 2681 3036 2722 :

217 2761 469 2825 altera,
502 2774 665 2831 quae
684 2761 751 2816 in
774 2760 1039 2831 singulis
1061 2766 1124 2817 et
1149 2760 1419 2829 syllabis,
1448 2764 1514 2816 et
1537 2758 1770 2833 verbis,
1813 2763 1879 2815 et
1914 2757 2456 2816 enuntiationibus
2494 2765 2641 2831 apte
2680 2775 3043 2831 congruen-

215 2862 466 2930 terque
483 2865 597 2915 aut
629 2858 1093 2930 distinguendis
1113 2864 1226 2916 aut
1249 2858 1734 2932 conjungendis3
1759 2859 1985 2931 altera,
2018 2872 2183 2930 quae
2212 2857 2275 2913 in
2305 2858 2630 2929 siglorum,
2671 2853 3038 2930 geminatio·

218 2971 389 3015 num
434 2953 500 3033 ⁸),
532 2958 947 3032 aliorumque
996 2957 1352 3030 scripturae
1400 2958 1931 3030 compendiorum
1973 2953 2396 3029 explicatione
2439 2958 2730 3016 vertitur.
2788 2961 2922 3035 Qua
2975 2959 3040 3018 in

218 3071 298 3112 re
320 3057 617 3129 inprimis
645 3056 990 3130 interpreti
1019 3057 1374 3115 cavendum
1402 3101 1419 3133 ,
1450 3073 1531 3115 ne
1550 3072 1665 3115 suo
1691 3058 1868 3115 velut
1898 3056 2047 3130 jure
2072 3057 2201 3113 tale
2230 3097 2246 3124 ‚
2278 3057 2430 3128 quid
2459 3057 3040 3129 affingatlibrariis,

215 3169 359 3211 neu
374 3156 634 3214 minime
655 3156 910 3214 usitatis
936 3156 1070 3214 illos
1091 3171 1228 3215 esse
1256 3171 1404 3214 usos
1435 3162 1672 3215 statuat
1713 3155 2035 3214 scribendi
2069 3155 2285 3226 figuris
2314 3198 2330 3226 ,
2364 3155 2478 3214 nisi
2511 3156 2650 3231 ejus
2682 3157 2771 3214 rei
2811 3158 3035 3215 certis·

219 3251 394 3306 sima
415 3252 619 3310 adsint
634 3252 905 3323 vestigia
931 3247 1001 3323 ⁴).
1047 3253 1299 3308 Tertius
1318 3257 1413 3309 est
1432 3252 1689 3322 gradus,
1714 3267 1863 3310 cum
1894 3266 1970 3309 ex
2003 3251 2194 3308 meris
2228 3252 2613 3324 conjecturis
2652 3260 3029 3324 argumenta

223 3343 567 3405 ducuntur.
600 3347 711 3407 Cui
733 3354 810 3404 ut
838 3347 1103 3404 omnino
1122 3349 1299 3406 locus
1329 3346 1767 3423 relinquatur,
1791 3362 2044 3405 necesse
2067 3353 2163 3404 est
2185 3387 2201 3415 ,
2244 3348 2548 3424 primum,
2578 3355 2650 3406 ut
2672 3348 3033 3422 scripturae

235 3444 489 3517 aliquod
529 3448 760 3506 vitium
811 3448 1035 3505 adesse
1076 3444 1143 3523 ³);
1190 3453 1351 3514 tum,
1403 3463 1681 3520 quanam
1732 3463 1809 3506 ex
1860 3462 2051 3506 causa
2098 3446 2252 3504 illud
2294 3448 2655 3519 profectum
2709 3450 2808 3519 sit,
2829 3451 3037 3511 solidis

235 3542 576 3600 rationibus
607 3549 1177 3618 commonstretur;
1211 3543 1466 3611 deinde,
1502 3543 1730 3615 quibus
1752 3543 1957 3600 modis
1993 3541 2128 3601 fieri
2157 3543 2352 3614 possit
2376 3545 2764 3613 emendati0‚
2798 3546 3036 3606 docea-

235 3638 375 3710 tur;
400 3639 677 3712 denique
704 3633 1048 3714 efficiatur,
1073 3645 1168 3707 ut,
1191 3654 1384 3712 quam
1406 3638 1485 3695 sit
1511 3644 1660 3710 apta
1683 3637 2047 3696 emendatio
2073 3637 2403 3709 proposita
2433 3640 2513 3696 ad
2545 3640 2765 3698 vitium
2790 3642 3028 3699 tollen-

238 3727 409 3806 dum,
431 3750 759 3808 quamque
782 3734 1127 3794 conveniat
1154 3740 1219 3793 et
1251 3733 1541 3793 auctoris·
1561 3733 2005 3793 consuetudini
2040 3738 2106 3790 et
2135 3738 2499 3805 temporum
2527 3735 2785 3804 rationi,
2820 3752 3022 3809 appa-

244 3832 381 3883 reat
405 3825 466 3898 6).

241 3951 375 4024 558.
397 3963 453 4017 2.
471 3964 712 4036 Lequm
731 3963 1356 4034 interpretandarum
1373 3979 1489 4020 ars
1508 3963 1884 4034 ratioque.—
1916 3964 1968 4030 a)
2001 3965 2184 4020 Artis·
2228 3963 2440 4019 debis-io
2459 3983 2480 4018 .·
2512 3963 2928 4034 ,qrammatz’ca
2974 3968 3037 4021 et

957 4058 1155 4130 loqica
1181 4059 1611 4129 interpretatio
1638 4061 1831 4129 atque
1855 4057 2186 4128 utriusque
2219 4059 2334 4114 vis.

318 4175 478 4242 Licet
504 4181 715 4245 omnis
743 4180 1193 4257 interpretatio
1220 4180 1285 4242 in
1315 4180 1622 4244 orationis
1663 4186 1949 4242 eruenda
1988 4180 2303 4243 sententia
2330 4189 2635 4256 versetur,
2665 4177 2898 4255 duplex
2928 4191 3032 4244 ta·-

866 4361 896 4414 S
914 4357 995 4407 57.
1677 4372 1791 4420 nes;
1814 4361 1992 4417 quibus
2021 4360 2188 4420 parius
2209 4361 2525 4408 abbreviandi
2557 4373 2702 4409 causa
2735 4363 2921 4411 scribae
2953 4364 3029 4410 usi

300 4414 347 4475 1)
372 4420 477 4469 th.
519 4435 661 4483 supr.
685 4423 714 4478 S
736 4423 816 4469 11.
852 4428 964 4472 not.
988 4420 1126 4470 16.—
1148 4423 1223 4470 Cl’.
1246 4422 1500 4471 Ecklmrd
1518 4423 1554 4468 l.
1577 4422 1613 4469 l.
1676 4435 1779 4469 esse
1797 4423 2034 4469 videntur.
2055 4423 2127 4469 Cf.
2151 4426 2278 4470 Best
2295 4425 2375 4469 l.l.
2396 4435 2441 4470 c.
2458 4425 2538 4468 xv
2562 4437 2665 4484 sqq.
2685 4426 2735 4470 E.
2761 4424 2842 4482 G.]

240 4474 339 4526 Lib.
357 4483 393 4529 1.
414 4497 459 4531 c.
484 4488 562 4534 vl.
1686 4519 1691 4526 .
1727 4483 1778 4542 5)
1795 4486 1947 4540 Quam
1986 4491 2126 4531 caute
2144 4489 2206 4531 sit
2223 4485 2485 4544 agendum,
2500 4499 2560 4532 ne
2582 4494 2764 4534 temere
2782 4489 2844 4533 ad
2863 4486 3036 4533 lectio-

289 4545 339 4602 2)
366 4548 583 4608 Exempl.
652 4547 760 4595 vid.
800 4547 857 4592 in
900 4545 1111 4606 Huqon.
1152 4546 1603 4605 Rechtsgeschichte
1664 4548 1738 4593 nis
1761 4548 2152 4593 emendationem
2188 4549 2504 4606 procedamus
2527 4583 2542 4608 ,
2564 4561 2592 4595 e
2625 4552 2782 4607 specie
2814 4550 3028 4607 quadam

224 4612 273 4659 P·
292 4606 402 4657 394.
424 4612 508 4658 lia.
532 4609 599 4658 23
621 4622 737 4669 sqq.
764 4610 869 4664 (ed.
892 4609 996 4665 xl.)
1664 4611 1840 4667 insigni
1866 4643 1881 4669 ‚
1903 4611 2032 4667 apud
2053 4609 2265 4657 Gellium
2288 4611 2358 4672 (l,
2379 4610 2427 4658 7.
2452 4613 2469 4670 )
2492 4613 2739 4671 proposita
2760 4644 2776 4671 ‚
2816 4611 3022 4669 intelligi

277 4667 326 4729 3)
355 4675 420 4719 De
442 4675 853 4731 geminationum
893 4671 948 4715 in
970 4671 1154 4728 legibus
1172 4671 1491 4718 emendandis
1512 4683 1601 4718 usu
1664 4674 1860 4733 poterit.

222 4730 309 4779 vid.
338 4737 565 4796 inprimis
611 4738 754 4783 Best
784 4737 821 4780 l.
851 4735 885 4778 Ι.
940 4745 985 4780 c.
1020 4735 1078 4780 xl
1118 4746 1225 4792 sqq.
1280 4758 1337 4768 -
1384 4735 1602 4781 Cramer
1722 4733 1771 4793 6)
1796 4736 1874 4791 [V.
1899 4746 1943 4781 c.
1969 4731 2117 4781 1..16.
2143 4735 2196 4781 D.
2219 4736 2287 4783 da
2298 4736 2472 4793 pecul.
2493 4736 2609 4792 (vid.
2632 4733 2886 4784 Auctoris
2910 4734 3017 4781 obs.

220 4791 367 4844 Utine
386 4801 624 4847 kritisebe
646 4796 1058 4856 Bemerkungen3
1083 4796 1133 4843 in
1156 4799 1242 4843 der
1266 4796 1498 4844 zeitschr.
1520 4796 1600 4843 fur
1656 4799 1757 4854 jur.
1779 4800 1834 4845 R.
1857 4809 1902 4843 c.
1926 4797 1962 4841 l.
1982 4798 2007 4852 ς
2028 4793 2078 4842 9.
2099 4810 2147 4856 p.
2170 4799 2269 4857 22.)
2329 4804 2379 4845 et
2412 4800 2465 4846 1..
2488 4797 2597 4847 156.
2617 4801 2643 4855 ς
2666 4800 2713 4846 1.
2749 4800 2802 4844 D.
2820 4796 2888 4845 de
2911 4807 3017 4854 req.

218 4853 377 4909 &ton
405 4864 463 4911 R.
484 4864 565 4909 W.
593 4865 633 4909 l.
661 4863 755 4907 Νι.
782 4860 893 4905 th.
1651 4864 1770 4917 jur.
1803 4861 1880 4918 (v.
1904 4861 2155 4908 Auctoris
2171 4863 2363 4909 Cession
2381 4862 2470 4909 der
2493 4863 2636 4910 Ford.
2661 4861 2856 4909 Rechts.
2891 4861 2916 4915 ς
2938 4854 3017 4904 54.

269 4921 319 4979 4)
338 4922 523 4988 [linus
541 4926 850 4984 frequenter
867 4924 1132 4969 occurrunt
1170 4921 1597 4982 quasigeminatio-
1662 4928 1768 4971 not.
1793 4923 1910 4980 st.).
1936 4921 1988 4968 E.
2015 4922 2095 4973 G.]
